<html lang="en-GB"><head><meta charset="utf-8"><meta http-equiv="X-UA-Compatible" content="IE=edge"><meta http-equiv="Content-Language" content="en"><meta http-equiv="Pragma" content="no-cache"><meta http-equiv="Expires" content="Sat, 01 Jan 2000 09:00:00 GMT"><meta name="viewport" content="width=device-width,initial-scale=1,maximum-scale=1,user-scalable=no"><meta name="theme-color" content="#004e37"><script async="" type="text/plain" src="https://www.googletagmanager.com/gtm.js?id=GTM-MG3XK9" class="optanon-category-C0002 "></script><script>
            window.INITIAL_STATE = {"breadcrumbs":{"catalogue":{"childCategories":[{"id":"105651","name":"Food.com","children":[{"id":"188711","name":"More Card Points ","itemCount":8},{"id":"187918","name":"More Card Exclusives","itemCount":0},{"id":"179549","name":"Meat & Poultry","itemCount":13},{"id":"184367","name":"Fish & Seafood","itemCount":2},{"id":"176738","name":"Fruit & Veg","itemCount":9},{"id":"176739","name":"Fresh","itemCount":20},{"id":"102210","name":"Bakery & Cakes","itemCount":17},{"id":"102705","name":"Food Cupboard","itemCount":22},{"id":"180331","name":"Frozen","itemCount":19},{"id":"103644","name":"Drinks","itemCount":14},{"id":"103120","name":"Beer, Wines & Spirits","itemCount":17},{"id":"102838","name":"Toiletries & Beauty","itemCount":23},{"id":"102063","name":"Household","itemCount":14},{"id":"166274","name":"Home & Garden","itemCount":17},{"id":"103497","name":"Health, Wellbeing & Medicines","itemCount":17},{"id":"177598","name":"Baby & Toddler","itemCount":15},{"id":"166275","name":"Toys & Entertainment","itemCount":12},{"id":"102207","name":"Pet Shop","itemCount":13},{"id":"175652","name":"Free From","itemCount":4},{"id":"182137","name":"World Foods","itemCount":8}]},{"id":"180331","name":"Frozen","children":[{"id":"180396","name":"Ice Cream","itemCount":3},{"id":"180364","name":"Fish & Seafood","itemCount":9},{"id":"180333","name":"Chicken & Meat","itemCount":5},{"id":"185018","name":"Vegetarian & Vegan","itemCount":5},{"id":"185019","name":"Free From","itemCount":5},{"id":"185020","name":"Vegetables & Sides","itemCount":8},{"id":"185021","name":"Chips & Potatoes","itemCount":4},{"id":"185022","name":"Yorkshire Puddings & Sides","itemCount":2},{"id":"185023","name":"Pies","itemCount":2},{"id":"185055","name":"Ready Meals","itemCount":7},{"id":"185069","name":"Party Food","itemCount":0},{"id":"180424","name":"Snacking","itemCount":0},{"id":"180426","name":"Pizza","itemCount":5},{"id":"180425","name":"Garlic Bread","itemCount":0},{"id":"180464","name":"Easy Meal Times","itemCount":6},{"id":"180463","name":"World Foods","itemCount":0},{"id":"186855","name":"McCain Shop - Sponsored","itemCount":9},{"id":"180395","name":"Desserts","itemCount":6},{"id":"180403","name":"Fruit","itemCount":0}]}],"error":null}},"browserWarnings":{"isUnsupportedBrowserAlertOpen":false,"isOfflineAlertOpen":false,"isOffline":false},"cookieDisclaimer":{"userHidDisclaimer":false},"coupons":{"isInfoSectionCollapsed":true},"deliveryPageScribeDocument":{"isFetching":false,"isReceived":false},"feedbackPopup":{"feedbackOptions":[{"value":"","name":"Please choose a category"}],"hasError":false,"isPopupOpened":false,"isFeedbackSent":false},"footer":{"sectionLinks":[{"sectionLink":{"url":"http:\u002F\u002Fwww.morrisons.com\u002F","title":"Our Main Sites"},"links":[{"url":"https:\u002F\u002Fnutmeg.morrisons.com\u002F","title":"Nutmeg"},{"url":"https:\u002F\u002Fmy.morrisons.com\u002Ffoodtoorder\u002F","title":"Food to Order"},{"url":"https:\u002F\u002Fmy.morrisons.com\u002Fmore\u002F","title":"Morrisons More"},{"url":"https:\u002F\u002Fmy.morrisons.com\u002Fblog\u002Fcommunity\u002Fmorrisons-gift-cards\u002F","title":"Morrisons Gift Cards "}]},{"sectionLink":{"url":"http:\u002F\u002Fwww.morrisons-corporate.com\u002F","title":"Corporate"},"links":[{"url":"https:\u002F\u002Fwww.morrisons-corporate.com\u002Fabout-us\u002F","title":"About Us"},{"url":"https:\u002F\u002Fwww.morrisons-corporate.com\u002Fcr\u002F","title":"Corporate Responsibility"},{"url":"https:\u002F\u002Fwww.morrisons-corporate.com\u002Finvestor-centre\u002F","title":"Investor Centre"},{"url":"https:\u002F\u002Fwww.morrisons.jobs\u002F","title":"Jobs"},{"url":"https:\u002F\u002Fwww.morrisons-corporate.com\u002Fglobalassets\u002Fcorporatesite\u002Fcorporate-responsibility\u002Fethical-trading\u002Fmorrisons_mss_2022_interim_proof3.pdf","title":"Modern Slavery Statement"},{"url":"https:\u002F\u002Fwww.morrisons-corporate.com\u002Fglobalassets\u002Fcorporatesite\u002Fhome-page\u002Fcruelty-free---leaping-bunny-1.pdf","title":"Cruelty Free - Leaping Bunny\n"}]},{"sectionLink":{"url":"https:\u002F\u002Fyour.morrisons.com\u002FHelp-and-information\u002F ","title":"Help & Information"},"links":[{"url":"https:\u002F\u002Fwww.morrisons.com\u002Fhelp\u002F","title":"Contact Us"},{"url":"https:\u002F\u002Fmy.morrisons.com\u002Fstorefinder\u002F","title":"Store Finder"},{"url":"https:\u002F\u002Fyour.morrisons.com\u002FHelp-and-information\u002Fstore-services\u002F","title":"Store Services"},{"url":"https:\u002F\u002Fgroceries.morrisons.com\u002Fwebshop\u002Fscontent\u002FcustomerServicesFAQ","title":"FAQs"},{"url":"https:\u002F\u002Fgroceries.morrisons.com\u002Fwebshop\u002Fscontent\u002FcustomerServicesFAQ","title":"Scottish Alcohol Pricing"},{"url":"https:\u002F\u002Fgroceries.morrisons.com\u002Fwebshop\u002Fscontent\u002FcustomerServicesFAQ","title":"Welsh Alcohol Pricing"},{"url":"https:\u002F\u002Fgroceries.morrisons.com\u002Fwebshop\u002F","title":"Keeping Safe Online"},{"url":"https:\u002F\u002Fmy.morrisons.com\u002Fproduct-recall","title":"Product Recalls"}]},{"sectionLink":{"url":"http:\u002F\u002Fgroceries.morrisons.com","title":"Terms"},"links":[{"url":"https:\u002F\u002Fgroceries.morrisons.com\u002Fwebshop\u002Fscontent\u002FtermsOfUse","title":"Terms of Use"},{"url":"https:\u002F\u002Fgroceries.morrisons.com\u002Fwebshop\u002Fscontent\u002FtermsAndConditions","title":"Terms & Conditions"},{"url":"https:\u002F\u002Fmy.morrisons.com\u002Fprivacy-policy","title":"Privacy Policy"},{"url":"https:\u002F\u002Fmy.morrisons.com\u002Fcookie-policy\u002F","title":"Cookie Policy"},{"url":"https:\u002F\u002Fmy.morrisons.com\u002Fweee-regulations\u002F","title":"WEEE Regulations and Battery Recycling"},{"url":"https:\u002F\u002Fmy.morrisons.com\u002Faccessibility\u002F","title":"Accessibility"}]}],"socialLinks":[{"id":"facebook","title":"Morrisons Facebook page","url":"http:\u002F\u002Fwww.facebook.com\u002Fmorrisons"},{"id":"twitter","title":"Morrisons Twitter page","url":"http:\u002F\u002Fwww.twitter.com\u002FMorrisons"},{"id":"instagram","title":"Morrisons Instagram Page","url":"http:\u002F\u002Finstagram.com\u002Fmorrisons"},{"id":"youtube","title":"Morrisons YouTube Channel","url":"http:\u002F\u002Fyoutube.com\u002Fuser\u002Fmorrisons"}],"appLinks":[],"mhraLogo":"\u003Cdiv class=\"cornerBox\"\u003E\u003Cstyle\u003E\n    .ext-logos {\n        height: 0;\n        overflow: visible;\n    }\n\n    .mhra-logo {\n        display: block;\n        float: right;\n        width: 112px;\n        height: 93px;\n        margin-top: -93px;\n        background: transparent url(\u002Fcmscontent\u002Ffhtml_image\u002F207885.png?N49u) 0 0 no-repeat;\n        background-size: 112px 93px;\n    }\n\n    \u002F* mobile small *\u002F\n    .mobileFooter .copyright {\n        float: left;\n        width: 50%;\n        margin-top: 30px;\n    }\n\n    .mobileFooter .ext-logos {\n        height: auto;\n        float: right;\n        padding: 10px;\n        margin-bottom: 40px;\n    }\n\n    .mobileFooter .mhra-logo {\n        margin-top: 0;\n    }\n\n\u003C\u002Fstyle\u003E\n\n\u003Cdiv class=\"ext-logos\"\u003E\n    \u003Ca href=\"\u002Fwebshop\u002FredirectFromWebshop.do?REDIRECT_URL=http%3A%2F%2Fmedicine-seller-register.mhra.gov.uk%2Fsearch-registry%2F307&pageId=8a1a1e0cc8123a2d2bb4f4b9faafdf11&ad=22778%7C1099620%7C%7C\" class=\"mhra-logo\"\u003E\u003C\u002Fa\u003E\n\u003C\u002Fdiv\u003E\u003C\u002Fdiv\u003E","cookieLink":null,"error":null,"pageReloading":false},"header":{"cancelOrderChangesWarning":{"warningVisible":false},"miniTrolley":{"position":0},"multiSearch":{"isEditable":true,"searchTerms":[],"error":null},"postcodeBanner":{"isFetching":false,"isReceived":false,"isHidden":false},"search":{"value":"","searchSuggestions":{}}},"loaders":{"showLoadingMaskSpinner":false},"logosFromScribe":{"error":null,"isFetching":false,"received":true,"headerLogo":{"image":"\u002Fcmscontent\u002Flogo_image\u002F1148350.svg?c4W7","altText":"alternative logo from Scribe","url":"\u002Fwebshop\u002FstartWebshop.do"},"footerLogo":{"image":"\u002Fcmscontent\u002Flogo_image\u002F1148349.svg?c4W6","altText":"alternative footer logo from Scribe","url":"\u002Fwebshop\u002FstartWebshop.do"},"mobileLogo":{"image":"\u002Fcmscontent\u002Flogo_image\u002F1148351.svg?c4W7","altText":"alternative mobile logo from Scribe","url":"\u002Fwebshop\u002FstartWebshop.do"}},"navigation":{"promos":[{"name":"New","type":"new","link":"\u002Fbrowse?filters=new-19999"},{"name":"All offers","type":"other","link":"\u002Fon-offer"},{"name":"Meal deals","type":"other","link":"\u002Fwebshop\u002FdisplayBundles.do?mealDealBundles=true"},{"name":"Bundle offers","type":"other","link":"\u002Fwebshop\u002FdisplayBundles.do"}],"isFetching":false,"subNavigationCategoryTree":[],"subNavCategoryIds":[],"browseShopNavCategoryIds":[],"lastEventType":"mouse"},"notifications":{"messages":[]},"sso":{"topFreeHtml":null,"bottomFreeHtml":null},"staticContent":{},"tagRedirects":{"error":false,"mappings":{"categoriesRules":{"104268":{"targetCategories":[{"id":"176739","name":"Fresh"}],"httpStatusCode":301},"104314":{"targetCategories":[{"id":"176739","name":"Fresh"},{"id":"176771","name":"Soups & Sauces"}],"httpStatusCode":301},"104321":{"targetCategories":[{"id":"176739","name":"Fresh"},{"id":"176771","name":"Soups & Sauces"},{"id":"177543","name":"Pasta Sauces"}],"httpStatusCode":301},"104333":{"targetCategories":[{"id":"176739","name":"Fresh"},{"id":"187310","name":"Pasta"},{"id":"177454","name":"Fresh Pasta & Sauces"}],"httpStatusCode":301},"104335":{"targetCategories":[{"id":"176739","name":"Fresh"},{"id":"187310","name":"Pasta"},{"id":"177454","name":"Fresh Pasta & Sauces"},{"id":"177464","name":"Pasta Sauce"}],"httpStatusCode":301},"104336":{"targetCategories":[{"id":"176739","name":"Fresh"},{"id":"187310","name":"Pasta"},{"id":"177454","name":"Fresh Pasta & Sauces"},{"id":"177463","name":"Gnocchi"}],"httpStatusCode":301},"104337":{"targetCategories":[{"id":"176739","name":"Fresh"},{"id":"187310","name":"Pasta"},{"id":"177454","name":"Fresh Pasta & Sauces"},{"id":"177462","name":"Ravioli & Tortelloni"}],"httpStatusCode":301},"104338":{"targetCategories":[{"id":"176739","name":"Fresh"},{"id":"187310","name":"Pasta"},{"id":"177454","name":"Fresh Pasta & Sauces"},{"id":"177461","name":"Fresh Pasta"}],"httpStatusCode":301},"104394":{"targetCategories":[{"id":"176739","name":"Fresh"},{"id":"176764","name":"Cheese"}],"httpStatusCode":301},"104395":{"targetCategories":[{"id":"176739","name":"Fresh"},{"id":"176764","name":"Cheese"},{"id":"177346","name":"Grated & Sliced"}],"httpStatusCode":301},"104396":{"targetCategories":[{"id":"176739","name":"Fresh"},{"id":"176764","name":"Cheese"},{"id":"177346","name":"Grated & Sliced"},{"id":"177386","name":"Sliced Cheese"}],"httpStatusCode":301},"104397":{"targetCategories":[{"id":"176739","name":"Fresh"},{"id":"176764","name":"Cheese"},{"id":"177346","name":"Grated & Sliced"},{"id":"177385","name":"Grated Cheese"}],"httpStatusCode":301},"104398":{"targetCategories":[{"id":"176739","name":"Fresh"},{"id":"176764","name":"Cheese"},{"id":"177348","name":"Fruit & Flavoured Cheese"}],"httpStatusCode":301},"104402":{"targetCategories":[{"id":"176739","name":"Fresh"},{"id":"176764","name":"Cheese"},{"id":"177353","name":"Cheese Selections"}],"httpStatusCode":301},"104404":{"targetCategories":[{"id":"176739","name":"Fresh"},{"id":"176764","name":"Cheese"},{"id":"177355","name":"Reduced Fat Cheese"}],"httpStatusCode":301},"104410":{"targetCategories":[{"id":"176739","name":"Fresh"},{"id":"176764","name":"Cheese"},{"id":"177347","name":"Regional Cheese"}],"httpStatusCode":301},"104420":{"targetCategories":[{"id":"176739","name":"Fresh"},{"id":"176764","name":"Cheese"},{"id":"177352","name":"Continental & Speciality Cheese"}],"httpStatusCode":301},"104424":{"targetCategories":[{"id":"176739","name":"Fresh"},{"id":"176764","name":"Cheese"},{"id":"177352","name":"Continental & Speciality Cheese"},{"id":"177401","name":"Blue Speciality Cheese"}],"httpStatusCode":301},"104426":{"targetCategories":[{"id":"176739","name":"Fresh"},{"id":"176764","name":"Cheese"},{"id":"177352","name":"Continental & Speciality Cheese"},{"id":"177400","name":"White Speciality Cheese"}],"httpStatusCode":301},"104433":{"targetCategories":[{"id":"176739","name":"Fresh"},{"id":"176764","name":"Cheese"},{"id":"177352","name":"Continental & Speciality Cheese"},{"id":"177405","name":"Feta, Halloumi & Paneer"}],"httpStatusCode":301},"104437":{"targetCategories":[{"id":"176739","name":"Fresh"},{"id":"176764","name":"Cheese"},{"id":"177354","name":"Goats Cheese"}],"httpStatusCode":301},"104440":{"targetCategories":[{"id":"176739","name":"Fresh"},{"id":"176764","name":"Cheese"},{"id":"177351","name":"Cottage & Soft Cheese"}],"httpStatusCode":301},"104441":{"targetCategories":[{"id":"176739","name":"Fresh"},{"id":"176764","name":"Cheese"},{"id":"177351","name":"Cottage & Soft Cheese"},{"id":"177398","name":"Cottage Cheese"}],"httpStatusCode":301},"104442":{"targetCategories":[{"id":"176739","name":"Fresh"},{"id":"176764","name":"Cheese"},{"id":"177351","name":"Cottage & Soft Cheese"},{"id":"177397","name":"Soft Cheese"}],"httpStatusCode":301},"104444":{"targetCategories":[{"id":"176739","name":"Fresh"},{"id":"176764","name":"Cheese"},{"id":"177352","name":"Continental & Speciality Cheese"},{"id":"177404","name":"Mozzarella, Mascarpone & Ricotta"}],"httpStatusCode":301},"104448":{"targetCategories":[{"id":"176739","name":"Fresh"},{"id":"176764","name":"Cheese"},{"id":"177352","name":"Continental & Speciality Cheese"},{"id":"177403","name":"Parmesan, Padano & Pecorino"}],"httpStatusCode":301},"104449":{"targetCategories":[{"id":"176739","name":"Fresh"},{"id":"176764","name":"Cheese"},{"id":"177370","name":"Cheese Snacking"}],"httpStatusCode":301},"104453":{"targetCategories":[{"id":"176739","name":"Fresh"},{"id":"176764","name":"Cheese"},{"id":"177352","name":"Continental & Speciality Cheese"},{"id":"177402","name":"Hard Speciality Cheese"}],"httpStatusCode":301},"104456":{"targetCategories":[{"id":"176739","name":"Fresh"},{"id":"176764","name":"Cheese"},{"id":"177347","name":"Regional Cheese"},{"id":"177389","name":"Wensleydale"}],"httpStatusCode":301},"104460":{"targetCategories":[{"id":"176739","name":"Fresh"},{"id":"176764","name":"Cheese"},{"id":"177347","name":"Regional Cheese"},{"id":"177388","name":"Lancashire & Cheshire"}],"httpStatusCode":301},"104461":{"targetCategories":[{"id":"176739","name":"Fresh"},{"id":"176764","name":"Cheese"},{"id":"177347","name":"Regional Cheese"},{"id":"177387","name":"Gloucester & Red Leicester"}],"httpStatusCode":301},"104462":{"targetCategories":[{"id":"176739","name":"Fresh"},{"id":"176764","name":"Cheese"},{"id":"177345","name":"Cheddar"}],"httpStatusCode":301},"104464":{"targetCategories":[{"id":"176739","name":"Fresh"},{"id":"176764","name":"Cheese"},{"id":"177345","name":"Cheddar"},{"id":"177383","name":"Extra Mature Cheddar & Farmhouse Cheddar"}],"httpStatusCode":301},"104465":{"targetCategories":[{"id":"176739","name":"Fresh"},{"id":"176764","name":"Cheese"},{"id":"177345","name":"Cheddar"},{"id":"177382","name":"Mature Cheddar"}],"httpStatusCode":301},"104466":{"targetCategories":[{"id":"176739","name":"Fresh"},{"id":"176764","name":"Cheese"},{"id":"177345","name":"Cheddar"},{"id":"177381","name":"Medium Cheddar"}],"httpStatusCode":301},"104467":{"targetCategories":[{"id":"176739","name":"Fresh"},{"id":"176764","name":"Cheese"},{"id":"177345","name":"Cheddar"},{"id":"177380","name":"Mild Cheddar"}],"httpStatusCode":301},"104538":{"targetCategories":[{"id":"176739","name":"Fresh"},{"id":"176772","name":"Pies & Quiches"}],"httpStatusCode":301},"104540":{"targetCategories":[{"id":"176739","name":"Fresh"},{"id":"176772","name":"Pies & Quiches"},{"id":"177561","name":"Scotch Eggs"}],"httpStatusCode":301},"104541":{"targetCategories":[{"id":"176739","name":"Fresh"},{"id":"176772","name":"Pies & Quiches"},{"id":"177559","name":"Rolls & Slices"}],"httpStatusCode":301},"104542":{"targetCategories":[{"id":"176739","name":"Fresh"},{"id":"176772","name":"Pies & Quiches"},{"id":"177556","name":"Quiches & Frittatas"}],"httpStatusCode":301},"104543":{"targetCategories":[{"id":"176739","name":"Fresh"},{"id":"176772","name":"Pies & Quiches"},{"id":"177555","name":"Savoury Pies"}],"httpStatusCode":301},"104544":{"targetCategories":[{"id":"176739","name":"Fresh"},{"id":"176772","name":"Pies & Quiches"},{"id":"177555","name":"Savoury Pies"},{"id":"177565","name":"Family Pies"}],"httpStatusCode":301},"104545":{"targetCategories":[{"id":"176739","name":"Fresh"},{"id":"176772","name":"Pies & Quiches"},{"id":"177555","name":"Savoury Pies"},{"id":"177564","name":"Individual Pies"}],"httpStatusCode":301},"104548":{"targetCategories":[{"id":"176739","name":"Fresh"},{"id":"176772","name":"Pies & Quiches"},{"id":"177559","name":"Rolls & Slices"},{"id":"177576","name":"Slices"}],"httpStatusCode":301},"104611":{"targetCategories":[{"id":"179549","name":"Meat & Poultry"},{"id":"179628","name":"Duck, Venison & Game"},{"id":"176752","name":"Duck"}],"httpStatusCode":301},"104634":{"targetCategories":[{"id":"184295","name":"Market Street"},{"id":"176742","name":"Fresh From The Butcher"}],"httpStatusCode":301},"104637":{"targetCategories":[{"id":"184295","name":"Market Street"},{"id":"176742","name":"Fresh From The Butcher"},{"id":"176860","name":"Pork"}],"httpStatusCode":301},"104638":{"targetCategories":[{"id":"184295","name":"Market Street"},{"id":"176742","name":"Fresh From The Butcher"},{"id":"176859","name":"Lamb"}],"httpStatusCode":301},"104695":{"targetCategories":[{"id":"176739","name":"Fresh"},{"id":"176773","name":"Dips, Salads & Fillers"}],"httpStatusCode":301},"104697":{"targetCategories":[{"id":"176739","name":"Fresh"},{"id":"176773","name":"Dips, Salads & Fillers"},{"id":"177585","name":"Couscous Salad"}],"httpStatusCode":301},"104699":{"targetCategories":[{"id":"176739","name":"Fresh"},{"id":"176773","name":"Dips, Salads & Fillers"},{"id":"177584","name":"Potato Salad"}],"httpStatusCode":301},"104700":{"targetCategories":[{"id":"176739","name":"Fresh"},{"id":"176773","name":"Dips, Salads & Fillers"},{"id":"177582","name":"Coleslaw"}],"httpStatusCode":301},"104994":{"targetCategories":[{"id":"176739","name":"Fresh"},{"id":"176763","name":"Milk, Eggs & Butter"},{"id":"177285","name":"Long Life Milk"},{"id":"177294","name":"Long Life Free From Milk"}],"httpStatusCode":301},"104996":{"targetCategories":[{"id":"176739","name":"Fresh"},{"id":"176763","name":"Milk, Eggs & Butter"},{"id":"177285","name":"Long Life Milk"},{"id":"177293","name":"Long Life Skimmed Milk"}],"httpStatusCode":301},"104997":{"targetCategories":[{"id":"176739","name":"Fresh"},{"id":"176763","name":"Milk, Eggs & Butter"},{"id":"177285","name":"Long Life Milk"},{"id":"177292","name":"Long Life Semi Skimmed Milk"}],"httpStatusCode":301},"104998":{"targetCategories":[{"id":"176739","name":"Fresh"},{"id":"176763","name":"Milk, Eggs & Butter"},{"id":"177285","name":"Long Life Milk"},{"id":"177291","name":"Long Life Whole Milk"}],"httpStatusCode":301},"105305":{"targetCategories":[{"id":"176739","name":"Fresh"},{"id":"176770","name":"Cooked Meats"}],"httpStatusCode":301},"105306":{"targetCategories":[{"id":"176739","name":"Fresh"},{"id":"176770","name":"Cooked Meats"},{"id":"177530","name":"Continental Meats & Salami"}],"httpStatusCode":301},"105311":{"targetCategories":[{"id":"176739","name":"Fresh"},{"id":"176770","name":"Cooked Meats"},{"id":"177529","name":"Specialities"}],"httpStatusCode":301},"105312":{"targetCategories":[{"id":"176739","name":"Fresh"},{"id":"176770","name":"Cooked Meats"},{"id":"177527","name":"Meat Snacks"}],"httpStatusCode":301},"105313":{"targetCategories":[{"id":"176739","name":"Fresh"},{"id":"176770","name":"Cooked Meats"},{"id":"177523","name":"Turkey Slices"}],"httpStatusCode":301},"105317":{"targetCategories":[{"id":"176739","name":"Fresh"},{"id":"176770","name":"Cooked Meats"},{"id":"177521","name":"Ham Slices"}],"httpStatusCode":301},"105318":{"targetCategories":[{"id":"176739","name":"Fresh"},{"id":"176770","name":"Cooked Meats"},{"id":"177525","name":"Beef Slices"}],"httpStatusCode":301},"105319":{"targetCategories":[{"id":"176739","name":"Fresh"},{"id":"176770","name":"Cooked Meats"},{"id":"177524","name":"Pork Slices"}],"httpStatusCode":301},"105321":{"targetCategories":[{"id":"176739","name":"Fresh"},{"id":"176763","name":"Milk, Eggs & Butter"}],"httpStatusCode":301},"105375":{"targetCategories":[{"id":"176739","name":"Fresh"},{"id":"177460","name":"Garlic Bread"}],"httpStatusCode":301},"105376":{"targetCategories":[{"id":"176739","name":"Fresh"},{"id":"177460","name":"Garlic Bread"},{"id":"177467","name":"Garlic Doughballs"}],"httpStatusCode":301},"105377":{"targetCategories":[{"id":"176739","name":"Fresh"},{"id":"177460","name":"Garlic Bread"},{"id":"177466","name":"Garlic Baguettes & Ciabattas"}],"httpStatusCode":301},"105378":{"targetCategories":[{"id":"176739","name":"Fresh"},{"id":"177460","name":"Garlic Bread"},{"id":"177465","name":"Garlic Flatbreads"}],"httpStatusCode":301},"105383":{"targetCategories":[{"id":"184295","name":"Market Street"},{"id":"176762","name":"Fresh From The Deli Counter"}],"httpStatusCode":301},"105544":{"targetCategories":[{"id":"176738","name":"Fruit & Veg"},{"id":"176758","name":"Salad & Herbs"}],"httpStatusCode":301},"105546":{"targetCategories":[{"id":"176739","name":"Fresh"},{"id":"176764","name":"Cheese"},{"id":"177352","name":"Continental & Speciality Cheese"},{"id":"177406","name":"Smoked Cheese"}],"httpStatusCode":301},"105652":{"targetCategories":[{"id":"176739","name":"Fresh"},{"id":"176771","name":"Soups & Sauces"},{"id":"177542","name":"Soup"}],"httpStatusCode":301},"105654":{"targetCategories":[{"id":"176739","name":"Fresh"},{"id":"176771","name":"Soups & Sauces"},{"id":"177542","name":"Soup"},{"id":"177548","name":"Vegetable Soup"}],"httpStatusCode":301},"105655":{"targetCategories":[{"id":"176739","name":"Fresh"},{"id":"176771","name":"Soups & Sauces"},{"id":"177542","name":"Soup"},{"id":"177545","name":"Chicken Soup"}],"httpStatusCode":301},"105657":{"targetCategories":[{"id":"176739","name":"Fresh"},{"id":"176771","name":"Soups & Sauces"},{"id":"177542","name":"Soup"},{"id":"177545","name":"Chicken Soup"}],"httpStatusCode":301},"105703":{"targetCategories":[{"id":"176739","name":"Fresh"},{"id":"176770","name":"Cooked Meats"},{"id":"177531","name":"Pate"}],"httpStatusCode":301},"105704":{"targetCategories":[{"id":"176739","name":"Fresh"},{"id":"176770","name":"Cooked Meats"},{"id":"177528","name":"Frankfurters & Smoked Sausage"}],"httpStatusCode":301},"105761":{"targetCategories":[{"id":"176739","name":"Fresh"},{"id":"176763","name":"Milk, Eggs & Butter"},{"id":"177286","name":"Butters, Fats & Spreads"}],"httpStatusCode":301},"105772":{"targetCategories":[{"id":"176739","name":"Fresh"},{"id":"176763","name":"Milk, Eggs & Butter"},{"id":"177288","name":"Eggs"}],"httpStatusCode":301},"105777":{"targetCategories":[{"id":"176739","name":"Fresh"},{"id":"176763","name":"Milk, Eggs & Butter"},{"id":"177287","name":"Cream & Custard"}],"httpStatusCode":301},"105940":{"targetCategories":[{"id":"176739","name":"Fresh"},{"id":"176764","name":"Cheese"},{"id":"177351","name":"Cottage & Soft Cheese"},{"id":"177399","name":"Quark"}],"httpStatusCode":301},"109197":{"targetCategories":[{"id":"176739","name":"Fresh"},{"id":"176771","name":"Soups & Sauces"},{"id":"177544","name":"Sauces"}],"httpStatusCode":301},"113902":{"targetCategories":[{"id":"176738","name":"Fruit & Veg"},{"id":"176757","name":"Fruit"}],"httpStatusCode":301},"113925":{"targetCategories":[{"id":"176738","name":"Fruit & Veg"},{"id":"176756","name":"Vegetables"}],"httpStatusCode":301},"123946":{"targetCategories":[{"id":"176739","name":"Fresh"},{"id":"176764","name":"Cheese"},{"id":"177345","name":"Cheddar"},{"id":"177384","name":"Reduced Fat"}],"httpStatusCode":301},"126209":{"targetCategories":[{"id":"176739","name":"Fresh"},{"id":"176764","name":"Cheese"},{"id":"177370","name":"Cheese Snacking"},{"id":"177393","name":"Cheese Snack Kits"}],"httpStatusCode":301},"126210":{"targetCategories":[{"id":"176739","name":"Fresh"},{"id":"176764","name":"Cheese"},{"id":"177370","name":"Cheese Snacking"},{"id":"177392","name":"Cheese Mini Portions & Nets"}],"httpStatusCode":301},"126211":{"targetCategories":[{"id":"176739","name":"Fresh"},{"id":"176764","name":"Cheese"},{"id":"177370","name":"Cheese Snacking"},{"id":"177391","name":"Cheese Dunkers & Dippers"}],"httpStatusCode":301},"126212":{"targetCategories":[{"id":"176739","name":"Fresh"},{"id":"176764","name":"Cheese"},{"id":"177370","name":"Cheese Snacking"},{"id":"177390","name":"Cheese Strings & Strips"}],"httpStatusCode":301},"126232":{"targetCategories":[{"id":"176739","name":"Fresh"},{"id":"176764","name":"Cheese"},{"id":"177350","name":"Cheese Slices, Spreads & Triangles"}],"httpStatusCode":301},"126233":{"targetCategories":[{"id":"176739","name":"Fresh"},{"id":"176764","name":"Cheese"},{"id":"177350","name":"Cheese Slices, Spreads & Triangles"},{"id":"177396","name":"Cheese Triangles"}],"httpStatusCode":301},"126234":{"targetCategories":[{"id":"176739","name":"Fresh"},{"id":"176764","name":"Cheese"},{"id":"177350","name":"Cheese Slices, Spreads & Triangles"},{"id":"177395","name":"Cheese Spreads"}],"httpStatusCode":301},"126235":{"targetCategories":[{"id":"176739","name":"Fresh"},{"id":"176764","name":"Cheese"},{"id":"177350","name":"Cheese Slices, Spreads & Triangles"},{"id":"177394","name":"Cheese Slices"}],"httpStatusCode":301},"127242":{"targetCategories":[{"id":"176739","name":"Fresh"},{"id":"176767","name":"Pizza"},{"id":"177453","name":"Pizza"}],"httpStatusCode":301},"127243":{"targetCategories":[{"id":"176739","name":"Fresh"},{"id":"176767","name":"Pizza"},{"id":"177453","name":"Pizza"},{"id":"177459","name":"Mini Pizzas"}],"httpStatusCode":301},"127244":{"targetCategories":[{"id":"176739","name":"Fresh"},{"id":"176767","name":"Pizza"},{"id":"177453","name":"Pizza"},{"id":"177458","name":"Stuffed Crust"}],"httpStatusCode":301},"127245":{"targetCategories":[{"id":"176739","name":"Fresh"},{"id":"176767","name":"Pizza"},{"id":"177453","name":"Pizza"},{"id":"177457","name":"Thin & Crispy"}],"httpStatusCode":301},"127246":{"targetCategories":[{"id":"176739","name":"Fresh"},{"id":"176767","name":"Pizza"},{"id":"177453","name":"Pizza"},{"id":"177456","name":"Deep Pan"}],"httpStatusCode":301},"127248":{"targetCategories":[{"id":"176739","name":"Fresh"},{"id":"176772","name":"Pies & Quiches"},{"id":"177560","name":"Pork Pies"}],"httpStatusCode":301},"127249":{"targetCategories":[{"id":"176739","name":"Fresh"},{"id":"176772","name":"Pies & Quiches"},{"id":"177557","name":"Pasties & Patties"}],"httpStatusCode":301},"127250":{"targetCategories":[{"id":"176739","name":"Fresh"},{"id":"176772","name":"Pies & Quiches"},{"id":"177559","name":"Rolls & Slices"},{"id":"177576","name":"Slices"},{"id":"177581","name":"Multipack Slices"}],"httpStatusCode":301},"127251":{"targetCategories":[{"id":"176739","name":"Fresh"},{"id":"176772","name":"Pies & Quiches"},{"id":"177559","name":"Rolls & Slices"},{"id":"177576","name":"Slices"},{"id":"177580","name":"Individual Slices"}],"httpStatusCode":301},"127252":{"targetCategories":[{"id":"176739","name":"Fresh"},{"id":"176772","name":"Pies & Quiches"},{"id":"177560","name":"Pork Pies"},{"id":"177579","name":"Snack Pork Pies"}],"httpStatusCode":301},"127253":{"targetCategories":[{"id":"176739","name":"Fresh"},{"id":"176772","name":"Pies & Quiches"},{"id":"177560","name":"Pork Pies"},{"id":"177578","name":"Multipack Pork Pies"}],"httpStatusCode":301},"127254":{"targetCategories":[{"id":"176739","name":"Fresh"},{"id":"176772","name":"Pies & Quiches"},{"id":"177560","name":"Pork Pies"},{"id":"177577","name":"Individual Pork Pies"}],"httpStatusCode":301},"127256":{"targetCategories":[{"id":"176739","name":"Fresh"},{"id":"176772","name":"Pies & Quiches"},{"id":"177557","name":"Pasties & Patties"},{"id":"177570","name":"Multipack Pasties"}],"httpStatusCode":301},"127257":{"targetCategories":[{"id":"176739","name":"Fresh"},{"id":"176772","name":"Pies & Quiches"},{"id":"177557","name":"Pasties & Patties"},{"id":"177569","name":"Individual Pasties"}],"httpStatusCode":301},"127290":{"targetCategories":[{"id":"176739","name":"Fresh"},{"id":"176772","name":"Pies & Quiches"},{"id":"177559","name":"Rolls & Slices"},{"id":"177575","name":"Snack Rolls"}],"httpStatusCode":301},"127291":{"targetCategories":[{"id":"176739","name":"Fresh"},{"id":"176772","name":"Pies & Quiches"},{"id":"177559","name":"Rolls & Slices"},{"id":"177574","name":"Multipack Rolls"}],"httpStatusCode":301},"127292":{"targetCategories":[{"id":"176739","name":"Fresh"},{"id":"176772","name":"Pies & Quiches"},{"id":"177556","name":"Quiches & Frittatas"},{"id":"177567","name":"Family "}],"httpStatusCode":301},"127293":{"targetCategories":[{"id":"176739","name":"Fresh"},{"id":"176772","name":"Pies & Quiches"},{"id":"177556","name":"Quiches & Frittatas"},{"id":"177566","name":"Individual "}],"httpStatusCode":301},"129428":{"targetCategories":[{"id":"176739","name":"Fresh"},{"id":"176772","name":"Pies & Quiches"},{"id":"177562","name":"Snacking"}],"httpStatusCode":301},"129430":{"targetCategories":[{"id":"176739","name":"Fresh"},{"id":"176770","name":"Cooked Meats"},{"id":"177522","name":"Chicken Slices"}],"httpStatusCode":301},"130879":{"targetCategories":[{"id":"176739","name":"Fresh"},{"id":"176766","name":"Chilled Juice & Smoothies"}],"httpStatusCode":301},"144333":{"targetCategories":[{"id":"176739","name":"Fresh"},{"id":"176770","name":"Cooked Meats"},{"id":"177521","name":"Ham Slices"},{"id":"177535","name":"Thin Ham Slices"}],"httpStatusCode":301},"144334":{"targetCategories":[{"id":"176739","name":"Fresh"},{"id":"176770","name":"Cooked Meats"},{"id":"177521","name":"Ham Slices"},{"id":"177536","name":"Wafer Thin Ham"}],"httpStatusCode":301},"144336":{"targetCategories":[{"id":"176739","name":"Fresh"},{"id":"176770","name":"Cooked Meats"},{"id":"177521","name":"Ham Slices"},{"id":"177533","name":"Standard Ham"}],"httpStatusCode":301},"149578":{"targetCategories":[{"id":"176739","name":"Fresh"},{"id":"177817","name":"Vegetarian"}],"httpStatusCode":301},"149742":{"targetCategories":[{"id":"176739","name":"Fresh"},{"id":"176773","name":"Dips, Salads & Fillers"},{"id":"177586","name":"Pasta Salad"}],"httpStatusCode":301},"149816":{"targetCategories":[{"id":"176739","name":"Fresh"},{"id":"176770","name":"Cooked Meats"},{"id":"177526","name":"Cooked Chicken & Turkey"}],"httpStatusCode":301},"149818":{"targetCategories":[{"id":"176739","name":"Fresh"},{"id":"176770","name":"Cooked Meats"},{"id":"177522","name":"Chicken Slices"},{"id":"177538","name":"Standard Chicken Slices"}],"httpStatusCode":301},"149830":{"targetCategories":[{"id":"176739","name":"Fresh"},{"id":"176773","name":"Dips, Salads & Fillers"},{"id":"177583","name":"Side Salads"}],"httpStatusCode":301},"152483":{"targetCategories":[{"id":"176739","name":"Fresh"},{"id":"176773","name":"Dips, Salads & Fillers"},{"id":"177587","name":"Sandwich Fillers"}],"httpStatusCode":301},"153740":{"targetCategories":[{"id":"176739","name":"Fresh"},{"id":"176766","name":"Chilled Juice & Smoothies"},{"id":"177438","name":"Chilled Juices"},{"id":"177443","name":"Orange"}],"httpStatusCode":301},"153741":{"targetCategories":[{"id":"176739","name":"Fresh"},{"id":"176766","name":"Chilled Juice & Smoothies"},{"id":"177438","name":"Chilled Juices"},{"id":"177444","name":"Apple"}],"httpStatusCode":301},"153742":{"targetCategories":[{"id":"176739","name":"Fresh"},{"id":"176766","name":"Chilled Juice & Smoothies"},{"id":"177438","name":"Chilled Juices"},{"id":"177445","name":"Red Fruits, Grapes & Berries"}],"httpStatusCode":301},"153743":{"targetCategories":[{"id":"176739","name":"Fresh"},{"id":"176766","name":"Chilled Juice & Smoothies"},{"id":"177438","name":"Chilled Juices"},{"id":"177446","name":"Tropical & Other Citrus"}],"httpStatusCode":301},"153744":{"targetCategories":[{"id":"176739","name":"Fresh"},{"id":"176766","name":"Chilled Juice & Smoothies"},{"id":"177438","name":"Chilled Juices"},{"id":"177447","name":"Tomato & Vegetable"}],"httpStatusCode":301},"153745":{"targetCategories":[{"id":"176739","name":"Fresh"},{"id":"176766","name":"Chilled Juice & Smoothies"},{"id":"177438","name":"Chilled Juices"}],"httpStatusCode":301},"153746":{"targetCategories":[{"id":"176739","name":"Fresh"},{"id":"176766","name":"Chilled Juice & Smoothies"},{"id":"177439","name":"Chilled Smoothies"}],"httpStatusCode":301},"153747":{"targetCategories":[{"id":"176739","name":"Fresh"},{"id":"176766","name":"Chilled Juice & Smoothies"},{"id":"177440","name":"Multipacks & Kids"}],"httpStatusCode":301},"153748":{"targetCategories":[{"id":"176739","name":"Fresh"},{"id":"176766","name":"Chilled Juice & Smoothies"},{"id":"177442","name":"Added Health"}],"httpStatusCode":301},"154699":{"targetCategories":[{"id":"184295","name":"Market Street"},{"id":"176780","name":"Fresh From The Fishmonger"}],"httpStatusCode":301},"154705":{"targetCategories":[{"id":"176739","name":"Fresh"},{"id":"176767","name":"Pizza"},{"id":"177452","name":"Pizza Counter"}],"httpStatusCode":301},"154706":{"targetCategories":[{"id":"176739","name":"Fresh"},{"id":"176767","name":"Pizza"}],"httpStatusCode":301},"155137":{"targetCategories":[{"id":"184295","name":"Market Street"},{"id":"176780","name":"Fresh From The Fishmonger"},{"id":"176981","name":"Haddock"}],"httpStatusCode":301},"155138":{"targetCategories":[{"id":"184295","name":"Market Street"},{"id":"176780","name":"Fresh From The Fishmonger"},{"id":"176982","name":"Mackerel, Seabass & Trout"}],"httpStatusCode":301},"155141":{"targetCategories":[{"id":"184295","name":"Market Street"},{"id":"176780","name":"Fresh From The Fishmonger"},{"id":"176985","name":"Plaice"}],"httpStatusCode":301},"155143":{"targetCategories":[{"id":"184295","name":"Market Street"},{"id":"176780","name":"Fresh From The Fishmonger"},{"id":"176982","name":"Mackerel, Seabass & Trout"},{"id":"176987","name":"Mackerel"}],"httpStatusCode":301},"155324":{"targetCategories":[{"id":"176739","name":"Fresh"},{"id":"176763","name":"Milk, Eggs & Butter"},{"id":"177287","name":"Cream & Custard"},{"id":"177320","name":"Cream"},{"id":"177322","name":"Double Cream"}],"httpStatusCode":301},"155325":{"targetCategories":[{"id":"176739","name":"Fresh"},{"id":"176763","name":"Milk, Eggs & Butter"},{"id":"177287","name":"Cream & Custard"},{"id":"177320","name":"Cream"},{"id":"177323","name":"Single Cream"}],"httpStatusCode":301},"155326":{"targetCategories":[{"id":"176739","name":"Fresh"},{"id":"176763","name":"Milk, Eggs & Butter"},{"id":"177287","name":"Cream & Custard"},{"id":"177320","name":"Cream"},{"id":"177324","name":"Whipping Cream"}],"httpStatusCode":301},"155327":{"targetCategories":[{"id":"176739","name":"Fresh"},{"id":"176763","name":"Milk, Eggs & Butter"},{"id":"177287","name":"Cream & Custard"},{"id":"177320","name":"Cream"},{"id":"177329","name":"Cream Alternatives"}],"httpStatusCode":301},"155328":{"targetCategories":[{"id":"176739","name":"Fresh"},{"id":"176763","name":"Milk, Eggs & Butter"},{"id":"177287","name":"Cream & Custard"},{"id":"177320","name":"Cream"},{"id":"177326","name":"Soured Cream"}],"httpStatusCode":301},"155329":{"targetCategories":[{"id":"176739","name":"Fresh"},{"id":"176763","name":"Milk, Eggs & Butter"},{"id":"177287","name":"Cream & Custard"},{"id":"177320","name":"Cream"},{"id":"177327","name":"Clotted Cream"}],"httpStatusCode":301},"155330":{"targetCategories":[{"id":"176739","name":"Fresh"},{"id":"176763","name":"Milk, Eggs & Butter"},{"id":"177287","name":"Cream & Custard"},{"id":"177320","name":"Cream"},{"id":"177328","name":"Squirty Cream"}],"httpStatusCode":301},"155331":{"targetCategories":[{"id":"176739","name":"Fresh"},{"id":"176763","name":"Milk, Eggs & Butter"},{"id":"177287","name":"Cream & Custard"},{"id":"177320","name":"Cream"},{"id":"177325","name":"Creme Fraiche"}],"httpStatusCode":301},"155332":{"targetCategories":[{"id":"176739","name":"Fresh"},{"id":"176763","name":"Milk, Eggs & Butter"},{"id":"177287","name":"Cream & Custard"},{"id":"177320","name":"Cream"}],"httpStatusCode":301},"155334":{"targetCategories":[{"id":"176739","name":"Fresh"},{"id":"176763","name":"Milk, Eggs & Butter"},{"id":"177288","name":"Eggs"},{"id":"177330","name":"Free Range Eggs"}],"httpStatusCode":301},"155335":{"targetCategories":[{"id":"176739","name":"Fresh"},{"id":"176763","name":"Milk, Eggs & Butter"},{"id":"177288","name":"Eggs"},{"id":"177331","name":"Medium Eggs"}],"httpStatusCode":301},"155336":{"targetCategories":[{"id":"176739","name":"Fresh"},{"id":"176763","name":"Milk, Eggs & Butter"},{"id":"177288","name":"Eggs"},{"id":"177332","name":"Large & Extra Large Eggs"}],"httpStatusCode":301},"155337":{"targetCategories":[{"id":"176739","name":"Fresh"},{"id":"176763","name":"Milk, Eggs & Butter"},{"id":"177288","name":"Eggs"},{"id":"177333","name":"Mixed Size Eggs"}],"httpStatusCode":301},"155340":{"targetCategories":[{"id":"176739","name":"Fresh"},{"id":"176763","name":"Milk, Eggs & Butter"},{"id":"177288","name":"Eggs"},{"id":"177336","name":"Organic Eggs"}],"httpStatusCode":301},"155386":{"targetCategories":[{"id":"176739","name":"Fresh"},{"id":"176763","name":"Milk, Eggs & Butter"},{"id":"177286","name":"Butters, Fats & Spreads"},{"id":"177295","name":"Spreads"},{"id":"177301","name":"Buttery Taste"}],"httpStatusCode":301},"155387":{"targetCategories":[{"id":"176739","name":"Fresh"},{"id":"176763","name":"Milk, Eggs & Butter"},{"id":"177286","name":"Butters, Fats & Spreads"},{"id":"177295","name":"Spreads"},{"id":"177302","name":"Light"}],"httpStatusCode":301},"155389":{"targetCategories":[{"id":"176739","name":"Fresh"},{"id":"176763","name":"Milk, Eggs & Butter"},{"id":"177286","name":"Butters, Fats & Spreads"},{"id":"177295","name":"Spreads"},{"id":"177304","name":"Sunflower"}],"httpStatusCode":301},"155390":{"targetCategories":[{"id":"176739","name":"Fresh"},{"id":"176763","name":"Milk, Eggs & Butter"},{"id":"177286","name":"Butters, Fats & Spreads"},{"id":"177295","name":"Spreads"},{"id":"177305","name":"Olive"}],"httpStatusCode":301},"155391":{"targetCategories":[{"id":"176739","name":"Fresh"},{"id":"176763","name":"Milk, Eggs & Butter"},{"id":"177286","name":"Butters, Fats & Spreads"},{"id":"177295","name":"Spreads"},{"id":"177306","name":"Dairy Free"}],"httpStatusCode":301},"155392":{"targetCategories":[{"id":"176739","name":"Fresh"},{"id":"176763","name":"Milk, Eggs & Butter"},{"id":"177286","name":"Butters, Fats & Spreads"},{"id":"177295","name":"Spreads"}],"httpStatusCode":301},"155393":{"targetCategories":[{"id":"176739","name":"Fresh"},{"id":"176763","name":"Milk, Eggs & Butter"},{"id":"177286","name":"Butters, Fats & Spreads"},{"id":"177296","name":"Spreadable Butter"},{"id":"177307","name":"Regular"}],"httpStatusCode":301},"155394":{"targetCategories":[{"id":"176739","name":"Fresh"},{"id":"176763","name":"Milk, Eggs & Butter"},{"id":"177286","name":"Butters, Fats & Spreads"},{"id":"177296","name":"Spreadable Butter"},{"id":"177308","name":"Light"}],"httpStatusCode":301},"155395":{"targetCategories":[{"id":"176739","name":"Fresh"},{"id":"176763","name":"Milk, Eggs & Butter"},{"id":"177286","name":"Butters, Fats & Spreads"},{"id":"177296","name":"Spreadable Butter"},{"id":"177309","name":"Unsalted"}],"httpStatusCode":301},"155396":{"targetCategories":[{"id":"176739","name":"Fresh"},{"id":"176763","name":"Milk, Eggs & Butter"},{"id":"177286","name":"Butters, Fats & Spreads"},{"id":"177296","name":"Spreadable Butter"}],"httpStatusCode":301},"155397":{"targetCategories":[{"id":"176739","name":"Fresh"},{"id":"176763","name":"Milk, Eggs & Butter"},{"id":"177286","name":"Butters, Fats & Spreads"},{"id":"177297","name":"Block Butter"},{"id":"177311","name":"Salted"}],"httpStatusCode":301},"155398":{"targetCategories":[{"id":"176739","name":"Fresh"},{"id":"176763","name":"Milk, Eggs & Butter"},{"id":"177286","name":"Butters, Fats & Spreads"},{"id":"177297","name":"Block Butter"},{"id":"177312","name":"Unsalted"}],"httpStatusCode":301},"155400":{"targetCategories":[{"id":"176739","name":"Fresh"},{"id":"176763","name":"Milk, Eggs & Butter"},{"id":"177286","name":"Butters, Fats & Spreads"},{"id":"177296","name":"Spreadable Butter"},{"id":"177310","name":"Garlic"}],"httpStatusCode":301},"155401":{"targetCategories":[{"id":"176739","name":"Fresh"},{"id":"176763","name":"Milk, Eggs & Butter"},{"id":"177286","name":"Butters, Fats & Spreads"},{"id":"177297","name":"Block Butter"}],"httpStatusCode":301},"155402":{"targetCategories":[{"id":"176739","name":"Fresh"},{"id":"176763","name":"Milk, Eggs & Butter"},{"id":"177286","name":"Butters, Fats & Spreads"},{"id":"177298","name":"Cholesterol Lowering"}],"httpStatusCode":301},"155403":{"targetCategories":[{"id":"176739","name":"Fresh"},{"id":"176763","name":"Milk, Eggs & Butter"},{"id":"177286","name":"Butters, Fats & Spreads"},{"id":"177299","name":"Dairy Free"}],"httpStatusCode":301},"155405":{"targetCategories":[{"id":"176739","name":"Fresh"},{"id":"176763","name":"Milk, Eggs & Butter"},{"id":"177286","name":"Butters, Fats & Spreads"},{"id":"177300","name":"Cooking & Baking"},{"id":"177315","name":"Fats & Lards"}],"httpStatusCode":301},"155406":{"targetCategories":[{"id":"176739","name":"Fresh"},{"id":"176763","name":"Milk, Eggs & Butter"},{"id":"177286","name":"Butters, Fats & Spreads"},{"id":"177300","name":"Cooking & Baking"}],"httpStatusCode":301},"155966":{"targetCategories":[{"id":"176739","name":"Fresh"},{"id":"176770","name":"Cooked Meats"},{"id":"177526","name":"Cooked Chicken & Turkey"},{"id":"177540","name":"Chicken"}],"httpStatusCode":301},"155967":{"targetCategories":[{"id":"176739","name":"Fresh"},{"id":"176770","name":"Cooked Meats"},{"id":"177526","name":"Cooked Chicken & Turkey"},{"id":"177541","name":"Turkey"}],"httpStatusCode":301},"156811":{"targetCategories":[{"id":"176739","name":"Fresh"},{"id":"176773","name":"Dips, Salads & Fillers"},{"id":"177588","name":"Dips"},{"id":"177589","name":"Houmous"}],"httpStatusCode":301},"156812":{"targetCategories":[{"id":"176739","name":"Fresh"},{"id":"176773","name":"Dips, Salads & Fillers"},{"id":"177588","name":"Dips"},{"id":"177590","name":"Mediterranean"}],"httpStatusCode":301},"156813":{"targetCategories":[{"id":"176739","name":"Fresh"},{"id":"176773","name":"Dips, Salads & Fillers"},{"id":"177588","name":"Dips"},{"id":"177591","name":"Mexican"}],"httpStatusCode":301},"156814":{"targetCategories":[{"id":"176739","name":"Fresh"},{"id":"176773","name":"Dips, Salads & Fillers"},{"id":"177588","name":"Dips"},{"id":"177592","name":"Multipacks"}],"httpStatusCode":301},"156815":{"targetCategories":[{"id":"176739","name":"Fresh"},{"id":"176773","name":"Dips, Salads & Fillers"},{"id":"177588","name":"Dips"}],"httpStatusCode":301},"157096":{"targetCategories":[{"id":"176739","name":"Fresh"},{"id":"176763","name":"Milk, Eggs & Butter"},{"id":"177264","name":"Fresh Milk"},{"id":"177268","name":"Whole Milk"}],"httpStatusCode":301},"157097":{"targetCategories":[{"id":"176739","name":"Fresh"},{"id":"176763","name":"Milk, Eggs & Butter"},{"id":"177264","name":"Fresh Milk"},{"id":"177269","name":"Semi Skimmed Milk"}],"httpStatusCode":301},"157098":{"targetCategories":[{"id":"176739","name":"Fresh"},{"id":"176763","name":"Milk, Eggs & Butter"},{"id":"177264","name":"Fresh Milk"},{"id":"177270","name":"Skimmed Milk"}],"httpStatusCode":301},"157099":{"targetCategories":[{"id":"176739","name":"Fresh"},{"id":"176763","name":"Milk, Eggs & Butter"},{"id":"177264","name":"Fresh Milk"},{"id":"177271","name":"Organic Milk"}],"httpStatusCode":301},"157100":{"targetCategories":[{"id":"176739","name":"Fresh"},{"id":"176763","name":"Milk, Eggs & Butter"},{"id":"177264","name":"Fresh Milk"},{"id":"177272","name":"Goats Milk"}],"httpStatusCode":301},"157101":{"targetCategories":[{"id":"176739","name":"Fresh"},{"id":"176763","name":"Milk, Eggs & Butter"},{"id":"177264","name":"Fresh Milk"},{"id":"177273","name":"Filtered Milk"}],"httpStatusCode":301},"157102":{"targetCategories":[{"id":"176739","name":"Fresh"},{"id":"176763","name":"Milk, Eggs & Butter"},{"id":"177264","name":"Fresh Milk"}],"httpStatusCode":301},"157110":{"targetCategories":[{"id":"176739","name":"Fresh"},{"id":"176763","name":"Milk, Eggs & Butter"},{"id":"177266","name":"Flavoured Milk Drinks"},{"id":"177280","name":"Milkshake"}],"httpStatusCode":301},"157112":{"targetCategories":[{"id":"176739","name":"Fresh"},{"id":"176763","name":"Milk, Eggs & Butter"},{"id":"177266","name":"Flavoured Milk Drinks"},{"id":"177281","name":"Iced Coffee"}],"httpStatusCode":301},"157113":{"targetCategories":[{"id":"176739","name":"Fresh"},{"id":"176763","name":"Milk, Eggs & Butter"},{"id":"177266","name":"Flavoured Milk Drinks"}],"httpStatusCode":301},"157128":{"targetCategories":[{"id":"176739","name":"Fresh"},{"id":"176763","name":"Milk, Eggs & Butter"},{"id":"177265","name":"Free From Dairy"},{"id":"177278","name":"Lactose Free"}],"httpStatusCode":301},"157132":{"targetCategories":[{"id":"176739","name":"Fresh"},{"id":"176763","name":"Milk, Eggs & Butter"},{"id":"177285","name":"Long Life Milk"}],"httpStatusCode":301},"158106":{"targetCategories":[{"id":"176739","name":"Fresh"},{"id":"176764","name":"Cheese"},{"id":"177352","name":"Continental & Speciality Cheese"},{"id":"177404","name":"Mozzarella, Mascarpone & Ricotta"},{"id":"177407","name":"Mozzarella"}],"httpStatusCode":301},"158107":{"targetCategories":[{"id":"176739","name":"Fresh"},{"id":"176764","name":"Cheese"},{"id":"177352","name":"Continental & Speciality Cheese"},{"id":"177404","name":"Mozzarella, Mascarpone & Ricotta"},{"id":"177408","name":"Mascarpone"}],"httpStatusCode":301},"158108":{"targetCategories":[{"id":"176739","name":"Fresh"},{"id":"176764","name":"Cheese"},{"id":"177352","name":"Continental & Speciality Cheese"},{"id":"177404","name":"Mozzarella, Mascarpone & Ricotta"},{"id":"177409","name":"Ricotta"}],"httpStatusCode":301},"159197":{"targetCategories":[{"id":"179549","name":"Meat & Poultry"},{"id":"179632","name":"Gravy, Puddings, Stuffings & Sauces"},{"id":"176976","name":"Fresh Gravy & Sauces"}],"httpStatusCode":301},"159198":{"targetCategories":[{"id":"179549","name":"Meat & Poultry"},{"id":"179632","name":"Gravy, Puddings, Stuffings & Sauces"},{"id":"176977","name":"Yorkshire Puddings & Stuffings"}],"httpStatusCode":301},"159824":{"targetCategories":[{"id":"184295","name":"Market Street"},{"id":"176762","name":"Fresh From The Deli Counter"},{"id":"177248","name":"Continental Meats & Antipasti"}],"httpStatusCode":301},"159825":{"targetCategories":[{"id":"184295","name":"Market Street"},{"id":"176762","name":"Fresh From The Deli Counter"},{"id":"177249","name":"Traditional Deli Cooked Meats"}],"httpStatusCode":301},"159827":{"targetCategories":[{"id":"184295","name":"Market Street"},{"id":"176762","name":"Fresh From The Deli Counter"},{"id":"177251","name":"Deli Style Cheese"}],"httpStatusCode":301},"159831":{"targetCategories":[{"id":"184295","name":"Market Street"},{"id":"176762","name":"Fresh From The Deli Counter"},{"id":"177248","name":"Continental Meats & Antipasti"},{"id":"177256","name":"Olives & Selection Platters"}],"httpStatusCode":301},"161570":{"targetCategories":[{"id":"176738","name":"Fruit & Veg"},{"id":"176759","name":"Organic Fruit & Veg"}],"httpStatusCode":301},"161778":{"targetCategories":[{"id":"176739","name":"Fresh"},{"id":"176769","name":"Desserts"},{"id":"177512","name":"Cheesecakes & Trifles"}],"httpStatusCode":301},"161779":{"targetCategories":[{"id":"176739","name":"Fresh"},{"id":"176769","name":"Desserts"},{"id":"177510","name":"Desserts For Two"}],"httpStatusCode":301},"161780":{"targetCategories":[{"id":"176739","name":"Fresh"},{"id":"176769","name":"Desserts"},{"id":"177509","name":"Family & Sharing Desserts"}],"httpStatusCode":301},"161781":{"targetCategories":[{"id":"176739","name":"Fresh"},{"id":"176769","name":"Desserts"},{"id":"177516","name":"Fresh Cream & Custard"}],"httpStatusCode":301},"161782":{"targetCategories":[{"id":"176739","name":"Fresh"},{"id":"176769","name":"Desserts"},{"id":"177511","name":"Individual Desserts"}],"httpStatusCode":301},"161783":{"targetCategories":[{"id":"176739","name":"Fresh"},{"id":"176769","name":"Desserts"},{"id":"177514","name":"Pies & Tarts"}],"httpStatusCode":301},"161784":{"targetCategories":[{"id":"176739","name":"Fresh"},{"id":"176769","name":"Desserts"},{"id":"177515","name":"The Best Desserts"}],"httpStatusCode":301},"161786":{"targetCategories":[{"id":"176739","name":"Fresh"},{"id":"176769","name":"Desserts"},{"id":"177516","name":"Fresh Cream & Custard"},{"id":"177519","name":"Cream"}],"httpStatusCode":301},"161787":{"targetCategories":[{"id":"176739","name":"Fresh"},{"id":"176769","name":"Desserts"},{"id":"177516","name":"Fresh Cream & Custard"},{"id":"177520","name":"Custard"}],"httpStatusCode":301},"161789":{"targetCategories":[{"id":"176739","name":"Fresh"},{"id":"176769","name":"Desserts"},{"id":"177514","name":"Pies & Tarts"},{"id":"177518","name":"Tarts"}],"httpStatusCode":301},"162287":{"targetCategories":[{"id":"179549","name":"Meat & Poultry"},{"id":"179616","name":"Sausage, Bacon & Gammon"},{"id":"179606","name":"Sausage"},{"id":"176927","name":"Healthier"}],"httpStatusCode":301},"162320":{"targetCategories":[{"id":"179549","name":"Meat & Poultry"},{"id":"179616","name":"Sausage, Bacon & Gammon"},{"id":"176953","name":"Lardons"}],"httpStatusCode":301},"162332":{"targetCategories":[{"id":"179549","name":"Meat & Poultry"},{"id":"179616","name":"Sausage, Bacon & Gammon"},{"id":"176953","name":"Lardons"},{"id":"176962","name":"Unsmoked"}],"httpStatusCode":301},"162333":{"targetCategories":[{"id":"179549","name":"Meat & Poultry"},{"id":"179616","name":"Sausage, Bacon & Gammon"},{"id":"176953","name":"Lardons"},{"id":"176961","name":"Smoked"}],"httpStatusCode":301},"162334":{"targetCategories":[{"id":"179549","name":"Meat & Poultry"},{"id":"179616","name":"Sausage, Bacon & Gammon"},{"id":"179613","name":"Gammon"},{"id":"179611","name":"Joints"},{"id":"176963","name":"Smoked"}],"httpStatusCode":301},"162335":{"targetCategories":[{"id":"179549","name":"Meat & Poultry"},{"id":"179616","name":"Sausage, Bacon & Gammon"},{"id":"179613","name":"Gammon"},{"id":"179611","name":"Joints"},{"id":"176964","name":"Unsmoked"}],"httpStatusCode":301},"162336":{"targetCategories":[{"id":"179549","name":"Meat & Poultry"},{"id":"179616","name":"Sausage, Bacon & Gammon"},{"id":"179613","name":"Gammon"},{"id":"176956","name":"Steaks"},{"id":"176965","name":"Smoked"}],"httpStatusCode":301},"162337":{"targetCategories":[{"id":"179549","name":"Meat & Poultry"},{"id":"179616","name":"Sausage, Bacon & Gammon"},{"id":"179613","name":"Gammon"},{"id":"176956","name":"Steaks"},{"id":"176966","name":"Unsmoked"}],"httpStatusCode":301},"162955":{"targetCategories":[{"id":"176739","name":"Fresh"},{"id":"176764","name":"Cheese"},{"id":"177344","name":"Award Winning Cheese"}],"httpStatusCode":301},"163057":{"targetCategories":[{"id":"179549","name":"Meat & Poultry"},{"id":"176751","name":"Turkey"}],"httpStatusCode":301},"163532":{"targetCategories":[{"id":"176739","name":"Fresh"},{"id":"176763","name":"Milk, Eggs & Butter"},{"id":"177265","name":"Free From Dairy"}],"httpStatusCode":301},"165724":{"targetCategories":[{"id":"176739","name":"Fresh"},{"id":"176763","name":"Milk, Eggs & Butter"},{"id":"177265","name":"Free From Dairy"},{"id":"177274","name":"Soya"}],"httpStatusCode":301},"165725":{"targetCategories":[{"id":"176739","name":"Fresh"},{"id":"176763","name":"Milk, Eggs & Butter"},{"id":"177265","name":"Free From Dairy"},{"id":"177275","name":"Oat"}],"httpStatusCode":301},"165727":{"targetCategories":[{"id":"176739","name":"Fresh"},{"id":"176763","name":"Milk, Eggs & Butter"},{"id":"177265","name":"Free From Dairy"},{"id":"177277","name":"Coconut"}],"httpStatusCode":301},"166774":{"targetCategories":[{"id":"176739","name":"Fresh"},{"id":"176764","name":"Cheese"},{"id":"177342","name":"Cheesemongers"}],"httpStatusCode":301},"166775":{"targetCategories":[{"id":"176739","name":"Fresh"},{"id":"176764","name":"Cheese"},{"id":"177342","name":"Cheesemongers"},{"id":"177356","name":"Brie & Camembert"}],"httpStatusCode":301},"166776":{"targetCategories":[{"id":"176739","name":"Fresh"},{"id":"176764","name":"Cheese"},{"id":"177342","name":"Cheesemongers"},{"id":"177357","name":"Blue Cheese"}],"httpStatusCode":301},"166777":{"targetCategories":[{"id":"176739","name":"Fresh"},{"id":"176764","name":"Cheese"},{"id":"177342","name":"Cheesemongers"},{"id":"177358","name":"Cheddar & British Regional"}],"httpStatusCode":301},"166778":{"targetCategories":[{"id":"176739","name":"Fresh"},{"id":"176764","name":"Cheese"},{"id":"177342","name":"Cheesemongers"},{"id":"177359","name":"Hard Continental Cheese"}],"httpStatusCode":301},"166779":{"targetCategories":[{"id":"176739","name":"Fresh"},{"id":"176764","name":"Cheese"},{"id":"177342","name":"Cheesemongers"},{"id":"177360","name":"Soft White Cheese"}],"httpStatusCode":301},"166780":{"targetCategories":[{"id":"176739","name":"Fresh"},{"id":"176764","name":"Cheese"},{"id":"177342","name":"Cheesemongers"},{"id":"177361","name":"Feta, Halloumi & Mozzarella"}],"httpStatusCode":301},"166781":{"targetCategories":[{"id":"176739","name":"Fresh"},{"id":"176764","name":"Cheese"},{"id":"177342","name":"Cheesemongers"},{"id":"177362","name":"British Artisanal Cheese"}],"httpStatusCode":301},"167290":{"targetCategories":[{"id":"176739","name":"Fresh"},{"id":"176764","name":"Cheese"},{"id":"177343","name":"Best Cheeses"}],"httpStatusCode":301},"167781":{"targetCategories":[{"id":"176739","name":"Fresh"},{"id":"176763","name":"Milk, Eggs & Butter"},{"id":"177266","name":"Flavoured Milk Drinks"},{"id":"177283","name":"Protein Drinks"}],"httpStatusCode":301},"171277":{"targetCategories":[{"id":"176738","name":"Fruit & Veg"},{"id":"176760","name":"Wonky"}],"httpStatusCode":301},"171282":{"targetCategories":[{"id":"176738","name":"Fruit & Veg"},{"id":"176761","name":"Fruit & Veg Offers"}],"httpStatusCode":301},"173677":{"targetCategories":[{"id":"176739","name":"Fresh"},{"id":"176763","name":"Milk, Eggs & Butter"},{"id":"177265","name":"Free From Dairy"},{"id":"177279","name":"Almond"}],"httpStatusCode":301},"175463":{"targetCategories":[{"id":"176739","name":"Fresh"},{"id":"176766","name":"Chilled Juice & Smoothies"},{"id":"177438","name":"Chilled Juices"},{"id":"177449","name":"Reduced Sugar"}],"httpStatusCode":301},"175464":{"targetCategories":[{"id":"176739","name":"Fresh"},{"id":"176766","name":"Chilled Juice & Smoothies"},{"id":"177451","name":"Coconut Water"}],"httpStatusCode":301},"175465":{"targetCategories":[{"id":"176739","name":"Fresh"},{"id":"176766","name":"Chilled Juice & Smoothies"},{"id":"177441","name":"Family Packs"}],"httpStatusCode":301},"175981":{"targetCategories":[{"id":"176739","name":"Fresh"},{"id":"176763","name":"Milk, Eggs & Butter"},{"id":"177290","name":"For Farmers"}],"httpStatusCode":301},"176091":{"targetCategories":[{"id":"176739","name":"Fresh"},{"id":"176768","name":"Ready Meals"}],"httpStatusCode":301},"176092":{"targetCategories":[{"id":"176739","name":"Fresh"},{"id":"176768","name":"Ready Meals"},{"id":"177471","name":"Family & Kids Meal"}],"httpStatusCode":301},"176093":{"targetCategories":[{"id":"176739","name":"Fresh"},{"id":"176768","name":"Ready Meals"},{"id":"177472","name":"Healthier Choices"}],"httpStatusCode":301},"176094":{"targetCategories":[{"id":"176739","name":"Fresh"},{"id":"176768","name":"Ready Meals"},{"id":"177469","name":"Meals for One"}],"httpStatusCode":301},"176095":{"targetCategories":[{"id":"176739","name":"Fresh"},{"id":"176768","name":"Ready Meals"},{"id":"177470","name":"Meals for Two & Sides"}],"httpStatusCode":301},"176096":{"targetCategories":[{"id":"176739","name":"Fresh"},{"id":"176768","name":"Ready Meals"},{"id":"177473","name":"Shop by Cuisine"}],"httpStatusCode":301},"176097":{"targetCategories":[{"id":"176739","name":"Fresh"},{"id":"176768","name":"Ready Meals"},{"id":"177468","name":"The Best Mains & Sides"}],"httpStatusCode":301},"176098":{"targetCategories":[{"id":"176739","name":"Fresh"},{"id":"176768","name":"Ready Meals"},{"id":"177474","name":"Vegetarian"}],"httpStatusCode":301},"176099":{"targetCategories":[{"id":"176739","name":"Fresh"},{"id":"176768","name":"Ready Meals"},{"id":"177471","name":"Family & Kids Meal"},{"id":"177492","name":"Family Meals"}],"httpStatusCode":301},"176100":{"targetCategories":[{"id":"176739","name":"Fresh"},{"id":"176768","name":"Ready Meals"},{"id":"177471","name":"Family & Kids Meal"},{"id":"177493","name":"Kids Meals"}],"httpStatusCode":301},"176105":{"targetCategories":[{"id":"176739","name":"Fresh"},{"id":"176768","name":"Ready Meals"},{"id":"177469","name":"Meals for One"},{"id":"177478","name":"British"}],"httpStatusCode":301},"176106":{"targetCategories":[{"id":"176739","name":"Fresh"},{"id":"176768","name":"Ready Meals"},{"id":"177469","name":"Meals for One"},{"id":"177479","name":"Chinese \u002F Asian"}],"httpStatusCode":301},"176107":{"targetCategories":[{"id":"176739","name":"Fresh"},{"id":"176768","name":"Ready Meals"},{"id":"177469","name":"Meals for One"},{"id":"177480","name":"Indian"}],"httpStatusCode":301},"176108":{"targetCategories":[{"id":"176739","name":"Fresh"},{"id":"176768","name":"Ready Meals"},{"id":"177469","name":"Meals for One"},{"id":"177481","name":"Italian"}],"httpStatusCode":301},"176109":{"targetCategories":[{"id":"176739","name":"Fresh"},{"id":"176768","name":"Ready Meals"},{"id":"177469","name":"Meals for One"},{"id":"177482","name":"Mediterranean"}],"httpStatusCode":301},"176110":{"targetCategories":[{"id":"176739","name":"Fresh"},{"id":"176768","name":"Ready Meals"},{"id":"177469","name":"Meals for One"},{"id":"177483","name":"Tex Mex \u002F American"}],"httpStatusCode":301},"176111":{"targetCategories":[{"id":"176739","name":"Fresh"},{"id":"176768","name":"Ready Meals"},{"id":"177469","name":"Meals for One"},{"id":"177484","name":"The Best"}],"httpStatusCode":301},"176112":{"targetCategories":[{"id":"176739","name":"Fresh"},{"id":"176768","name":"Ready Meals"},{"id":"177470","name":"Meals for Two & Sides"},{"id":"177485","name":"British"}],"httpStatusCode":301},"176113":{"targetCategories":[{"id":"176739","name":"Fresh"},{"id":"176768","name":"Ready Meals"},{"id":"177470","name":"Meals for Two & Sides"},{"id":"177486","name":"Chinese \u002F Asian"}],"httpStatusCode":301},"176114":{"targetCategories":[{"id":"176739","name":"Fresh"},{"id":"176768","name":"Ready Meals"},{"id":"177470","name":"Meals for Two & Sides"},{"id":"177487","name":"Indian"}],"httpStatusCode":301},"176115":{"targetCategories":[{"id":"176739","name":"Fresh"},{"id":"176768","name":"Ready Meals"},{"id":"177470","name":"Meals for Two & Sides"},{"id":"177488","name":"Italian"}],"httpStatusCode":301},"176118":{"targetCategories":[{"id":"176739","name":"Fresh"},{"id":"176768","name":"Ready Meals"},{"id":"177470","name":"Meals for Two & Sides"},{"id":"177490","name":"Tex Mex \u002F American"}],"httpStatusCode":301},"176119":{"targetCategories":[{"id":"176739","name":"Fresh"},{"id":"176768","name":"Ready Meals"},{"id":"177470","name":"Meals for Two & Sides"},{"id":"177491","name":"The Best"}],"httpStatusCode":301},"176120":{"targetCategories":[{"id":"176739","name":"Fresh"},{"id":"176768","name":"Ready Meals"},{"id":"177473","name":"Shop by Cuisine"},{"id":"177498","name":"British"}],"httpStatusCode":301},"176121":{"targetCategories":[{"id":"176739","name":"Fresh"},{"id":"176768","name":"Ready Meals"},{"id":"177473","name":"Shop by Cuisine"},{"id":"177499","name":"Chinese \u002F Asian"}],"httpStatusCode":301},"176122":{"targetCategories":[{"id":"176739","name":"Fresh"},{"id":"176768","name":"Ready Meals"},{"id":"177473","name":"Shop by Cuisine"},{"id":"177500","name":"Indian"}],"httpStatusCode":301},"176123":{"targetCategories":[{"id":"176739","name":"Fresh"},{"id":"176768","name":"Ready Meals"},{"id":"177473","name":"Shop by Cuisine"},{"id":"177501","name":"Italian"}],"httpStatusCode":301},"176124":{"targetCategories":[{"id":"176739","name":"Fresh"},{"id":"176768","name":"Ready Meals"},{"id":"177473","name":"Shop by Cuisine"},{"id":"177502","name":"Mains for Two"}],"httpStatusCode":301},"176125":{"targetCategories":[{"id":"176739","name":"Fresh"},{"id":"176768","name":"Ready Meals"},{"id":"177473","name":"Shop by Cuisine"},{"id":"177503","name":"Mediterranean"}],"httpStatusCode":301},"176126":{"targetCategories":[{"id":"176739","name":"Fresh"},{"id":"176768","name":"Ready Meals"},{"id":"177473","name":"Shop by Cuisine"},{"id":"177504","name":"Party \u002F Sharing"}],"httpStatusCode":301},"176127":{"targetCategories":[{"id":"176739","name":"Fresh"},{"id":"176768","name":"Ready Meals"},{"id":"177473","name":"Shop by Cuisine"},{"id":"177505","name":"Tex Mex \u002F American"}],"httpStatusCode":301},"176129":{"targetCategories":[{"id":"176739","name":"Fresh"},{"id":"176768","name":"Ready Meals"},{"id":"177468","name":"The Best Mains & Sides"},{"id":"177475","name":"Mains for One"}],"httpStatusCode":301},"176130":{"targetCategories":[{"id":"176739","name":"Fresh"},{"id":"176768","name":"Ready Meals"},{"id":"177468","name":"The Best Mains & Sides"},{"id":"177476","name":"Mains for Two"}],"httpStatusCode":301},"176131":{"targetCategories":[{"id":"176739","name":"Fresh"},{"id":"176768","name":"Ready Meals"},{"id":"177468","name":"The Best Mains & Sides"},{"id":"177477","name":"Sides"}],"httpStatusCode":301},"176150":{"targetCategories":[{"id":"176739","name":"Fresh"},{"id":"176763","name":"Milk, Eggs & Butter"},{"id":"177266","name":"Flavoured Milk Drinks"},{"id":"177284","name":"Milkshake Mixes"}],"httpStatusCode":301},"176151":{"targetCategories":[{"id":"176739","name":"Fresh"},{"id":"176763","name":"Milk, Eggs & Butter"},{"id":"177286","name":"Butters, Fats & Spreads"},{"id":"177300","name":"Cooking & Baking"},{"id":"177316","name":"Baking"}],"httpStatusCode":301},"176152":{"targetCategories":[{"id":"176739","name":"Fresh"},{"id":"176763","name":"Milk, Eggs & Butter"},{"id":"177286","name":"Butters, Fats & Spreads"},{"id":"177300","name":"Cooking & Baking"},{"id":"177317","name":"Pastry"}],"httpStatusCode":301},"176153":{"targetCategories":[{"id":"176739","name":"Fresh"},{"id":"176763","name":"Milk, Eggs & Butter"},{"id":"177286","name":"Butters, Fats & Spreads"},{"id":"177300","name":"Cooking & Baking"},{"id":"177318","name":"Ready to Bake"}],"httpStatusCode":301}},"filtersRules":{}},"isReceived":true},"topNavigation":{"categories":{"grocery":[{"id":"188711","name":"More Card Points ","lastModified":"2023-06-13","children":[{"id":"188714","name":"BBQ Meat - 500 Points (Spend £5)","lastModified":"2023-07-03"},{"id":"188850","name":"Salmon Fillets - 450 Points","lastModified":"2023-07-03"},{"id":"188715","name":"Deli - 400 Points (Spend £4)","lastModified":"2023-07-03"},{"id":"188851","name":"Salad Bowls - 100 Points","lastModified":"2023-07-03"},{"id":"188814","name":"Stone Fruit - 100 Points","lastModified":"2023-07-03"},{"id":"188908","name":"Egg Custards - 100 Points","lastModified":"2023-07-03"},{"id":"188909","name":"Bread - 100 Points","lastModified":"2023-07-03"},{"id":"188911","name":"Ice Cream - 100 Points","lastModified":"2023-07-03"}]},{"id":"187918","name":"More Card Exclusives","lastModified":"2023-06-13"},{"id":"179549","name":"Meat & Poultry","lastModified":"2023-06-13","children":[{"id":"186640","name":"3 for £10 Meat & Fish","lastModified":"2023-06-13"},{"id":"179548","name":"The Best Meat & Poultry","lastModified":"2023-06-13","children":[{"id":"186126","name":"Gourmet Collection","lastModified":"2023-06-13"},{"id":"179553","name":"Chicken","lastModified":"2023-06-13"},{"id":"179546","name":"Beef","lastModified":"2023-06-13"},{"id":"179551","name":"Sausages","lastModified":"2023-06-13"},{"id":"179552","name":"Bacon","lastModified":"2023-06-13"}]},{"id":"188648","name":"BBQ","lastModified":"2023-06-13"},{"id":"184534","name":"Chicken","lastModified":"2023-06-13","children":[{"id":"185920","name":"Space To Roam Chicken","lastModified":"2023-06-13"},{"id":"184537","name":"Organic Free Range & Cornfed","lastModified":"2023-06-13"},{"id":"184538","name":"Breast Fillets, Mini Fillets & Diced Fillets","lastModified":"2023-06-13"},{"id":"184539","name":"Legs, Drumsticks, Thighs & Wings","lastModified":"2023-06-13"},{"id":"184540","name":"Whole Chicken","lastModified":"2023-06-13"},{"id":"184541","name":"Breaded Chicken Portions, Kievs & Goujons","lastModified":"2023-06-13"},{"id":"184543","name":"Easy To Cook","lastModified":"2023-06-13"}]},{"id":"179580","name":"Beef","lastModified":"2023-06-13","children":[{"id":"184239","name":"The Best","lastModified":"2023-06-13"},{"id":"184236","name":"Joints","lastModified":"2023-06-13"},{"id":"184225","name":"Mince","lastModified":"2023-06-13"},{"id":"184226","name":"Diced & Stew","lastModified":"2023-06-13"},{"id":"184227","name":"Burgers & Meatballs","lastModified":"2023-06-13"},{"id":"184228","name":"Steaks","lastModified":"2023-06-13"},{"id":"184237","name":"Veal, Liver & Kidney","lastModified":"2023-06-13"},{"id":"184238","name":"Easy to Cook","lastModified":"2023-06-13"}]},{"id":"179599","name":"Lamb","lastModified":"2023-06-13","children":[{"id":"184253","name":"Joints","lastModified":"2023-06-13"},{"id":"184249","name":"Mince","lastModified":"2023-06-13"},{"id":"184250","name":"Diced & Stew","lastModified":"2023-06-13"},{"id":"184252","name":"Steaks & Chops","lastModified":"2023-06-13"},{"id":"184251","name":"Burgers & Meatballs","lastModified":"2023-06-13"},{"id":"184254","name":"Offal","lastModified":"2023-06-13"},{"id":"184255","name":"Easy to Cook","lastModified":"2023-06-13"}]},{"id":"179589","name":"Pork","lastModified":"2023-06-13","children":[{"id":"184246","name":"The Best","lastModified":"2023-06-13"},{"id":"184247","name":"Joints","lastModified":"2023-06-13"},{"id":"184241","name":"Mince","lastModified":"2023-06-13"},{"id":"184242","name":"Diced & Stew","lastModified":"2023-06-13"},{"id":"184243","name":"Chops & Steaks","lastModified":"2023-06-13"},{"id":"184240","name":"Burgers & Meatballs","lastModified":"2023-06-13"},{"id":"184248","name":"Belly & Ribs","lastModified":"2023-06-13"},{"id":"184244","name":"Offal","lastModified":"2023-06-13"},{"id":"184245","name":"Easy to Cook","lastModified":"2023-06-13"}]},{"id":"179616","name":"Sausage, Bacon & Gammon","lastModified":"2023-06-13","children":[{"id":"179602","name":"The Best Bacon & Sausage","lastModified":"2023-06-13"},{"id":"179606","name":"Sausage","lastModified":"2023-06-13"},{"id":"179610","name":"Bacon","lastModified":"2023-06-13"},{"id":"179613","name":"Gammon","lastModified":"2023-06-13"},{"id":"179614","name":"Black Pudding, Haggis & Stuffing","lastModified":"2023-06-13"},{"id":"176953","name":"Lardons","lastModified":"2023-06-13"}]},{"id":"179622","name":"Easy To Cook","lastModified":"2023-06-13","children":[{"id":"179617","name":"Fresh Ideas","lastModified":"2023-06-13"},{"id":"179618","name":"Chicken","lastModified":"2023-06-13"},{"id":"179619","name":"Beef","lastModified":"2023-06-13"},{"id":"179620","name":"Lamb","lastModified":"2023-06-13"},{"id":"179621","name":"Pork","lastModified":"2023-06-13"}]},{"id":"176751","name":"Turkey","lastModified":"2023-06-13"},{"id":"179628","name":"Duck, Venison & Game","lastModified":"2023-06-13","children":[{"id":"176752","name":"Duck","lastModified":"2023-06-13"},{"id":"179626","name":"Venison","lastModified":"2023-06-13"},{"id":"179627","name":"Game","lastModified":"2023-06-13"}]},{"id":"179632","name":"Gravy, Puddings, Stuffings & Sauces","lastModified":"2023-06-13","children":[{"id":"176976","name":"Fresh Gravy & Sauces","lastModified":"2023-06-13"},{"id":"176977","name":"Yorkshire Puddings & Stuffings","lastModified":"2023-06-13"},{"id":"179631","name":"Food Cupboard Favourites","lastModified":"2023-06-13"}]},{"id":"179633","name":"Meat Free","lastModified":"2023-06-13"}]},{"id":"184367","name":"Fish & Seafood","lastModified":"2023-06-13","children":[{"id":"184831","name":"3 for £10 Meat & Fish","lastModified":"2023-06-13"},{"id":"184368","name":"Fresh Prepacked","lastModified":"2023-06-13","children":[{"id":"184371","name":"Fresh Fillets","lastModified":"2023-06-13"},{"id":"184372","name":"Fish Shop","lastModified":"2023-06-13"},{"id":"184373","name":"Shell Shack","lastModified":"2023-06-13"},{"id":"184374","name":"Smoke Shack","lastModified":"2023-06-13"}]}]},{"id":"176738","name":"Fruit & Veg","lastModified":"2023-06-13","children":[{"id":"176761","name":"Fruit & Veg Offers","lastModified":"2023-06-13","children":[{"id":"184018","name":"Fruit","lastModified":"2023-06-13"},{"id":"184019","name":"Veg","lastModified":"2023-06-13"},{"id":"184020","name":"Stir Fry & Sauces","lastModified":"2023-06-13"}]},{"id":"176757","name":"Fruit","lastModified":"2023-06-13","children":[{"id":"183911","name":"Bananas","lastModified":"2023-06-13"},{"id":"183912","name":"Apples & Pears","lastModified":"2023-06-13"},{"id":"183927","name":"Berries & Cherries","lastModified":"2023-06-13"},{"id":"183935","name":"Grapes","lastModified":"2023-06-13"},{"id":"183954","name":"Peaches, Nectarines, Plums & Apricots","lastModified":"2023-06-13"},{"id":"183957","name":"Melons & Pineapples","lastModified":"2023-06-13"},{"id":"183936","name":"Mango, Kiwi & Exotic Fruit","lastModified":"2023-06-13"},{"id":"183949","name":"Fruit Pots, Packs & Platters","lastModified":"2023-06-13"},{"id":"183951","name":"Dried Fruit","lastModified":"2023-06-13"},{"id":"188055","name":"Lemons, Oranges & Citrus","lastModified":"2023-06-13"}]},{"id":"176756","name":"Vegetables","lastModified":"2023-06-13","children":[{"id":"183854","name":"Potatoes & Sweet Potatoes","lastModified":"2023-06-13"},{"id":"183855","name":"Onions & Leeks","lastModified":"2023-06-13"},{"id":"183862","name":"Carrots & Root Vegetables","lastModified":"2023-06-13"},{"id":"183886","name":"Broccoli & Cauliflower","lastModified":"2023-06-13"},{"id":"183872","name":"Spinach, Cabbage & Greens","lastModified":"2023-06-13"},{"id":"183866","name":"Mushrooms","lastModified":"2023-06-13"},{"id":"183894","name":"Courgettes, Aubergines & Squash","lastModified":"2023-06-13"},{"id":"183867","name":"Prepared & Easy to Cook Vegetables","lastModified":"2023-06-13"},{"id":"183889","name":"Beans, Peas, Sweetcorn & Asparagus","lastModified":"2023-06-13"},{"id":"183900","name":"Stir Fry Vegetables, Noodles & Sauces","lastModified":"2023-06-13"},{"id":"183904","name":"Chillies, Garlic & Ingredients","lastModified":"2023-06-13"}]},{"id":"176758","name":"Salad & Herbs","lastModified":"2023-06-13","children":[{"id":"183965","name":"Lettuce","lastModified":"2023-06-13"},{"id":"183970","name":"Salad Bags & Bowls","lastModified":"2023-06-13"},{"id":"183960","name":"Tomatoes","lastModified":"2023-06-13"},{"id":"183964","name":"Cucumber","lastModified":"2023-06-13"},{"id":"183979","name":"Peppers","lastModified":"2023-06-13"},{"id":"183982","name":"Celery","lastModified":"2023-06-13"},{"id":"184006","name":"Spring Onions, Radish & Beetroot","lastModified":"2023-06-13"},{"id":"184005","name":"Avocados","lastModified":"2023-06-13"},{"id":"183983","name":"Fresh Herbs","lastModified":"2023-06-13"},{"id":"184001","name":"Salad Dressings, Toppings & Croutons","lastModified":"2023-06-13"}]},{"id":"176759","name":"Organic Fruit & Veg","lastModified":"2023-06-13","children":[{"id":"184013","name":"Fruit","lastModified":"2023-06-13"},{"id":"184012","name":"Vegetables","lastModified":"2023-06-13"},{"id":"184014","name":"Organic Salad","lastModified":"2023-06-13"}]},{"id":"176760","name":"Wonky","lastModified":"2023-06-13","children":[{"id":"184015","name":"Fruit","lastModified":"2023-06-13"},{"id":"184016","name":"Veg","lastModified":"2023-06-13"}]},{"id":"179310","name":"Nuts & Seeds","lastModified":"2023-06-13"},{"id":"148934","name":"Flowers","lastModified":"2023-06-13"},{"id":"187987","name":"The Best","lastModified":"2023-06-13","children":[{"id":"187983","name":"Fruit","lastModified":"2023-06-13"},{"id":"187984","name":"Vegetables","lastModified":"2023-06-13"},{"id":"187985","name":"Salad & Herbs","lastModified":"2023-06-13"},{"id":"187986","name":"Nuts & Seeds","lastModified":"2023-06-13"}]}]},{"id":"176739","name":"Fresh","lastModified":"2023-06-13","children":[{"id":"188178","name":"Food To Go Meal Deal","lastModified":"2023-06-13","children":[{"id":"188180","name":"Mains","lastModified":"2023-06-13"},{"id":"188181","name":"Sides","lastModified":"2023-06-13"},{"id":"188182","name":"Drinks","lastModified":"2023-06-13"}]},{"id":"188179","name":"Fresh Pizza Meal Deal","lastModified":"2023-06-13"},{"id":"176763","name":"Milk, Eggs & Butter","lastModified":"2023-06-13","children":[{"id":"177264","name":"Fresh Milk","lastModified":"2023-06-13"},{"id":"177265","name":"Free From Dairy","lastModified":"2023-06-13"},{"id":"177266","name":"Flavoured Milk Drinks","lastModified":"2023-06-13"},{"id":"177285","name":"Long Life Milk","lastModified":"2023-06-13"},{"id":"177286","name":"Butters, Fats & Spreads","lastModified":"2023-06-13"},{"id":"177287","name":"Cream & Custard","lastModified":"2023-06-13"},{"id":"177288","name":"Eggs","lastModified":"2023-06-13"},{"id":"177290","name":"For Farmers","lastModified":"2023-06-13"}]},{"id":"176764","name":"Cheese","lastModified":"2023-06-13","children":[{"id":"177342","name":"Cheesemongers","lastModified":"2023-06-13"},{"id":"177343","name":"Best Cheeses","lastModified":"2023-06-13"},{"id":"177344","name":"Award Winning Cheese","lastModified":"2023-06-13"},{"id":"177345","name":"Cheddar","lastModified":"2023-06-13"},{"id":"177346","name":"Grated & Sliced","lastModified":"2023-06-13"},{"id":"177347","name":"Regional Cheese","lastModified":"2023-06-13"},{"id":"177348","name":"Fruit & Flavoured Cheese","lastModified":"2023-06-13"},{"id":"177370","name":"Cheese Snacking","lastModified":"2023-06-13"},{"id":"177350","name":"Cheese Slices, Spreads & Triangles","lastModified":"2023-06-13"},{"id":"177351","name":"Cottage & Soft Cheese","lastModified":"2023-06-13"},{"id":"177352","name":"Continental & Speciality Cheese","lastModified":"2023-06-13"},{"id":"177353","name":"Cheese Selections","lastModified":"2023-06-13"},{"id":"177354","name":"Goats Cheese","lastModified":"2023-06-13"},{"id":"177355","name":"Reduced Fat Cheese","lastModified":"2023-06-13"}]},{"id":"185546","name":"Yogurts","lastModified":"2023-06-13","children":[{"id":"185550","name":"Big Pots","lastModified":"2023-06-13"},{"id":"185553","name":"Natural & Greek","lastModified":"2023-06-13"},{"id":"185554","name":"Gut Health","lastModified":"2023-06-13"},{"id":"185555","name":"High Protein","lastModified":"2023-06-13"},{"id":"185556","name":"Kids","lastModified":"2023-06-13"},{"id":"185557","name":"Corners","lastModified":"2023-06-13"},{"id":"185560","name":"Luxury Yogurts & Dairy Desserts","lastModified":"2023-06-13"},{"id":"185561","name":"Organic Yogurts","lastModified":"2023-06-13"},{"id":"185562","name":"Dairy Alternatives & Free From","lastModified":"2023-06-13"},{"id":"185566","name":"Diet, Low Fat & No Added Sugar","lastModified":"2023-06-13"},{"id":"185571","name":"Healthy Drinks","lastModified":"2023-06-13"},{"id":"177422","name":"Müller Shop - Sponsored Shop","lastModified":"2023-06-13"},{"id":"187327","name":"Activia Shop - Sponsored Shop","lastModified":"2023-06-13"},{"id":"187332","name":"Actimel Shop - Sponsored Shop","lastModified":"2023-06-13"}]},{"id":"176766","name":"Chilled Juice & Smoothies","lastModified":"2023-06-13","children":[{"id":"177438","name":"Chilled Juices","lastModified":"2023-06-13"},{"id":"177439","name":"Chilled Smoothies","lastModified":"2023-06-13"},{"id":"177451","name":"Coconut Water","lastModified":"2023-06-13"},{"id":"177440","name":"Multipacks & Kids","lastModified":"2023-06-13"},{"id":"177441","name":"Family Packs","lastModified":"2023-06-13"},{"id":"177442","name":"Added Health","lastModified":"2023-06-13"}]},{"id":"176767","name":"Pizza","lastModified":"2023-06-13","children":[{"id":"177453","name":"Pizza","lastModified":"2023-06-13"},{"id":"177452","name":"Pizza Counter","lastModified":"2023-06-13"},{"id":"184756","name":"Takeaway Pizza","lastModified":"2023-06-13"}]},{"id":"177460","name":"Garlic Bread","lastModified":"2023-06-13","children":[{"id":"177465","name":"Garlic Flatbreads","lastModified":"2023-06-13"},{"id":"177466","name":"Garlic Baguettes & Ciabattas","lastModified":"2023-06-13"},{"id":"177467","name":"Garlic Doughballs","lastModified":"2023-06-13"}]},{"id":"187310","name":"Pasta","lastModified":"2023-06-13","children":[{"id":"177454","name":"Fresh Pasta & Sauces","lastModified":"2023-06-13"}]},{"id":"176768","name":"Ready Meals","lastModified":"2023-06-13","children":[{"id":"177468","name":"The Best Mains & Sides","lastModified":"2023-06-13"},{"id":"177469","name":"Meals for One","lastModified":"2023-06-13"},{"id":"177470","name":"Meals for Two & Sides","lastModified":"2023-06-13"},{"id":"177471","name":"Family & Kids Meal","lastModified":"2023-06-13"},{"id":"177472","name":"Healthier Choices","lastModified":"2023-06-13"},{"id":"177473","name":"Shop by Cuisine","lastModified":"2023-06-13"},{"id":"177474","name":"Vegetarian","lastModified":"2023-06-13"},{"id":"178477","name":"Vegan","lastModified":"2023-06-13"}]},{"id":"176769","name":"Desserts","lastModified":"2023-06-13","children":[{"id":"177510","name":"Desserts For Two","lastModified":"2023-06-13"},{"id":"177511","name":"Individual Desserts","lastModified":"2023-06-13"},{"id":"177512","name":"Cheesecakes & Trifles","lastModified":"2023-06-13"},{"id":"177514","name":"Pies & Tarts","lastModified":"2023-06-13"},{"id":"177509","name":"Family & Sharing Desserts","lastModified":"2023-06-13"},{"id":"188691","name":"Trifles","lastModified":"2023-07-03"},{"id":"188692","name":"Cheesecakes","lastModified":"2023-07-03"},{"id":"177515","name":"The Best Desserts","lastModified":"2023-06-13"},{"id":"177516","name":"Fresh Cream & Custard","lastModified":"2023-06-13"}]},{"id":"176770","name":"Cooked Meats","lastModified":"2023-06-13","children":[{"id":"177521","name":"Ham Slices","lastModified":"2023-06-13"},{"id":"177522","name":"Chicken Slices","lastModified":"2023-06-13"},{"id":"177523","name":"Turkey Slices","lastModified":"2023-06-13"},{"id":"177524","name":"Pork Slices","lastModified":"2023-06-13"},{"id":"177525","name":"Beef Slices","lastModified":"2023-06-13"},{"id":"177526","name":"Cooked Chicken & Turkey","lastModified":"2023-06-13"},{"id":"177527","name":"Meat Snacks","lastModified":"2023-06-13"},{"id":"177528","name":"Frankfurters & Smoked Sausage","lastModified":"2023-06-13"},{"id":"177529","name":"Specialities","lastModified":"2023-06-13"},{"id":"177530","name":"Continental Meats & Salami","lastModified":"2023-06-13"},{"id":"177531","name":"Pate","lastModified":"2023-06-13"}]},{"id":"176771","name":"Soups & Sauces","lastModified":"2023-06-13","children":[{"id":"177542","name":"Soup","lastModified":"2023-06-13"},{"id":"177543","name":"Pasta Sauces","lastModified":"2023-06-13"},{"id":"177544","name":"Sauces","lastModified":"2023-06-13"}]},{"id":"176772","name":"Pies & Quiches","lastModified":"2023-06-13","children":[{"id":"177555","name":"Savoury Pies","lastModified":"2023-06-13"},{"id":"177556","name":"Quiches & Frittatas","lastModified":"2023-06-13"},{"id":"177557","name":"Pasties & Patties","lastModified":"2023-06-13"},{"id":"177559","name":"Rolls & Slices","lastModified":"2023-06-13"},{"id":"177560","name":"Pork Pies","lastModified":"2023-06-13"},{"id":"177561","name":"Scotch Eggs","lastModified":"2023-06-13"},{"id":"177562","name":"Snacking","lastModified":"2023-06-13"}]},{"id":"176773","name":"Dips, Salads & Fillers","lastModified":"2023-06-13","children":[{"id":"177582","name":"Coleslaw","lastModified":"2023-06-13"},{"id":"177583","name":"Side Salads","lastModified":"2023-06-13"},{"id":"177584","name":"Potato Salad","lastModified":"2023-06-13"},{"id":"177585","name":"Couscous Salad","lastModified":"2023-06-13"},{"id":"177586","name":"Pasta Salad","lastModified":"2023-06-13"},{"id":"177587","name":"Sandwich Fillers","lastModified":"2023-06-13"},{"id":"177588","name":"Dips","lastModified":"2023-06-13"}]},{"id":"177817","name":"Vegetarian","lastModified":"2023-06-13","children":[{"id":"177818","name":"Bakes, Pies & Pastries","lastModified":"2023-06-13"},{"id":"177819","name":"Meat Free Slices","lastModified":"2023-06-13"},{"id":"177820","name":"Mince, Fillets & Pieces","lastModified":"2023-06-13"},{"id":"177822","name":"Ready Meals","lastModified":"2023-06-13"},{"id":"177823","name":"Sausages & Burgers","lastModified":"2023-06-13"},{"id":"177824","name":"Snacking \u002F Party","lastModified":"2023-06-13"},{"id":"177825","name":"Soup","lastModified":"2023-06-13"},{"id":"177826","name":"Tofu & Falafel","lastModified":"2023-06-13"}]},{"id":"184768","name":"Benecol Shop - Sponsored","lastModified":"2023-06-13","children":[{"id":"184765","name":"What Makes Benecol Work","lastModified":"2023-06-13"},{"id":"184766","name":"Yogurt Drinks","lastModified":"2023-06-13"}]},{"id":"187189","name":"Alpro Shop - Sponsored","lastModified":"2023-06-13","children":[{"id":"187181","name":"NEW Alpro This Is Not M*lk","lastModified":"2023-06-13"},{"id":"187182","name":"Oat Drinks","lastModified":"2023-06-13"},{"id":"187183","name":"Almond Drinks","lastModified":"2023-06-13"},{"id":"187184","name":"Soya Drinks","lastModified":"2023-06-13"},{"id":"187185","name":"Other Drinks","lastModified":"2023-06-13"},{"id":"187186","name":"Hot Beverages","lastModified":"2023-06-13"},{"id":"187187","name":"Plant Based Yoghurts","lastModified":"2023-06-13"},{"id":"187188","name":"Plant Based Desserts","lastModified":"2023-06-13"}]},{"id":"188187","name":"Food To Go","lastModified":"2023-06-13"},{"id":"188752","name":"GU Shop - Sponsored","lastModified":"2023-06-16","children":[{"id":"188748","name":"Chocolate","lastModified":"2023-06-16"},{"id":"188749","name":"Caramel","lastModified":"2023-06-16"},{"id":"188750","name":"Fruit","lastModified":"2023-06-16"},{"id":"188751","name":"Plant","lastModified":"2023-06-16"}]}]},{"id":"102210","name":"Bakery & Cakes","lastModified":"2023-06-13","children":[{"id":"178958","name":"2 For £3.50 Bakery Tubs","lastModified":"2023-06-13"},{"id":"165657","name":"Bread","lastModified":"2023-06-13","children":[{"id":"165652","name":"White Bread","lastModified":"2023-06-13"},{"id":"165653","name":"Brown & Wholemeal Bread","lastModified":"2023-06-13"},{"id":"165654","name":"Granary & Seeded Bread","lastModified":"2023-06-13"},{"id":"165655","name":"Half & Half Bread","lastModified":"2023-06-13"},{"id":"165656","name":"Speciality Bread","lastModified":"2023-06-13"}]},{"id":"165658","name":"Rolls & Part-Baked","lastModified":"2023-06-13","children":[{"id":"165664","name":"White Rolls","lastModified":"2023-06-13"},{"id":"165665","name":"Brown, Wholemeal, Seeded & Granary","lastModified":"2023-06-13"},{"id":"165667","name":"Topped Rolls","lastModified":"2023-06-13"},{"id":"165669","name":"Part-Baked Bread & Rolls","lastModified":"2023-06-13"}]},{"id":"165659","name":"Muffins & Pancakes","lastModified":"2023-06-13"},{"id":"187318","name":"Crumpets","lastModified":"2023-06-13"},{"id":"165660","name":"Croissants, Brioche & Pain au Chocolat","lastModified":"2023-06-13"},{"id":"165661","name":"Fruited Loaves, Scones & Hot Cross Buns","lastModified":"2023-06-13","children":[{"id":"165678","name":"Fruit Loaves","lastModified":"2023-06-13"},{"id":"165679","name":"Teacakes","lastModified":"2023-06-13"},{"id":"165681","name":"Scones","lastModified":"2023-06-13"}]},{"id":"165662","name":"Indian & Mediterranean Breads","lastModified":"2023-06-13"},{"id":"165663","name":"Wraps, Bagels, Pittas & Thins","lastModified":"2023-06-13","children":[{"id":"165686","name":"Wraps","lastModified":"2023-06-13"},{"id":"165687","name":"Bagels","lastModified":"2023-06-13"},{"id":"165688","name":"Pittas","lastModified":"2023-06-13"},{"id":"165689","name":"Thins","lastModified":"2023-06-13"}]},{"id":"151242","name":"Free From Bakery","lastModified":"2023-06-13","children":[{"id":"151251","name":"Bread","lastModified":"2023-06-13"},{"id":"151250","name":"Rolls & Pitta","lastModified":"2023-06-13"},{"id":"151248","name":"Cakes","lastModified":"2023-06-13"},{"id":"151243","name":"Individual Cakes & Treats","lastModified":"2023-06-13"}]},{"id":"154757","name":"Cookies & Biscuits","lastModified":"2023-06-13","children":[{"id":"156747","name":"Cookies","lastModified":"2023-06-13"},{"id":"156748","name":"Biscuits","lastModified":"2023-07-08"},{"id":"156749","name":"Novelty Biscuits","lastModified":"2023-06-13"}]},{"id":"187311","name":"Cakes & Cupcakes","lastModified":"2023-06-13","children":[{"id":"156722","name":"Mini Rolls & Cake Bars","lastModified":"2023-06-13"},{"id":"156710","name":"Large Sharing Cakes","lastModified":"2023-06-13"},{"id":"156719","name":"Small Cakes & Slices","lastModified":"2023-06-13"},{"id":"156723","name":"Sharing Bites","lastModified":"2023-06-13"}]},{"id":"187312","name":"Pies & Tarts","lastModified":"2023-06-13","children":[{"id":"156711","name":"Pies","lastModified":"2023-06-13"},{"id":"156712","name":"Tarts","lastModified":"2023-06-13"}]},{"id":"156705","name":"Birthday & Celebration Cakes","lastModified":"2023-06-13","children":[{"id":"161378","name":"Character & Novelty Cakes","lastModified":"2023-06-13"},{"id":"161379","name":"Party Cakes","lastModified":"2023-06-13"},{"id":"161380","name":"Chocolate Cakes","lastModified":"2023-06-13"},{"id":"161383","name":"Traybakes & Cupcakes","lastModified":"2023-06-13"},{"id":"161385","name":"Candles","lastModified":"2023-06-13"},{"id":"175537","name":"Celebration Cakes","lastModified":"2023-06-13"}]},{"id":"172824","name":"Warburtons Shop - Sponsored","lastModified":"2023-06-13","children":[{"id":"172818","name":"Everyday Bread","lastModified":"2023-06-13"},{"id":"172819","name":"Speciality Bread","lastModified":"2023-06-13"},{"id":"172820","name":"Rolls, Thins & Bagels","lastModified":"2023-06-13"},{"id":"172821","name":"Crumpets & Potato Cakes","lastModified":"2023-06-13"},{"id":"172822","name":"Fruit Loaves & Teacakes","lastModified":"2023-06-13"},{"id":"172823","name":"Gluten Free","lastModified":"2023-06-13"}]},{"id":"181912","name":"Cadbury & Mr Kipling Shop - Sponsored ","lastModified":"2023-06-13","children":[{"id":"181906","name":"Cake Slices","lastModified":"2023-06-13"},{"id":"181907","name":"Mini Rolls & Cake Bars","lastModified":"2023-06-13"},{"id":"181908","name":"Pies & Tarts","lastModified":"2023-06-13"},{"id":"181909","name":"Small Cakes","lastModified":"2023-06-13"},{"id":"181910","name":"Large Cakes & Celebration","lastModified":"2023-06-13"}]},{"id":"188192","name":"Celebration Station - Sponsored Shop","lastModified":"2023-06-13","children":[{"id":"188188","name":"Traybakes & Cupcakes","lastModified":"2023-06-13"},{"id":"188189","name":"Kids Cakes","lastModified":"2023-06-13"},{"id":"188190","name":"Teen & Adult Cakes","lastModified":"2023-06-13"},{"id":"188191","name":"The Best","lastModified":"2023-06-13"}]}]},{"id":"102705","name":"Food Cupboard","lastModified":"2023-06-13","children":[{"id":"180005","name":"Breakfast Shop","lastModified":"2023-06-13","children":[{"id":"184926","name":"Best Sellers Cereals - Sponsored","lastModified":"2023-06-13"},{"id":"185932","name":"Everyday Family","lastModified":"2023-06-13"},{"id":"185937","name":"Chocolate & Frosted Cereal","lastModified":"2023-06-13"},{"id":"185940","name":"Granola, Clusters & Muesli","lastModified":"2023-06-13"},{"id":"185944","name":"Wellbeing Choice","lastModified":"2023-06-13"},{"id":"185954","name":"Porridge","lastModified":"2023-06-13"},{"id":"185958","name":"On The Go","lastModified":"2023-06-13"}]},{"id":"186649","name":"Coffee","lastModified":"2023-06-13","children":[{"id":"186654","name":"Instant Coffee","lastModified":"2023-06-13"},{"id":"186652","name":"Premium Instant Coffee","lastModified":"2023-06-13"},{"id":"186658","name":"Speciality Coffee Sachets","lastModified":"2023-06-13"},{"id":"180165","name":"Coffee Pods Shop","lastModified":"2023-06-13"},{"id":"186663","name":"Coffee Beans & Ground Coffee","lastModified":"2023-06-13"},{"id":"161013","name":"Coffee Whiteners","lastModified":"2023-06-13"},{"id":"161015","name":"Syrups","lastModified":"2023-06-13"}]},{"id":"171766","name":"Tea & Hot Drinks","lastModified":"2023-06-13","children":[{"id":"171784","name":"Tea","lastModified":"2023-06-13"},{"id":"171782","name":"Fruit & Herbal Tea","lastModified":"2023-06-13"},{"id":"171785","name":"Hot Chocolate & Malts","lastModified":"2023-06-13"}]},{"id":"102637","name":"Tins, Cans & Packets","lastModified":"2023-06-13","children":[{"id":"102687","name":"Soup","lastModified":"2023-06-13"},{"id":"102679","name":"Tomatoes","lastModified":"2023-06-13"},{"id":"102669","name":"Vegetables","lastModified":"2023-06-13"},{"id":"105728","name":"Baked Beans, Spaghetti & Pasta Meals","lastModified":"2023-06-13"},{"id":"102660","name":"Fish","lastModified":"2023-06-13"},{"id":"102651","name":"Meat","lastModified":"2023-06-13"},{"id":"102647","name":"Pulses & Other Beans","lastModified":"2023-06-13"},{"id":"102639","name":"Fruit","lastModified":"2023-06-13"},{"id":"102638","name":"Ready Meals","lastModified":"2023-06-13"},{"id":"105727","name":"Canned Milk","lastModified":"2023-06-13"},{"id":"102657","name":"Pastes & Spreads","lastModified":"2023-06-13"}]},{"id":"102605","name":"Rice, Pasta, Noodles & Pulses","lastModified":"2023-06-13","children":[{"id":"102623","name":"Pasta","lastModified":"2023-06-13"},{"id":"102615","name":"Rice","lastModified":"2023-06-13"},{"id":"102610","name":"Pulses","lastModified":"2023-06-13"},{"id":"102606","name":"Noodles","lastModified":"2023-06-13"},{"id":"105768","name":"Cous Cous","lastModified":"2023-06-13"},{"id":"184788","name":"Noodle Pots & Instant Snacks","lastModified":"2023-06-13"}]},{"id":"102770","name":"Cooking Ingredients","lastModified":"2023-06-13","children":[{"id":"102831","name":"Oils","lastModified":"2023-06-13"},{"id":"102827","name":"Vinegars","lastModified":"2023-06-13"},{"id":"102824","name":"Salt & Pepper","lastModified":"2023-06-13"},{"id":"163610","name":"Cooking Pastes","lastModified":"2023-06-13"},{"id":"102821","name":"Garlic & Herbs","lastModified":"2023-06-13"},{"id":"102814","name":"Seasonings, Spices, Dried Chillies & Curry Powders","lastModified":"2023-06-13"},{"id":"102793","name":"Packet Mixes","lastModified":"2023-06-13"},{"id":"102788","name":"Bread Crumbs","lastModified":"2023-06-13"},{"id":"102787","name":"Stuffings","lastModified":"2023-06-13"},{"id":"102784","name":"Stocks & Gravies","lastModified":"2023-06-13"},{"id":"108687","name":"Continental Ingredients","lastModified":"2023-06-13"},{"id":"109156","name":"Chopped Ingredients","lastModified":"2023-06-13"},{"id":"150982","name":"Coconut Milk","lastModified":"2023-06-13"}]},{"id":"182502","name":"Cooking Sauces & Kits","lastModified":"2023-06-13","children":[{"id":"182509","name":"Meal Kits","lastModified":"2023-06-13"},{"id":"182505","name":"Italian","lastModified":"2023-06-13"},{"id":"182504","name":"Indian","lastModified":"2023-06-13"},{"id":"182506","name":"Mexican","lastModified":"2023-06-13"},{"id":"182507","name":"Oriental & Stir Fry","lastModified":"2023-06-13"},{"id":"182508","name":"Cooking Sauces","lastModified":"2023-06-13"},{"id":"182503","name":"Coconut Milk","lastModified":"2023-06-13"},{"id":"182510","name":"Healthier Choices","lastModified":"2023-06-13"}]},{"id":"102735","name":"Table Sauces, Condiments & Dressings","lastModified":"2023-06-13","children":[{"id":"102766","name":"Mayonnaise","lastModified":"2023-06-13"},{"id":"102765","name":"Ketchup","lastModified":"2023-06-13"},{"id":"102762","name":"BBQ","lastModified":"2023-06-13"},{"id":"102761","name":"Brown Sauce","lastModified":"2023-06-13"},{"id":"102756","name":"Mustard","lastModified":"2023-06-13"},{"id":"106116","name":"Vinegar","lastModified":"2023-06-13"},{"id":"102736","name":"Salad Dressings & Vinagrettes","lastModified":"2023-06-13"},{"id":"109220","name":"Salad Cream & Croutons","lastModified":"2023-06-13"},{"id":"102745","name":"Sweet Chilli & Hot Sauce","lastModified":"2023-06-13"},{"id":"102754","name":"Tartare & Seafood Sauce","lastModified":"2023-06-13"},{"id":"102755","name":"Horseradish & Hollandaise","lastModified":"2023-06-13"},{"id":"102753","name":"Mint Sauce","lastModified":"2023-06-13"},{"id":"156686","name":"Mint Yoghurt","lastModified":"2023-06-13"},{"id":"102751","name":"Apple, Redcurrant & Cranberry Sauces","lastModified":"2023-06-13"},{"id":"102752","name":"Worcester Sauce","lastModified":"2023-06-13"},{"id":"102741","name":"Chutneys Pickles & Relishes ","lastModified":"2023-06-13"}]},{"id":"102715","name":"Pickled Foods","lastModified":"2023-06-13","children":[{"id":"102729","name":"Olives & Capers","lastModified":"2023-06-13"},{"id":"102724","name":"Artichokes, Mushrooms & Antipasti","lastModified":"2023-06-13"},{"id":"102721","name":"Sun Dried Tomatoes","lastModified":"2023-06-13"},{"id":"102716","name":"Gherkins & Pickled Foods","lastModified":"2023-06-13"}]},{"id":"106130","name":"Chocolate & Sweets","lastModified":"2023-06-13","children":[{"id":"154776","name":"Chocolate","lastModified":"2023-06-13"},{"id":"154777","name":"Sweets","lastModified":"2023-06-13"},{"id":"154778","name":"Mints","lastModified":"2023-06-13"},{"id":"154779","name":"Gum","lastModified":"2023-06-13"},{"id":"182645","name":"Gifts","lastModified":"2023-06-13"},{"id":"187752","name":"Easter Chocolate & Sweets","lastModified":"2023-06-13"}]},{"id":"182321","name":"Biscuits","lastModified":"2023-06-13","children":[{"id":"182322","name":"Breakfast Bars & Biscuits","lastModified":"2023-06-13"},{"id":"182324","name":"Lunchbox & Chocolate Biscuits","lastModified":"2023-06-13"},{"id":"182325","name":"Sweet Biscuits","lastModified":"2023-06-13"}]},{"id":"187313","name":"Crackers","lastModified":"2023-06-13","children":[{"id":"182323","name":"Crackers & Savoury Biscuits","lastModified":"2023-06-13"}]},{"id":"105098","name":"Crisps","lastModified":"2023-06-13","children":[{"id":"186702","name":"Multipack Crisps & Snacks","lastModified":"2023-06-13"},{"id":"186705","name":"Sharing Crisps & Snacks","lastModified":"2023-06-13"},{"id":"186708","name":"Healthier Crisps","lastModified":"2023-06-13"},{"id":"186712","name":"Pretzels, Jerky & Scratchings","lastModified":"2023-06-13"},{"id":"186713","name":"Nuts & Seeds","lastModified":"2023-06-13"},{"id":"186717","name":"Crackers & Rice Cakes","lastModified":"2023-06-13"},{"id":"186718","name":"Meal Deal Crisps & Snacks","lastModified":"2023-06-13"},{"id":"186721","name":"Fruit Snacking","lastModified":"2023-06-13"}]},{"id":"104773","name":"Rice Pudding & Desserts","lastModified":"2023-06-13","children":[{"id":"104793","name":"Rice Pudding","lastModified":"2023-06-13"},{"id":"104792","name":"Sponge Pudding","lastModified":"2023-06-13"},{"id":"104787","name":"Cones, Flakes & Sauces","lastModified":"2023-06-13"},{"id":"104784","name":"Custard","lastModified":"2023-06-13"},{"id":"104783","name":"Jelly & Fruit","lastModified":"2023-06-13"},{"id":"104782","name":"Powdered Dessert Mix","lastModified":"2023-06-13"},{"id":"104778","name":"Bases & Meringues","lastModified":"2023-06-13"}]},{"id":"177910","name":"Morrison's Bakes It","lastModified":"2023-06-13","children":[{"id":"177911","name":"In the Bake","lastModified":"2023-06-13"},{"id":"177912","name":"Covering the Bake","lastModified":"2023-06-13"},{"id":"177913","name":"Decorating the Bake","lastModified":"2023-06-13"},{"id":"177914","name":"Family Baking & Sweet Mixes","lastModified":"2023-06-13"},{"id":"177915","name":"Bread & Pizza Making","lastModified":"2023-06-13"},{"id":"177916","name":"Seasonal","lastModified":"2023-06-13"}]},{"id":"104894","name":"Jams, Honey & Spreads","lastModified":"2023-06-13","children":[{"id":"104917","name":"Jam","lastModified":"2023-06-13"},{"id":"104914","name":"Marmalades","lastModified":"2023-06-13"},{"id":"104909","name":"Honey","lastModified":"2023-06-13"},{"id":"104906","name":"Chocolate & Sweet Spreads","lastModified":"2023-06-13"},{"id":"104901","name":"Peanut & Almond Butter","lastModified":"2023-06-13"},{"id":"104900","name":"Yeast Extracts","lastModified":"2023-06-13"},{"id":"106117","name":"Lemon Curds","lastModified":"2023-06-13"}]},{"id":"104867","name":"Sugar & Sweeteners","lastModified":"2023-06-13","children":[{"id":"155064","name":"White Granulated","lastModified":"2023-06-13"},{"id":"155065","name":"Caster Sugar","lastModified":"2023-06-13"},{"id":"155066","name":"Brown Sugar","lastModified":"2023-06-13"},{"id":"155067","name":"Icing Sugar","lastModified":"2023-06-13"},{"id":"155068","name":"Other Sugar","lastModified":"2023-06-13"},{"id":"155069","name":"Sweeteners","lastModified":"2023-06-13"}]},{"id":"171577","name":"Health & Wellbeing","lastModified":"2023-06-13","children":[{"id":"171578","name":"Cooking Ingredients","lastModified":"2023-06-13"},{"id":"171579","name":"Healthy Snacks","lastModified":"2023-06-13"},{"id":"171580","name":"Wholefoods","lastModified":"2023-06-13"},{"id":"171581","name":"Vitamins & Supplements","lastModified":"2023-06-13"},{"id":"171582","name":"Drinks","lastModified":"2023-06-13"},{"id":"166966","name":"Feel Good Foods","lastModified":"2023-06-13"}]},{"id":"184586","name":"Schwartz Shop - Sponsored ","lastModified":"2023-06-13","children":[{"id":"184581","name":"Seasonings","lastModified":"2023-06-13"},{"id":"184582","name":"Herbs","lastModified":"2023-06-13"},{"id":"184583","name":"Spices","lastModified":"2023-06-13"},{"id":"184584","name":"Recipe Mixes","lastModified":"2023-06-13"},{"id":"184585","name":"Sauces","lastModified":"2023-06-13"}]},{"id":"187371","name":"Snacks & Popcorn","lastModified":"2023-06-13","children":[{"id":"186709","name":"Popcorn","lastModified":"2023-06-13"}]},{"id":"188476","name":"Mcvities True Orignals - Sponsored Shop","lastModified":"2023-06-13","children":[{"id":"188470","name":"Mcvities","lastModified":"2023-06-13"},{"id":"188471","name":"Jacobs","lastModified":"2023-06-13"},{"id":"188472","name":"Mini Cheddars","lastModified":"2023-06-13"},{"id":"188473","name":"Jaffa Cakes","lastModified":"2023-06-13"},{"id":"188474","name":"Go Ahead","lastModified":"2023-06-13"},{"id":"188475","name":"Carr's","lastModified":"2023-06-13"}]},{"id":"188879","name":"Mars - Sponsored Shop","lastModified":"2023-07-03","children":[{"id":"188871","name":"Smarter Snacking","lastModified":"2023-07-03"},{"id":"188872","name":"Chocolate Bars","lastModified":"2023-07-03"},{"id":"188873","name":"Sweets","lastModified":"2023-07-03"},{"id":"188874","name":"Chewing Gum","lastModified":"2023-07-03"},{"id":"188875","name":"Chocolate Bags","lastModified":"2023-07-03"},{"id":"188876","name":"Chocolate Multipack","lastModified":"2023-07-03"},{"id":"188877","name":"Health & Wellbeing","lastModified":"2023-07-03"},{"id":"188878","name":"Funsize","lastModified":"2023-07-03"}]}]},{"id":"180331","name":"Frozen","lastModified":"2023-06-13","children":[{"id":"180396","name":"Ice Cream","lastModified":"2023-06-13","children":[{"id":"180406","name":"Ice Cream","lastModified":"2023-06-13"},{"id":"180404","name":"Ice","lastModified":"2023-06-13"},{"id":"187314","name":"Ice Lollies","lastModified":"2023-06-13"}]},{"id":"180364","name":"Fish & Seafood","lastModified":"2023-06-13","children":[{"id":"184981","name":"Fish Fingers","lastModified":"2023-06-13"},{"id":"184982","name":"Battered & Breaded Fish","lastModified":"2023-06-13"},{"id":"184983","name":"Fish Cakes & Shaped","lastModified":"2023-06-13"},{"id":"184984","name":"Fish Fillets","lastModified":"2023-06-13"},{"id":"184985","name":"Prawns & Seafood","lastModified":"2023-06-13"},{"id":"184986","name":"Scampi","lastModified":"2023-06-13"},{"id":"184987","name":"Fish In Sauce","lastModified":"2023-06-13"},{"id":"184988","name":"Fish Pies & Meals","lastModified":"2023-06-13"},{"id":"184989","name":"Morrisons Fishmongers Favourites","lastModified":"2023-06-13"}]},{"id":"180333","name":"Chicken & Meat","lastModified":"2023-06-13","children":[{"id":"184996","name":"Breaded Chicken","lastModified":"2023-06-13"},{"id":"184997","name":"Chicken, Turkey & Duck","lastModified":"2023-06-13"},{"id":"184998","name":"Burgers & Sausages","lastModified":"2023-06-13"},{"id":"184999","name":"Beef","lastModified":"2023-06-13"},{"id":"185001","name":"Pork, Bacon & Gammon","lastModified":"2023-06-13"}]},{"id":"185018","name":"Vegetarian & Vegan","lastModified":"2023-06-13","children":[{"id":"185024","name":"Mince, Fillets & Pieces","lastModified":"2023-06-13"},{"id":"185025","name":"Burgers & Sausages","lastModified":"2023-06-13"},{"id":"185026","name":"Nuggets & Fingers","lastModified":"2023-06-13"},{"id":"185027","name":"Bakes, Pies & Pastries","lastModified":"2023-06-13"},{"id":"185028","name":"Ready Meals & Pizza","lastModified":"2023-06-13"}]},{"id":"185019","name":"Free From","lastModified":"2023-06-13","children":[{"id":"185029","name":"Meat & Fish","lastModified":"2023-06-13"},{"id":"185030","name":"Chips, Potatoes & Yorkshire Puddings","lastModified":"2023-06-13"},{"id":"185031","name":"Pies & Pastry","lastModified":"2023-06-13"},{"id":"185032","name":"Ready Meals & Pizza","lastModified":"2023-06-13"},{"id":"180452","name":"Ice Cream & Desserts","lastModified":"2023-06-13"}]},{"id":"185020","name":"Vegetables & Sides","lastModified":"2023-06-13","children":[{"id":"185033","name":"Peas & Petit Pois","lastModified":"2023-06-13"},{"id":"185034","name":"Mixed Vegetables","lastModified":"2023-06-13"},{"id":"185035","name":"Sweetcorn & Carrots","lastModified":"2023-06-13"},{"id":"185036","name":"Greens & Cauliflower","lastModified":"2023-06-13"},{"id":"185037","name":"Roasting Vegetables","lastModified":"2023-06-13"},{"id":"185038","name":"Herbs & Ingredients","lastModified":"2023-06-13"},{"id":"185039","name":"Rice & Pasta","lastModified":"2023-06-13"},{"id":"185040","name":"Onion Rings & Breaded Mushrooms","lastModified":"2023-06-13"}]},{"id":"185021","name":"Chips & Potatoes","lastModified":"2023-06-13","children":[{"id":"185042","name":"Chips, Fries & Wedges","lastModified":"2023-06-13"},{"id":"185050","name":"Roast, Mashed & Jackets","lastModified":"2023-06-13"},{"id":"185051","name":"Waffles & Shapes","lastModified":"2023-06-13"},{"id":"185052","name":"Hash Browns & Croquettes","lastModified":"2023-06-13"}]},{"id":"185022","name":"Yorkshire Puddings & Sides","lastModified":"2023-06-13","children":[{"id":"180445","name":"Yorkshire Puddings","lastModified":"2023-06-13"},{"id":"180444","name":"Stuffing & Dumplings","lastModified":"2023-06-13"}]},{"id":"185023","name":"Pies","lastModified":"2023-06-13","children":[{"id":"181399","name":"Pies","lastModified":"2023-06-13"},{"id":"180413","name":"Sausage Rolls & Pastries","lastModified":"2023-06-13"}]},{"id":"185055","name":"Ready Meals","lastModified":"2023-06-13","children":[{"id":"185056","name":"Traditional Meals","lastModified":"2023-06-13"},{"id":"180419","name":"Indian Meals","lastModified":"2023-06-13"},{"id":"180420","name":"Italian Meals","lastModified":"2023-06-13"},{"id":"185062","name":"Mediterranean & Oriental Meals","lastModified":"2023-06-13"},{"id":"180417","name":"Diet & Healthy Meals","lastModified":"2023-06-13"},{"id":"185066","name":"Vegetarian & Vegan Meals","lastModified":"2023-06-13"},{"id":"185067","name":"Baby & Toddler Meals","lastModified":"2023-06-13"}]},{"id":"185069","name":"Party Food","lastModified":"2023-06-13"},{"id":"180424","name":"Snacking","lastModified":"2023-06-13"},{"id":"180426","name":"Pizza","lastModified":"2023-06-13","children":[{"id":"180433","name":"Thin Crust","lastModified":"2023-06-13"},{"id":"180432","name":"Takeaway","lastModified":"2023-06-13"},{"id":"180429","name":"Light Meals & Snacking","lastModified":"2023-06-13"},{"id":"180430","name":"Deep Pan","lastModified":"2023-06-13"},{"id":"180431","name":"Dietary","lastModified":"2023-06-13"}]},{"id":"180425","name":"Garlic Bread","lastModified":"2023-06-13"},{"id":"180464","name":"Easy Meal Times","lastModified":"2023-06-13","children":[{"id":"180465","name":"Big Night In","lastModified":"2023-06-13"},{"id":"180466","name":"Kids Quick Tea","lastModified":"2023-06-13"},{"id":"180467","name":"Healthier Choices","lastModified":"2023-06-13"},{"id":"180468","name":"Meat Free Meals","lastModified":"2023-06-13"},{"id":"180469","name":"Easy Midweek Meals","lastModified":"2023-06-13"},{"id":"180470","name":"Roast Dinner","lastModified":"2023-06-13"}]},{"id":"180463","name":"World Foods","lastModified":"2023-06-13"},{"id":"186855","name":"McCain Shop - Sponsored","lastModified":"2023-06-13","children":[{"id":"186846","name":"Home Chips","lastModified":"2023-06-13"},{"id":"186847","name":"Crisps French Fries","lastModified":"2023-06-13"},{"id":"186848","name":"Quick Chips","lastModified":"2023-06-13"},{"id":"186849","name":"Gastro","lastModified":"2023-06-13"},{"id":"186850","name":"Naked Oven Chips","lastModified":"2023-06-13"},{"id":"186851","name":"Wedges & Kids","lastModified":"2023-06-13"},{"id":"186852","name":"Croquettes & Roasts","lastModified":"2023-06-13"},{"id":"186853","name":"Jackets","lastModified":"2023-06-13"},{"id":"186854","name":"Hash Brown","lastModified":"2023-06-13"}]},{"id":"180395","name":"Desserts","lastModified":"2023-06-13","children":[{"id":"180397","name":"Gateaux & Cheesecakes","lastModified":"2023-06-13"},{"id":"180398","name":"Ice Cream Desserts","lastModified":"2023-06-13"},{"id":"180399","name":"Meringues & Roulades","lastModified":"2023-06-13"},{"id":"180400","name":"Sponges, Crumbles & Pies","lastModified":"2023-06-13"},{"id":"180401","name":"Tarts & Pastries","lastModified":"2023-06-13"},{"id":"187359","name":"Pastry","lastModified":"2023-06-13"}]},{"id":"180403","name":"Fruit","lastModified":"2023-06-13"}]},{"id":"103644","name":"Drinks","lastModified":"2023-06-13","children":[{"id":"161007","name":"Coffee","lastModified":"2023-06-13","children":[{"id":"161016","name":"Iced Coffee","lastModified":"2023-06-13"}]},{"id":"155074","name":"Fizzy Drinks","lastModified":"2023-06-13","children":[{"id":"155070","name":"Cola","lastModified":"2023-06-13"},{"id":"155071","name":"Lemonade","lastModified":"2023-06-13"},{"id":"155072","name":"Orange & Fruit Flavours","lastModified":"2023-06-13"},{"id":"155073","name":"Traditional Flavours","lastModified":"2023-06-13"}]},{"id":"155286","name":"Chilled Juice","lastModified":"2023-06-13","children":[{"id":"155298","name":"Chilled Juice","lastModified":"2023-06-13"},{"id":"155299","name":"Chilled Smoothies","lastModified":"2023-06-13"},{"id":"175530","name":"Family Packs","lastModified":"2023-06-13"},{"id":"155301","name":"Added Health & Coconut Water","lastModified":"2023-06-13"}]},{"id":"155285","name":"Ambient Juice","lastModified":"2023-06-13","children":[{"id":"155287","name":"Apple","lastModified":"2023-06-13"},{"id":"155288","name":"Tropical & Other Citrus","lastModified":"2023-06-13"},{"id":"155289","name":"Grape","lastModified":"2023-06-13"},{"id":"155290","name":"Orange","lastModified":"2023-06-13"},{"id":"155291","name":"Red Fruits, Grapes & Berries","lastModified":"2023-06-13"},{"id":"155292","name":"Tomato & Vegetable","lastModified":"2023-06-13"},{"id":"176149","name":"Reduced Sugar","lastModified":"2023-06-13"}]},{"id":"155111","name":"Squash","lastModified":"2023-06-13","children":[{"id":"155106","name":"Apple, Blackcurrant & Summerfruit","lastModified":"2023-06-13"},{"id":"155107","name":"Barley","lastModified":"2023-06-13"},{"id":"155108","name":"High Juice","lastModified":"2023-06-13"},{"id":"155109","name":"Lemon & Lime","lastModified":"2023-06-13"},{"id":"155110","name":"Orange","lastModified":"2023-06-13"}]},{"id":"155097","name":"Kids & Lunchbox Drinks","lastModified":"2023-06-13"},{"id":"106188","name":"Still & Sparkling Fruit Drinks","lastModified":"2023-06-13","children":[{"id":"106192","name":"Still Fruit Drinks","lastModified":"2023-06-13"},{"id":"106189","name":"Sparkling Fruit Drinks","lastModified":"2023-06-13"}]},{"id":"155115","name":"Water","lastModified":"2023-06-13","children":[{"id":"155112","name":"Flavoured Water & Vitamin Water","lastModified":"2023-06-13"},{"id":"155113","name":"Sparkling Water","lastModified":"2023-06-13"},{"id":"155114","name":"Still Water","lastModified":"2023-06-13"}]},{"id":"155047","name":"Energy & Sports","lastModified":"2023-06-13","children":[{"id":"155045","name":"Energy Drinks","lastModified":"2023-06-13"},{"id":"155046","name":"Sports Drinks","lastModified":"2023-06-13"}]},{"id":"106026","name":"Milk & Dairy Drinks","lastModified":"2023-06-13","children":[{"id":"157109","name":"Fresh Milk","lastModified":"2023-06-13"},{"id":"157117","name":"Milkshake, Iced Coffee & Protein Drinks","lastModified":"2023-06-13"},{"id":"157126","name":"Dairy Free Milk","lastModified":"2023-06-13"},{"id":"104370","name":"Yogurt Health Drinks","lastModified":"2023-06-13"}]},{"id":"155105","name":"Mixers & Adult Soft Drinks","lastModified":"2023-06-13","children":[{"id":"155098","name":"Adult Soft Drinks","lastModified":"2023-06-13"},{"id":"155099","name":"Bitter Lemon","lastModified":"2023-06-13"},{"id":"155100","name":"Cordials","lastModified":"2023-06-13"},{"id":"155101","name":"Ginger Ale","lastModified":"2023-06-13"},{"id":"155102","name":"Other Mixers","lastModified":"2023-06-13"},{"id":"155103","name":"Soda Water","lastModified":"2023-06-13"},{"id":"155104","name":"Tonic Water","lastModified":"2023-06-13"}]},{"id":"170328","name":"Coca Cola Shop - Sponsored","lastModified":"2023-06-13","children":[{"id":"181936","name":"Coca-Cola Zero Sugar","lastModified":"2023-06-13"},{"id":"181937","name":"Diet Coke","lastModified":"2023-06-13"},{"id":"181935","name":"Coca-Cola Original Taste","lastModified":"2023-06-13"},{"id":"181939","name":"Monster Energy","lastModified":"2023-06-13"},{"id":"181938","name":"Fanta, Dr Pepper & Sprite","lastModified":"2023-06-13"},{"id":"181940","name":"Schweppes","lastModified":"2023-06-13"}]},{"id":"188606","name":"Robinsons Sponsored Shop","lastModified":"2023-06-13","children":[{"id":"188600","name":"Family Favourites","lastModified":"2023-06-13"},{"id":"188601","name":"Fruit & Wellness","lastModified":"2023-06-13"},{"id":"188602","name":"Fruit Creations","lastModified":"2023-06-13"},{"id":"188603","name":"Fruit Cordial","lastModified":"2023-06-13"},{"id":"188604","name":"Fruit Mini","lastModified":"2023-06-13"},{"id":"188605","name":"Fruit Shoot","lastModified":"2023-06-13"}]},{"id":"188808","name":"Vimto - Delivery Pass Competition","lastModified":"2023-06-14"}]},{"id":"103120","name":"Beer, Wines & Spirits","lastModified":"2023-06-13","children":[{"id":"188852","name":"Buy 3 Save 25% Best Wine Deal","lastModified":"2023-06-23"},{"id":"187932","name":"Beer Deals","lastModified":"2023-06-23"},{"id":"176432","name":"Wine & Champagne","lastModified":"2023-06-23","children":[{"id":"176433","name":"Red Wine","lastModified":"2023-06-13"},{"id":"176434","name":"White Wine","lastModified":"2023-06-13"},{"id":"176435","name":"Rose Wine","lastModified":"2023-06-13"},{"id":"176436","name":"Champagne, Prosecco & Sparkling Wine","lastModified":"2023-06-13"},{"id":"176569","name":"Morrisons The Best","lastModified":"2023-06-13"},{"id":"176441","name":"Fortified Wines & Miscellaneous","lastModified":"2023-06-14"},{"id":"176442","name":"Boxed Wine","lastModified":"2023-06-14"},{"id":"176443","name":"Low & No Alcohol ","lastModified":"2023-06-14"},{"id":"176444","name":"Small Bottles","lastModified":"2023-06-14"},{"id":"176445","name":"Wine Fusions","lastModified":"2023-06-14"},{"id":"185589","name":"Wine Case Deals","lastModified":"2023-06-14"}]},{"id":"150066","name":"Beer","lastModified":"2023-06-23","children":[{"id":"175336","name":"Multi Packs","lastModified":"2023-06-13"},{"id":"161711","name":"Bitter","lastModified":"2023-06-13"},{"id":"161712","name":"Craft Beer","lastModified":"2023-06-13"},{"id":"161714","name":"Speciality Beer","lastModified":"2023-06-13"}]},{"id":"161713","name":"Lager","lastModified":"2023-06-23","children":[{"id":"161719","name":"Multi Packs","lastModified":"2023-06-13"},{"id":"161720","name":"Bottles ","lastModified":"2023-06-13"},{"id":"161721","name":"Cans","lastModified":"2023-06-13"},{"id":"161722","name":"No\u002FLow Alcohol","lastModified":"2023-06-13"},{"id":"165905","name":"Kegs","lastModified":"2023-07-08"}]},{"id":"184399","name":"Ale","lastModified":"2023-06-23"},{"id":"184400","name":"Craft","lastModified":"2023-06-23","children":[{"id":"184403","name":"Ale","lastModified":"2023-06-13"},{"id":"184404","name":"IPA","lastModified":"2023-06-13"},{"id":"184405","name":"Pale Ale","lastModified":"2023-06-13"},{"id":"184406","name":"Pilsner & Lager","lastModified":"2023-06-13"},{"id":"184407","name":"Sour","lastModified":"2023-06-13"},{"id":"184408","name":"Stout\u002FPorter","lastModified":"2023-06-13"},{"id":"184409","name":"Wheat & Abbey","lastModified":"2023-06-13"}]},{"id":"150057","name":"Cider","lastModified":"2023-06-23","children":[{"id":"175337","name":"Multi Packs Cider","lastModified":"2023-06-13"},{"id":"151535","name":"Apple Cider","lastModified":"2023-06-13"},{"id":"151534","name":"Pear Cider","lastModified":"2023-06-13"},{"id":"151533","name":"Fruit Cider","lastModified":"2023-06-13"},{"id":"151529","name":"Cider Bottles","lastModified":"2023-06-13"},{"id":"151528","name":"Cider Cans","lastModified":"2023-06-13"},{"id":"165857","name":"Cider Kegs","lastModified":"2023-06-13"}]},{"id":"182578","name":"Hard Seltzer","lastModified":"2023-06-23"},{"id":"105916","name":"Spirits & Liqueurs","lastModified":"2023-06-23","children":[{"id":"151525","name":"Vodka","lastModified":"2023-06-13"},{"id":"151526","name":"Gin","lastModified":"2023-06-13"},{"id":"151520","name":"Rum","lastModified":"2023-06-13"},{"id":"151509","name":"Whisky","lastModified":"2023-06-13"},{"id":"151517","name":"Brandy","lastModified":"2023-06-13"},{"id":"151516","name":"Liqueurs","lastModified":"2023-06-13"},{"id":"151515","name":"Speciality Spirits","lastModified":"2023-06-13"},{"id":"151527","name":"Pre Mixed Drinks & Cocktails","lastModified":"2023-06-13"},{"id":"103122","name":"Tonic Water & Mixers","lastModified":"2023-06-13"}]},{"id":"187923","name":"No\u002FLow Alcohol","lastModified":"2023-06-23","children":[{"id":"187919","name":"Beer\u002FLager","lastModified":"2023-06-13"},{"id":"187920","name":"Cider","lastModified":"2023-06-13"},{"id":"187921","name":"Wines","lastModified":"2023-06-13"},{"id":"187922","name":"Spirits","lastModified":"2023-06-13"}]},{"id":"169700","name":"Gluten Free","lastModified":"2023-06-23"},{"id":"160339","name":"Gifts","lastModified":"2023-06-23"},{"id":"186481","name":"Vaping & Tobacco","lastModified":"2023-06-23","children":[{"id":"186482","name":"Vaping","lastModified":"2023-06-13"},{"id":"186486","name":"Nicotine Pouches","lastModified":"2023-06-13"},{"id":"186483","name":"Cigarettes","lastModified":"2023-06-13"},{"id":"186484","name":"Rolling Tobacco","lastModified":"2023-06-13"},{"id":"186485","name":"Cigars","lastModified":"2023-06-13"},{"id":"186487","name":"Heated Tobacco Devices","lastModified":"2023-06-13"},{"id":"186488","name":"Accessories","lastModified":"2023-06-13"}]},{"id":"176226","name":"Gin Shop","lastModified":"2023-06-23","children":[{"id":"176227","name":"Citrus Gin","lastModified":"2023-06-13"},{"id":"176228","name":"Floral Gin","lastModified":"2023-06-13"},{"id":"176229","name":"Fruit Gin","lastModified":"2023-06-13"},{"id":"176230","name":"Spice Gin","lastModified":"2023-06-13"},{"id":"176231","name":"Juniper Gin","lastModified":"2023-06-13"},{"id":"176232","name":"Herbal Gin","lastModified":"2023-06-13"}]},{"id":"187627","name":"Cider Shop - Sponsored","lastModified":"2023-06-23","children":[{"id":"187622","name":"Fruit Cider","lastModified":"2023-06-13"},{"id":"187623","name":"Larger Packs","lastModified":"2023-06-13"},{"id":"187624","name":"Apple Cider","lastModified":"2023-06-13"},{"id":"187625","name":"No & Low Alcohol","lastModified":"2023-06-13"},{"id":"187626","name":"Cider For Every Occasion","lastModified":"2023-06-13"}]},{"id":"188776","name":"Cocktail Shop - Sponsored","lastModified":"2023-06-26","children":[{"id":"188767","name":"Passion Fruit Martini","lastModified":"2023-06-26"},{"id":"188768","name":"Pina Colada","lastModified":"2023-06-26"},{"id":"188769","name":"Passion Fruit Mojito","lastModified":"2023-06-26"},{"id":"188770","name":"Strawberry Daiquiri","lastModified":"2023-06-26"},{"id":"188771","name":"Gin Rosa Spritz","lastModified":"2023-06-26"},{"id":"188772","name":"Espresso Martini","lastModified":"2023-06-26"},{"id":"188773","name":"Margarita","lastModified":"2023-06-26"},{"id":"188774","name":"Gin Martini","lastModified":"2023-06-26"},{"id":"188775","name":"Black Barrel Old Fashioned","lastModified":"2023-06-26"}]}]},{"id":"102838","name":"Toiletries & Beauty","lastModified":"2023-06-29","children":[{"id":"185487","name":"September","lastModified":"2023-06-13","children":[{"id":"187142","name":"September Body","lastModified":"2023-06-13"},{"id":"187143","name":"September Hair","lastModified":"2023-06-13"},{"id":"187144","name":"September Scent","lastModified":"2023-06-13"},{"id":"187145","name":"September Skin","lastModified":"2023-06-13"}]},{"id":"186940","name":"Keia","lastModified":"2023-06-13","children":[{"id":"187153","name":"Keia Skin & Body","lastModified":"2023-06-13"},{"id":"187154","name":"Keia Hair","lastModified":"2023-06-13"},{"id":"187155","name":"Keia Bath & Shower","lastModified":"2023-06-13"},{"id":"187157","name":"Keia Scent","lastModified":"2023-06-13"}]},{"id":"187103","name":"Menopause","lastModified":"2023-06-13","children":[{"id":"187284","name":"Intimate Care","lastModified":"2023-06-13"},{"id":"187285","name":"Vitamins & Supplements","lastModified":"2023-06-13"},{"id":"187286","name":"Joint Care","lastModified":"2023-06-13"},{"id":"187287","name":"Haircare","lastModified":"2023-06-13"},{"id":"187288","name":"Skincare","lastModified":"2023-06-13"},{"id":"187289","name":"Wellness","lastModified":"2023-06-13"},{"id":"187290","name":"Incontinence","lastModified":"2023-06-13"},{"id":"187291","name":"Constipation & Bloating","lastModified":"2023-06-13"}]},{"id":"184885","name":"Pamper At Home","lastModified":"2023-06-13","children":[{"id":"184886","name":"Hair","lastModified":"2023-06-13"},{"id":"184887","name":"Body","lastModified":"2023-06-13"},{"id":"184888","name":"Face","lastModified":"2023-06-13"},{"id":"184889","name":"Nails","lastModified":"2023-06-13"}]},{"id":"103040","name":"Hair Care","lastModified":"2023-06-13","children":[{"id":"181078","name":"Shampoo & Conditioner","lastModified":"2023-06-13"},{"id":"181082","name":"Hair Treatments & Masks","lastModified":"2023-06-13"},{"id":"181090","name":"Hair Styling & Hairspray ","lastModified":"2023-06-13"},{"id":"181095","name":"Dry Shampoo","lastModified":"2023-06-13"},{"id":"181106","name":"Hair Dye","lastModified":"2023-06-13"},{"id":"181110","name":"Hair Accessories","lastModified":"2023-06-13"},{"id":"181114","name":"Kids Hair","lastModified":"2023-06-13"},{"id":"181120","name":"Mens Hair","lastModified":"2023-06-13"}]},{"id":"103094","name":"Dental Care","lastModified":"2023-06-13","children":[{"id":"181127","name":"Toothpaste","lastModified":"2023-06-13"},{"id":"181132","name":"Toothbrushes","lastModified":"2023-06-13"},{"id":"181139","name":"Childrens","lastModified":"2023-06-13"},{"id":"181144","name":"Electric Toothbrushes & Brush Heads","lastModified":"2023-06-13"},{"id":"181150","name":"Mouthwash","lastModified":"2023-06-13"},{"id":"181153","name":"Dentures","lastModified":"2023-06-13"},{"id":"181157","name":"Dental Accessories","lastModified":"2023-06-13"}]},{"id":"102947","name":"Skin Care","lastModified":"2023-06-13","children":[{"id":"181211","name":"Facial Moisturising","lastModified":"2023-06-13"},{"id":"181217","name":"Facial Cleaners, Toners & Face Masks","lastModified":"2023-06-13"},{"id":"181218","name":"Facial Wipes","lastModified":"2023-06-13"},{"id":"181222","name":"Body Skin Care","lastModified":"2023-06-13"},{"id":"181226","name":"Lip, Hand & Foot Care","lastModified":"2023-06-13"},{"id":"181234","name":"Medicated Skin Care","lastModified":"2023-06-13"},{"id":"181239","name":"Self Tan","lastModified":"2023-06-13"},{"id":"181240","name":"Sun Care & Travel","lastModified":"2023-06-13"},{"id":"181241","name":"Cotton Wool","lastModified":"2023-06-13"}]},{"id":"102930","name":"Deodorants & Body Sprays","lastModified":"2023-06-13","children":[{"id":"181158","name":"Womens Deodorants Sprays","lastModified":"2023-06-13"},{"id":"181159","name":"Womens Body Sprays & Body Mists","lastModified":"2023-06-13"},{"id":"181160","name":"Womens Roll Ons & Sticks","lastModified":"2023-06-13"},{"id":"181161","name":"Mens Deodorants Sprays","lastModified":"2023-06-13"},{"id":"181162","name":"Mens Body Sprays","lastModified":"2023-06-13"},{"id":"181163","name":"Mens Rolls Ons & Sticks","lastModified":"2023-06-13"},{"id":"181165","name":"Fragrance","lastModified":"2023-06-13"}]},{"id":"102889","name":"Men's Toiletries","lastModified":"2023-06-13","children":[{"id":"181177","name":"Razors & Blades","lastModified":"2023-06-13"},{"id":"181178","name":"Beard Care","lastModified":"2023-06-13"},{"id":"181183","name":"Shaving Gel & Foam","lastModified":"2023-06-13"},{"id":"181187","name":"Deodorants & Body Sprays","lastModified":"2023-06-13"},{"id":"181188","name":"Shower Gel & Body Wash","lastModified":"2023-06-13"},{"id":"181193","name":"Skincare","lastModified":"2023-06-13"},{"id":"181199","name":"Haircare","lastModified":"2023-06-13"},{"id":"181202","name":"Bladder Weakness","lastModified":"2023-06-13"},{"id":"181203","name":"Aftershave & Fragrances For Him","lastModified":"2023-06-13"},{"id":"184517","name":"Mens Electrical Grooming","lastModified":"2023-06-13"}]},{"id":"102993","name":"Bath, Shower & Soap","lastModified":"2023-06-13","children":[{"id":"181167","name":"Bath","lastModified":"2023-06-13"},{"id":"181168","name":"Shower","lastModified":"2023-06-13"},{"id":"181169","name":"Soap & Hand Wash","lastModified":"2023-06-13"},{"id":"183802","name":"Hand Sanitiser","lastModified":"2023-06-13"},{"id":"181170","name":"Bath Accessories","lastModified":"2023-06-13"},{"id":"181171","name":"Kids","lastModified":"2023-06-13"},{"id":"181172","name":"Mens","lastModified":"2023-06-13"}]},{"id":"172669","name":"Period Products","lastModified":"2023-06-13","children":[{"id":"181253","name":"Liners","lastModified":"2023-06-13"},{"id":"181256","name":"Tampons","lastModified":"2023-06-13"},{"id":"181260","name":"Towels & Pads","lastModified":"2023-06-13"},{"id":"181261","name":"Intimate Wash & Wipes","lastModified":"2023-06-13"},{"id":"181262","name":"Sustainables and Reusables","lastModified":"2023-06-13"}]},{"id":"180850","name":"Shaving & Hair Removal","lastModified":"2023-06-13","children":[{"id":"180844","name":"Womens Razors & Blades","lastModified":"2023-06-13"},{"id":"184507","name":"Womens Disposable Razors","lastModified":"2023-06-13"},{"id":"180846","name":"Womens Shaving Creams","lastModified":"2023-06-13"},{"id":"180847","name":"Womens Shaving Gels","lastModified":"2023-06-13"},{"id":"180845","name":"Womens Waxing","lastModified":"2023-06-13"},{"id":"184508","name":"Womens Hair Removal Cream","lastModified":"2023-06-13"},{"id":"180849","name":"Mens Razors & Blades","lastModified":"2023-06-13"}]},{"id":"159433","name":"Make Up & Nails","lastModified":"2023-06-13","children":[{"id":"181242","name":"Face","lastModified":"2023-06-13"},{"id":"181243","name":"Eyes","lastModified":"2023-06-13"},{"id":"181244","name":"Lips","lastModified":"2023-06-13"},{"id":"181245","name":"Nails","lastModified":"2023-06-13"},{"id":"181246","name":"Make Up & Nails Tools","lastModified":"2023-06-13"},{"id":"181248","name":"Gifts","lastModified":"2023-06-28"}]},{"id":"180872","name":"Gifting & Fragrances","lastModified":"2023-06-13","children":[{"id":"180869","name":"Gifting","lastModified":"2023-06-13"},{"id":"180870","name":"Aftershave & Fragrances For Him","lastModified":"2023-06-13"},{"id":"180871","name":"Perfume & Fragrances For Her","lastModified":"2023-06-13"}]},{"id":"172663","name":"Incontinence","lastModified":"2023-06-13","children":[{"id":"184868","name":"Few Drops Or Less","lastModified":"2023-06-13"},{"id":"184869","name":"Occasional Leaks","lastModified":"2023-06-13"},{"id":"184870","name":"Frequent Leaks","lastModified":"2023-06-13"},{"id":"184871","name":"Night-time Leaks","lastModified":"2023-06-13"},{"id":"184872","name":"Large Leaks","lastModified":"2023-06-13"},{"id":"172660","name":"Liners","lastModified":"2023-06-13"},{"id":"172661","name":"Pads","lastModified":"2023-06-13"},{"id":"172662","name":"Pants","lastModified":"2023-06-13"},{"id":"172658","name":"For Men","lastModified":"2023-06-13"},{"id":"172659","name":"Intimate Care","lastModified":"2023-06-13"},{"id":"184509","name":"Protection","lastModified":"2023-06-13"}]},{"id":"102849","name":"Holiday Shop","lastModified":"2023-06-13","children":[{"id":"181263","name":"Sun Care","lastModified":"2023-06-13"},{"id":"181264","name":"Insect Repellent","lastModified":"2023-06-13"},{"id":"181691","name":"Travel Size Toiletries","lastModified":"2023-06-13"}]},{"id":"156904","name":"Tissue","lastModified":"2023-06-13","children":[{"id":"156916","name":"Morrisons","lastModified":"2023-06-13"},{"id":"156920","name":"Luxury","lastModified":"2023-06-13"},{"id":"156928","name":"Everyday","lastModified":"2023-06-13"}]},{"id":"183498","name":"Great British Brands - Sponsored ","lastModified":"2023-06-13","children":[{"id":"183494","name":"Carex","lastModified":"2023-06-13"},{"id":"183495","name":"Imperial Leather","lastModified":"2023-06-13"},{"id":"183496","name":"Original Source","lastModified":"2023-06-13"},{"id":"183497","name":"Antibacterial Hygiene Essentials","lastModified":"2023-06-13"}]},{"id":"185997","name":"Expert Dental Care - Sponsored","lastModified":"2023-06-13","children":[{"id":"185993","name":"Sensodyne","lastModified":"2023-06-13"},{"id":"185994","name":"Corsodyl","lastModified":"2023-06-13"},{"id":"185995","name":"Aquafresh","lastModified":"2023-06-13"},{"id":"185996","name":"Pronamel","lastModified":"2023-06-13"}]},{"id":"187337","name":"Menopause Shop - Sponsored Shop","lastModified":"2023-06-13","children":[{"id":"187333","name":"Incontinence","lastModified":"2023-06-13"},{"id":"187334","name":"Period Care","lastModified":"2023-06-13"},{"id":"187335","name":"Intimate Care","lastModified":"2023-06-13"},{"id":"187336","name":"Vitamins","lastModified":"2023-06-13"}]},{"id":"187842","name":"Sanex - Sponsored Shop","lastModified":"2023-06-13","children":[{"id":"187837","name":"All & Dry Skin Types","lastModified":"2023-06-13"},{"id":"187838","name":"Sensitive Skin","lastModified":"2023-06-13"},{"id":"187839","name":"Zero%","lastModified":"2023-06-13"},{"id":"187840","name":"Kids","lastModified":"2023-06-13"},{"id":"187841","name":"Bath","lastModified":"2023-06-13"}]},{"id":"187848","name":"Colgate - Sponsored Shop","lastModified":"2023-06-13","children":[{"id":"187843","name":"Complete Care","lastModified":"2023-06-13"},{"id":"187844","name":"Premium Whitening","lastModified":"2023-06-13"},{"id":"187845","name":"Sensitivity & Gum","lastModified":"2023-06-13"},{"id":"187846","name":"Kids","lastModified":"2023-06-13"},{"id":"187847","name":"Toothbrushes & Mouthwash","lastModified":"2023-06-13"}]},{"id":"188890","name":"Sensodyne - Sponsored Shop","lastModified":"2023-07-03","children":[{"id":"188893","name":"Sensitive Teeth","lastModified":"2023-07-03"},{"id":"188894","name":"Gum Health","lastModified":"2023-07-03"},{"id":"188895","name":"Enamel Care","lastModified":"2023-07-03"},{"id":"188896","name":"Dental care for your family","lastModified":"2023-07-03"}]}]},{"id":"102063","name":"Household","lastModified":"2023-06-29","children":[{"id":"102064","name":"Cleaning Cupboard","lastModified":"2023-06-13","children":[{"id":"102072","name":"All Purpose Cleaners","lastModified":"2023-06-13"},{"id":"102073","name":"Kitchen & Oven","lastModified":"2023-06-13"},{"id":"153571","name":"Limescale & Drain Unblocker","lastModified":"2023-06-13"},{"id":"153580","name":"Bathroom & Shower","lastModified":"2023-06-13"},{"id":"102074","name":"Toilet Cleaners","lastModified":"2023-06-13"},{"id":"102075","name":"Bleach & Disinfectant","lastModified":"2023-06-13"},{"id":"153585","name":"Floor & Carpet","lastModified":"2023-06-13"},{"id":"153589","name":"Window","lastModified":"2023-06-13"},{"id":"102066","name":"Polish","lastModified":"2023-06-13"},{"id":"153249","name":"Cleaning Accessories","lastModified":"2023-06-13"},{"id":"102065","name":"Eco Friendly","lastModified":"2023-06-13"}]},{"id":"102076","name":"Laundry","lastModified":"2023-06-13","children":[{"id":"154445","name":"Detergents","lastModified":"2023-06-13"},{"id":"154477","name":"Fabric Enhancers","lastModified":"2023-06-13"},{"id":"154451","name":"Stain Removers","lastModified":"2023-06-13"},{"id":"155752","name":"Bleach & Additives","lastModified":"2023-06-13"},{"id":"154487","name":"Laundry Accessories","lastModified":"2023-06-13"}]},{"id":"102088","name":"Dishwashing","lastModified":"2023-06-13","children":[{"id":"109224","name":"Auto Dishwashing","lastModified":"2023-06-13"},{"id":"102168","name":"Hand Dishwashing ","lastModified":"2023-06-13"}]},{"id":"156894","name":"Toilet Rolls","lastModified":"2023-06-13","children":[{"id":"188048","name":"Quilted Toilet Roll","lastModified":"2023-06-13"},{"id":"188049","name":"Scented Toilet Roll","lastModified":"2023-06-13"},{"id":"188052","name":"Small Packs (2-6 Rolls)","lastModified":"2023-06-13"},{"id":"188051","name":"Medium Pack (9-12 Rolls)","lastModified":"2023-06-13"},{"id":"188050","name":"Large Packs (16+ Rolls)","lastModified":"2023-06-13"},{"id":"188053","name":"Moist Toilet Tissue","lastModified":"2023-06-13"}]},{"id":"161777","name":"Kitchen Roll","lastModified":"2023-06-13"},{"id":"102115","name":"Air Fresheners","lastModified":"2023-06-13","children":[{"id":"162100","name":"Scent Collections","lastModified":"2023-06-13"},{"id":"162101","name":"Plug Ins & Refills","lastModified":"2023-06-13"},{"id":"162102","name":"Autosprays & Refills","lastModified":"2023-06-13"},{"id":"162103","name":"Aerosols","lastModified":"2023-06-13"},{"id":"162104","name":"Candles, Reeds and Wax Melts","lastModified":"2023-06-13"},{"id":"162105","name":"Gels","lastModified":"2023-06-13"},{"id":"162106","name":"Car Air Fresheners","lastModified":"2023-06-13"}]},{"id":"102103","name":"Cling Film, Food Bags & Foil","lastModified":"2023-06-13","children":[{"id":"102108","name":"Cling Film","lastModified":"2023-06-13"},{"id":"102107","name":"Foil","lastModified":"2023-06-13"},{"id":"102106","name":"Food Bags","lastModified":"2023-06-13"},{"id":"102105","name":"Baking Paper","lastModified":"2023-06-13"}]},{"id":"102125","name":"Bin Bags","lastModified":"2023-06-13","children":[{"id":"102127","name":"Bin Liners","lastModified":"2023-06-13"},{"id":"102126","name":"Refuse Sacks","lastModified":"2023-06-13"}]},{"id":"156895","name":"Tissue","lastModified":"2023-06-13","children":[{"id":"156910","name":"Morrisons","lastModified":"2023-06-13"},{"id":"156911","name":"Kleenex","lastModified":"2023-06-13"},{"id":"156914","name":"Luxury","lastModified":"2023-06-13"},{"id":"156915","name":"Everyday","lastModified":"2023-06-13"}]},{"id":"102140","name":"Shoe Care","lastModified":"2023-06-13","children":[{"id":"151239","name":"Shoe Insoles","lastModified":"2023-06-13"},{"id":"151238","name":"Shoe Laces","lastModified":"2023-06-13"},{"id":"151237","name":"Shoe Polish","lastModified":"2023-06-13"},{"id":"151240","name":"Shoe Deodorant","lastModified":"2023-06-13"}]},{"id":"156929","name":"Insect Killers","lastModified":"2023-06-13"},{"id":"159078","name":"Bigger Packs","lastModified":"2023-06-13"},{"id":"102129","name":"Matches & Firelighters","lastModified":"2023-06-13","children":[{"id":"102147","name":"Matches","lastModified":"2023-06-13"},{"id":"102146","name":"Fire Lighters","lastModified":"2023-06-13"}]},{"id":"188047","name":"Household Clean Up - Sponsored Shop","lastModified":"2023-06-13","children":[{"id":"188041","name":"Persil","lastModified":"2023-06-13"},{"id":"188042","name":"Comfort","lastModified":"2023-06-13"},{"id":"188043","name":"Surf","lastModified":"2023-06-13"},{"id":"188044","name":"Domestos","lastModified":"2023-06-13"},{"id":"188045","name":"Cif","lastModified":"2023-06-13"},{"id":"188046","name":"Bigger Packs","lastModified":"2023-06-13"}]}]},{"id":"166274","name":"Home & Garden","lastModified":"2023-06-29","children":[{"id":"161139","name":"BBQ, Garden & Outdoor Living","lastModified":"2023-06-13","children":[{"id":"161143","name":"BBQ, Picnic & Disposable Tableware","lastModified":"2023-06-13"},{"id":"161148","name":"Hanging Baskets & Planters","lastModified":"2023-06-13"},{"id":"161149","name":"Kids Gardening ","lastModified":"2023-06-13"},{"id":"161150","name":"Outdoor Toys","lastModified":"2023-06-13"},{"id":"161825","name":"Camping","lastModified":"2023-06-13"},{"id":"161826","name":"Fuels & Lighters","lastModified":"2023-06-13"},{"id":"165827","name":"Candles, Outdoor Lighting & Decor","lastModified":"2023-06-13"},{"id":"165463","name":"Chemicals & Fertilisers","lastModified":"2023-06-13"},{"id":"165464","name":"Garden Accessories","lastModified":"2023-06-13"},{"id":"165465","name":"Garden Tools & Watering","lastModified":"2023-06-13"}]},{"id":"166317","name":"Kitchen","lastModified":"2023-06-13","children":[{"id":"166327","name":"Cookware","lastModified":"2023-06-13"},{"id":"166328","name":"Food & Drink Storage","lastModified":"2023-06-13"},{"id":"166329","name":"Baking & Preserving","lastModified":"2023-06-13"},{"id":"166330","name":"Utensils & Food Preparation","lastModified":"2023-06-13"},{"id":"166331","name":"Kitchen Utensils & Linen","lastModified":"2023-06-13"},{"id":"166332","name":"Small Appliances ","lastModified":"2023-06-13"}]},{"id":"166318","name":"Dining","lastModified":"2023-06-13","children":[{"id":"168965","name":"Dinner Sets","lastModified":"2023-06-13"},{"id":"166391","name":"Mugs & Cups","lastModified":"2023-06-13"},{"id":"166392","name":"Tableware","lastModified":"2023-06-13"},{"id":"166393","name":"Cutlery","lastModified":"2023-06-13"},{"id":"166394","name":"Serveware","lastModified":"2023-06-13"},{"id":"166395","name":"Table Accessories","lastModified":"2023-06-13"},{"id":"166396","name":"Kids Dining","lastModified":"2023-06-13"},{"id":"166397","name":"Disposable Tableware","lastModified":"2023-06-13"},{"id":"166398","name":"Cafetiere, Teapots & Accessories ","lastModified":"2023-06-13"},{"id":"166399","name":"Glassware","lastModified":"2023-06-13"}]},{"id":"166991","name":"Living Room","lastModified":"2023-06-13","children":[{"id":"166987","name":"Cushions & Throws","lastModified":"2023-06-13"},{"id":"166988","name":"Decorative Accessories","lastModified":"2023-06-13"},{"id":"166989","name":"Lighting ","lastModified":"2023-06-13"},{"id":"166990","name":"Storage","lastModified":"2023-06-13"}]},{"id":"166319","name":"Barware","lastModified":"2023-06-13","children":[{"id":"166411","name":"Corkscrews","lastModified":"2023-06-13"},{"id":"166412","name":"Ice Buckets & Coolers","lastModified":"2023-06-13"},{"id":"166413","name":"Cocktail Making","lastModified":"2023-06-13"},{"id":"166414","name":"Barware Accessories","lastModified":"2023-06-13"},{"id":"166416","name":"Ice Cube Trays","lastModified":"2023-06-13"}]},{"id":"157056","name":"Bedroom","lastModified":"2023-06-13","children":[{"id":"157054","name":"Duvet Sets","lastModified":"2023-06-13"},{"id":"157055","name":"Pillow Cases","lastModified":"2023-06-13"},{"id":"157716","name":"Pillows","lastModified":"2023-06-13"},{"id":"157715","name":"Duvets","lastModified":"2023-06-13"},{"id":"161081","name":"Bedsheets","lastModified":"2023-06-13"},{"id":"164482","name":"Cushions & Throws","lastModified":"2023-06-13"},{"id":"166473","name":"Mattress Protectors","lastModified":"2023-06-13"},{"id":"166474","name":"Bedroom Accessories","lastModified":"2023-06-13"},{"id":"166475","name":"Storage","lastModified":"2023-06-13"},{"id":"166965","name":"Children's Bedroom","lastModified":"2023-06-13"}]},{"id":"166320","name":"Bathroom","lastModified":"2023-06-13","children":[{"id":"166418","name":"Towel, Bathrobes & Bath Mats","lastModified":"2023-06-13"},{"id":"166419","name":"Bathroom Accessories","lastModified":"2023-06-13"},{"id":"166420","name":"Fixtures & Fittings","lastModified":"2023-06-13"},{"id":"166421","name":"Bins","lastModified":"2023-06-13"},{"id":"166422","name":"Shower Curtains","lastModified":"2023-06-13"},{"id":"166423","name":"Mirrors","lastModified":"2023-06-13"},{"id":"166424","name":"Scales","lastModified":"2023-06-13"}]},{"id":"157030","name":"Stationery & Home Office","lastModified":"2023-06-13","children":[{"id":"157021","name":"Adhesives & Tape","lastModified":"2023-06-13"},{"id":"157023","name":"Envelopes","lastModified":"2023-06-13"},{"id":"157865","name":"Stamps","lastModified":"2023-06-13"},{"id":"157024","name":"Filing & Storage","lastModified":"2023-06-13"},{"id":"157025","name":"Kids Stationery","lastModified":"2023-06-13"},{"id":"157026","name":"Paper & Notebooks","lastModified":"2023-06-13"},{"id":"157027","name":"Pens & Pencils","lastModified":"2023-06-13"},{"id":"157028","name":"Printing","lastModified":"2023-06-13"},{"id":"157029","name":"Stationery Essentials","lastModified":"2023-06-13"},{"id":"157142","name":"Educational","lastModified":"2023-07-08"}]},{"id":"166321","name":"Laundry, Cleaning & Storage","lastModified":"2023-06-13","children":[{"id":"166496","name":"Storage","lastModified":"2023-06-13"},{"id":"166425","name":"Cleaning","lastModified":"2023-06-13"},{"id":"166495","name":"Laundry","lastModified":"2023-06-13"},{"id":"166697","name":"Bins","lastModified":"2023-07-08"},{"id":"166426","name":"Ironing","lastModified":"2023-06-13"},{"id":"166427","name":"Doormats & Doorstops","lastModified":"2023-06-13"}]},{"id":"166322","name":"DIY","lastModified":"2023-06-13","children":[{"id":"166428","name":"Painting & Decorating","lastModified":"2023-06-13"},{"id":"163817","name":"Lightbulbs","lastModified":"2023-06-13"},{"id":"166430","name":"Plugs & Extension Leads","lastModified":"2023-06-13"},{"id":"166431","name":"Tools","lastModified":"2023-06-13"},{"id":"166432","name":"Hardware Fillers & Sealants ","lastModified":"2023-06-13"},{"id":"166433","name":"Adhesives","lastModified":"2023-06-13"},{"id":"166434","name":"Safety & Security","lastModified":"2023-06-13"},{"id":"166435","name":"Bicycle Accessories & Torches","lastModified":"2023-06-13"}]},{"id":"166323","name":"Candles & Home Fragrance","lastModified":"2023-06-13","children":[{"id":"156946","name":"Scented Candles","lastModified":"2023-06-13"},{"id":"156947","name":"Unscented Candles","lastModified":"2023-06-13"},{"id":"156948","name":"Tealights","lastModified":"2023-06-13"},{"id":"166436","name":"Diffusers, Refills & Pot Pourri","lastModified":"2023-06-13"},{"id":"166437","name":"Room Sprays","lastModified":"2023-06-13"}]},{"id":"102130","name":"Batteries","lastModified":"2023-06-13","children":[{"id":"102154","name":"AA","lastModified":"2023-06-13"},{"id":"102153","name":"AAA","lastModified":"2023-06-13"},{"id":"102152","name":"C","lastModified":"2023-06-13"},{"id":"102151","name":"D","lastModified":"2023-06-13"},{"id":"102155","name":"9V","lastModified":"2023-06-13"},{"id":"102150","name":"Specialist Batteries","lastModified":"2023-06-13"},{"id":"102149","name":"Rechargeable Batteries","lastModified":"2023-06-13"},{"id":"102148","name":"Battery Chargers","lastModified":"2023-06-13"}]},{"id":"166324","name":"Car Care & Accessories","lastModified":"2023-06-13","children":[{"id":"157064","name":"Car Maintenance","lastModified":"2023-06-13"},{"id":"157063","name":"Car Cleaning","lastModified":"2023-06-13"},{"id":"157062","name":"Car Air Freshener","lastModified":"2023-06-13"},{"id":"166471","name":"Travel Accessories","lastModified":"2023-06-13"},{"id":"166472","name":"Winter Car Care","lastModified":"2023-06-13"}]},{"id":"169288","name":"Sports & Home Fitness","lastModified":"2023-06-13","children":[{"id":"169290","name":"Home Fitness","lastModified":"2023-06-13"}]},{"id":"171968","name":"Home Clearance","lastModified":"2023-07-08"},{"id":"178717","name":"Christmas Decorations & Lights","lastModified":"2023-06-13"},{"id":"175381","name":"Online Exclusives","lastModified":"2023-07-08"}]},{"id":"103497","name":"Health, Wellbeing & Medicines","lastModified":"2023-06-29","children":[{"id":"171595","name":"Allergy & Hay Fever Relief","lastModified":"2023-06-13","children":[{"id":"171594","name":"Nasal Spray","lastModified":"2023-06-13"},{"id":"171611","name":"Syrups & Balms","lastModified":"2023-06-13"},{"id":"171612","name":"Tablets","lastModified":"2023-06-13"},{"id":"184480","name":"Children","lastModified":"2023-06-13"}]},{"id":"171597","name":"Diet & Slimming","lastModified":"2023-06-13","children":[{"id":"171618","name":"Bars & Snacks","lastModified":"2023-06-13"},{"id":"171619","name":"Drinks & Shakes","lastModified":"2023-06-13"},{"id":"171620","name":"Meal Replacements","lastModified":"2023-06-13"},{"id":"171621","name":"Slimming Supplements","lastModified":"2023-06-13"},{"id":"184481","name":"Tablets","lastModified":"2023-06-13"},{"id":"184482","name":"Keto","lastModified":"2023-06-13"}]},{"id":"171596","name":"Cough, Cold & Flu","lastModified":"2023-06-13","children":[{"id":"171614","name":"Cold, Flu & Pain Relief","lastModified":"2023-06-13"},{"id":"184483","name":"Pain Relief","lastModified":"2023-06-13"},{"id":"171615","name":"Cough","lastModified":"2023-06-13"},{"id":"171616","name":"Decongestants","lastModified":"2023-06-13"},{"id":"171617","name":"Sore Throat","lastModified":"2023-06-13"},{"id":"171613","name":"Children","lastModified":"2023-06-13"}]},{"id":"171598","name":"Digestive Health","lastModified":"2023-06-13","children":[{"id":"171622","name":"Constipation","lastModified":"2023-06-13"},{"id":"171623","name":"Diarrhoea","lastModified":"2023-06-13"},{"id":"171624","name":"Haemorrhoids","lastModified":"2023-06-13"},{"id":"171625","name":"IBS","lastModified":"2023-06-13"},{"id":"171626","name":"Indigestion & Heartburn","lastModified":"2023-06-13"},{"id":"171627","name":"Upset Stomach","lastModified":"2023-06-13"},{"id":"171628","name":"Wind","lastModified":"2023-06-13"}]},{"id":"171600","name":"Ear, Eye and Mouth Care","lastModified":"2023-06-13","children":[{"id":"171599","name":"Ear Care","lastModified":"2023-06-13"},{"id":"171637","name":"Cold Sores\u002FUlcers","lastModified":"2023-06-13"},{"id":"184505","name":"Lip Balm","lastModified":"2023-06-13"},{"id":"171629","name":"Contact Lens Solution","lastModified":"2023-06-13"},{"id":"171630","name":"Eye Drops, Washes & Sprays","lastModified":"2023-06-13"},{"id":"171631","name":"Optical Cleaners","lastModified":"2023-06-13"}]},{"id":"171601","name":"Family Planning & Sexual Health","lastModified":"2023-06-13","children":[{"id":"171632","name":"Accessories","lastModified":"2023-06-13"},{"id":"171633","name":"Condoms","lastModified":"2023-06-13"},{"id":"171634","name":"Lubricants","lastModified":"2023-06-13"},{"id":"171635","name":"Pregnancy & Ovulation kits","lastModified":"2023-06-13"}]},{"id":"171602","name":"First Aid","lastModified":"2023-06-13","children":[{"id":"171636","name":"Antiseptic","lastModified":"2023-06-13"},{"id":"171638","name":"First Aid Kits & Accessories","lastModified":"2023-06-13"},{"id":"171639","name":"Insect Bites & Repellents","lastModified":"2023-06-13"},{"id":"171640","name":"Plasters, Wipes & Bandages","lastModified":"2023-06-13"},{"id":"184484","name":"Face Masks","lastModified":"2023-06-13"},{"id":"184485","name":"Children","lastModified":"2023-06-13"}]},{"id":"171603","name":"Foot Care","lastModified":"2023-06-13","children":[{"id":"171641","name":"Athlete's Foot","lastModified":"2023-06-13"},{"id":"171642","name":"Blisters","lastModified":"2023-06-13"},{"id":"171643","name":"Corn, Calluses & Bunions","lastModified":"2023-06-13"},{"id":"171644","name":"Fungal Nail","lastModified":"2023-06-13"},{"id":"171645","name":"Hard & Cracked Skin","lastModified":"2023-06-13"},{"id":"171647","name":"Insoles","lastModified":"2023-06-13"},{"id":"171649","name":"Odour ","lastModified":"2023-06-13"},{"id":"171650","name":"Verruca & Wart","lastModified":"2023-06-13"}]},{"id":"171604","name":"Medicated Skin & Hair","lastModified":"2023-06-13","children":[{"id":"171651","name":"Haircare","lastModified":"2023-06-13"},{"id":"171652","name":"Skincare","lastModified":"2023-06-13"}]},{"id":"171605","name":"Pain Relief","lastModified":"2023-06-13","children":[{"id":"171657","name":"Headache & Migraine","lastModified":"2023-06-13"},{"id":"171653","name":"Back & Joint Pain","lastModified":"2023-06-13"},{"id":"171654","name":"Childrens Pain ","lastModified":"2023-06-13"},{"id":"171655","name":"Rub, Gel, Pads & Spray","lastModified":"2023-06-13"},{"id":"171656","name":"General Pain Relief","lastModified":"2023-06-13"},{"id":"171658","name":"Period Pain","lastModified":"2023-06-13"}]},{"id":"184486","name":"Hygiene\u002FStay Safe Essentials","lastModified":"2023-06-13","children":[{"id":"184487","name":"Face Masks","lastModified":"2023-06-13"},{"id":"184488","name":"Hand Sanitiser","lastModified":"2023-06-13"}]},{"id":"171606","name":"Sports Nutrition","lastModified":"2023-06-13","children":[{"id":"171666","name":"Bars & Snacks","lastModified":"2023-06-13"},{"id":"171667","name":"Post Workout ","lastModified":"2023-06-13"},{"id":"171668","name":"Pre Workout ","lastModified":"2023-06-13"}]},{"id":"171607","name":"Stop Smoking","lastModified":"2023-06-13","children":[{"id":"171669","name":"Gum","lastModified":"2023-06-13"},{"id":"171670","name":"Lozenge & Tablet","lastModified":"2023-06-13"},{"id":"171671","name":"Patches","lastModified":"2023-06-13"},{"id":"171672","name":"Sprays","lastModified":"2023-06-13"}]},{"id":"171608","name":"Vitamins & Supplements","lastModified":"2023-06-13","children":[{"id":"171674","name":"Multivitamin","lastModified":"2023-06-13"},{"id":"171683","name":"Women's Health","lastModified":"2023-06-13"},{"id":"184496","name":"Men's Health","lastModified":"2023-06-13"},{"id":"171680","name":"Kids ","lastModified":"2023-06-13"},{"id":"171676","name":"Energy","lastModified":"2023-06-13"},{"id":"171678","name":"Immunity","lastModified":"2023-06-13"},{"id":"171677","name":"Heart & Brain ","lastModified":"2023-06-13"},{"id":"171679","name":"Joint & Bone ","lastModified":"2023-06-13"},{"id":"171682","name":"Sleep & Stress","lastModified":"2023-06-13"},{"id":"171681","name":"Pregnancy & Conception","lastModified":"2023-06-13"},{"id":"171675","name":"Beauty","lastModified":"2023-06-13"},{"id":"171673","name":"50+","lastModified":"2023-06-13"}]},{"id":"181039","name":"Children's ","lastModified":"2023-06-13","children":[{"id":"181035","name":"Children's Pain ","lastModified":"2023-06-13"},{"id":"184502","name":"Head Lice","lastModified":"2023-06-13"},{"id":"181036","name":"Cold & Flu","lastModified":"2023-06-13"},{"id":"184503","name":"Allergy","lastModified":"2023-06-13"},{"id":"181038","name":"Vitamins","lastModified":"2023-06-13"}]},{"id":"171609","name":"Women's Health","lastModified":"2023-06-13","children":[{"id":"184500","name":"Intimate Treatments","lastModified":"2023-06-13"},{"id":"171610","name":"Incontinence","lastModified":"2023-06-13"}]},{"id":"186430","name":"Feel Good Food","lastModified":"2023-06-13","children":[{"id":"186422","name":"Healthy Snacking","lastModified":"2023-06-13"},{"id":"186423","name":"Keto","lastModified":"2023-06-13"},{"id":"186424","name":"Organic Grocery","lastModified":"2023-06-13"},{"id":"186425","name":"Protein","lastModified":"2023-06-13"},{"id":"186426","name":"Gut Health","lastModified":"2023-06-13"},{"id":"186427","name":"CBD","lastModified":"2023-06-13"},{"id":"186428","name":"Functional Drinks","lastModified":"2023-06-13"},{"id":"186429","name":"Kombucha","lastModified":"2023-06-13"}]}]},{"id":"177598","name":"Baby & Toddler","lastModified":"2023-06-13","children":[{"id":"177599","name":"Nappies & Pants","lastModified":"2023-06-13","children":[{"id":"177611","name":"Pampers","lastModified":"2023-06-13"},{"id":"177612","name":"Huggies","lastModified":"2023-06-13"},{"id":"177613","name":"Big Packs","lastModified":"2023-06-13"},{"id":"177614","name":"Size 1 & 2","lastModified":"2023-06-13"},{"id":"177615","name":"Size 3 \u002F 3+","lastModified":"2023-06-13"},{"id":"177616","name":"Size 4 \u002F 4+","lastModified":"2023-06-13"},{"id":"177617","name":"Size 5 \u002F 5+","lastModified":"2023-06-13"},{"id":"177618","name":"Size 6 \u002F 6+","lastModified":"2023-06-13"},{"id":"177619","name":"Size 7 & 8","lastModified":"2023-06-13"},{"id":"177620","name":"Potty Training & Pull Ups","lastModified":"2023-06-13"},{"id":"177621","name":"Bed Wetting & Dry Nights","lastModified":"2023-06-13"},{"id":"177622","name":"Swim Nappies","lastModified":"2023-06-13"},{"id":"177623","name":"Nappy Disposal & Changing Mats","lastModified":"2023-06-13"},{"id":"177624","name":"Nutmeg","lastModified":"2023-06-13"}]},{"id":"177600","name":"Baby Wipes","lastModified":"2023-06-13","children":[{"id":"177626","name":"Pampers","lastModified":"2023-06-13"},{"id":"177627","name":"Huggies","lastModified":"2023-06-13"},{"id":"184514","name":"Water Wipes","lastModified":"2023-06-13"},{"id":"177628","name":"Nutmeg","lastModified":"2023-06-13"},{"id":"177629","name":"Sensitive","lastModified":"2023-06-13"},{"id":"177630","name":"Fragranced","lastModified":"2023-06-13"},{"id":"177631","name":"Big Packs","lastModified":"2023-06-13"}]},{"id":"177601","name":"Baby Milk","lastModified":"2023-06-13","children":[{"id":"177632","name":"First Milk (0-6 Months)","lastModified":"2023-06-13"},{"id":"177633","name":"Follow On Milk (6-12 Months)","lastModified":"2023-06-13"},{"id":"177634","name":"Toddler Milk (12+ Months)","lastModified":"2023-06-13"},{"id":"177635","name":"Specialised Milk","lastModified":"2023-06-13"},{"id":"177636","name":"Ready To Feed Baby Milk","lastModified":"2023-06-13"},{"id":"177637","name":"Bottle Feeding & Sterilising","lastModified":"2023-06-13"},{"id":"177638","name":"Breastfeeding Accessories","lastModified":"2023-06-13"}]},{"id":"177602","name":"Baby & Toddler Food & Drinks","lastModified":"2023-06-13","children":[{"id":"177642","name":"Stage 1 (4-6 Months)","lastModified":"2023-06-13"},{"id":"177643","name":"Stage 2 (7-10 Months)","lastModified":"2023-06-13"},{"id":"177644","name":"Stage 3 (10-12 Months)","lastModified":"2023-06-13"},{"id":"177645","name":"Toddler (12-36 Months)","lastModified":"2023-06-13"},{"id":"185079","name":"Jars","lastModified":"2023-06-13"},{"id":"185080","name":"Pouches","lastModified":"2023-06-13"},{"id":"177646","name":"Drinks","lastModified":"2023-06-13"},{"id":"177647","name":"Feeding Accessories","lastModified":"2023-06-13"},{"id":"188891","name":"3+ Years ","lastModified":"2023-06-29"}]},{"id":"177985","name":"Snacks & Finger Foods","lastModified":"2023-06-13","children":[{"id":"177983","name":"Baby (Under 12 Months)","lastModified":"2023-06-13"},{"id":"177984","name":"Toddler (Over 12 Months","lastModified":"2023-06-13"},{"id":"188892","name":"3+ Years ","lastModified":"2023-06-29"}]},{"id":"177603","name":"Bath Time & Toiletries","lastModified":"2023-06-13","children":[{"id":"177648","name":"Baby Bath","lastModified":"2023-06-13"},{"id":"177649","name":"Toddler Bath & Shower","lastModified":"2023-06-13"},{"id":"177652","name":"Bath Time Toys","lastModified":"2023-06-13"}]},{"id":"177604","name":"Baby & Toddler Healthcare","lastModified":"2023-06-13","children":[{"id":"177650","name":"Talcum Powder","lastModified":"2023-06-13"},{"id":"177651","name":"Cotton Wool & Pads","lastModified":"2023-06-13"},{"id":"184515","name":"Nappy Creams","lastModified":"2023-06-13"},{"id":"177653","name":"Fever & Headache","lastModified":"2023-06-13"},{"id":"177654","name":"Cough, Colds & Congestions","lastModified":"2023-06-13"},{"id":"177655","name":"Irritated Skin","lastModified":"2023-06-13"},{"id":"177656","name":"Colic","lastModified":"2023-06-13"},{"id":"177657","name":"Teething & Tooth Brushing","lastModified":"2023-06-13"},{"id":"177658","name":"Vitamins","lastModified":"2023-06-13"},{"id":"177659","name":"Headlice","lastModified":"2023-06-13"},{"id":"177660","name":"First Aid","lastModified":"2023-06-13"}]},{"id":"177605","name":"Baby Accessories","lastModified":"2023-06-13","children":[{"id":"177661","name":"Breast Feeding","lastModified":"2023-06-13"},{"id":"177662","name":"Bottles & Sterlising","lastModified":"2023-06-13"},{"id":"177663","name":"Toilet Training","lastModified":"2023-06-27"},{"id":"177664","name":"Feeding & Weaning Accessories","lastModified":"2023-06-13"},{"id":"177665","name":"Travel & Safety","lastModified":"2023-06-13"},{"id":"177666","name":"Teethers & Soothers","lastModified":"2023-06-13"}]},{"id":"177606","name":"Maternity & New Baby","lastModified":"2023-06-13","children":[{"id":"177667","name":"Nappies & Wipes","lastModified":"2023-06-13"},{"id":"177668","name":"Everyday Essentials","lastModified":"2023-06-13"},{"id":"177669","name":"Toiletries & Healthcare","lastModified":"2023-06-13"},{"id":"177671","name":"Breast Pads & Pumps","lastModified":"2023-06-13"},{"id":"177672","name":"Overnight Bag Essentials","lastModified":"2023-06-13"},{"id":"177673","name":"Treat Yourself","lastModified":"2023-06-13"},{"id":"177675","name":"On The Move Essentials","lastModified":"2023-06-13"}]},{"id":"177607","name":"Toddler","lastModified":"2023-06-13","children":[{"id":"177676","name":"Feeding Accessories","lastModified":"2023-06-13"},{"id":"177677","name":"Toddler & Milk","lastModified":"2023-06-13"},{"id":"177678","name":"Potty Training","lastModified":"2023-06-13"},{"id":"177679","name":"Toiletries & Healthcare","lastModified":"2023-06-13"}]},{"id":"177608","name":"Baby Laundry & Blankets","lastModified":"2023-06-13","children":[{"id":"177681","name":"Clothes Washing","lastModified":"2023-06-13"}]},{"id":"177610","name":"Nursery Items & Toys","lastModified":"2023-06-13","children":[{"id":"177684","name":"Storage Bags","lastModified":"2023-07-08"},{"id":"177685","name":"Baby Toys","lastModified":"2023-06-13"}]},{"id":"185141","name":"Pampers Shop - Sponsored","lastModified":"2023-06-13","children":[{"id":"185134","name":"New Baby Taped Nappies","lastModified":"2023-06-13"},{"id":"185135","name":"Active Fit Taped Nappies","lastModified":"2023-06-13"},{"id":"185136","name":"Baby-Dry Taped Nappies","lastModified":"2023-06-13"},{"id":"185137","name":"Baby Wipes","lastModified":"2023-06-13"},{"id":"185138","name":"Active Fit Nappy Pants","lastModified":"2023-06-13"},{"id":"185139","name":"Baby-Dry Nappy Pants","lastModified":"2023-06-13"},{"id":"185140","name":"Big Packs","lastModified":"2023-06-13"}]},{"id":"187345","name":"Aptamil Shop - Sponsored Shop ","lastModified":"2023-06-13","children":[{"id":"187338","name":"All Aptamil","lastModified":"2023-06-13"},{"id":"187339","name":"Aptamil Advanced","lastModified":"2023-06-13"},{"id":"187340","name":"Pre-measured Tabs","lastModified":"2023-06-13"},{"id":"187341","name":"Follow On Milks","lastModified":"2023-06-13"},{"id":"187342","name":"Toddler Milks","lastModified":"2023-06-13"},{"id":"187343","name":"Ready To Drink Liquids","lastModified":"2023-06-13"},{"id":"187344","name":"Aptamil Cereals","lastModified":"2023-06-13"}]},{"id":"188361","name":"Cow & Gate - Sponsored Shop","lastModified":"2023-06-13","children":[{"id":"188357","name":"Follow On Milk - Stage 2","lastModified":"2023-06-13"},{"id":"188358","name":"Toddler Milk - Stage 3","lastModified":"2023-06-13"},{"id":"188359","name":"Baby Milk Liquid","lastModified":"2023-06-13"},{"id":"188360","name":"Baby Cereal & Porridge","lastModified":"2023-06-13"}]}]},{"id":"166275","name":"Toys & Entertainment","lastModified":"2023-06-13","children":[{"id":"166325","name":"Toys & Games","lastModified":"2023-06-13","children":[{"id":"184364","name":"Playing Cards & Trading Cards","lastModified":"2023-07-08"},{"id":"166943","name":"LEGO","lastModified":"2023-06-13"},{"id":"166441","name":"Building & Construction","lastModified":"2023-06-13"},{"id":"166443","name":"Baby & Pre-School ","lastModified":"2023-06-13"},{"id":"166442","name":"Craft & Science ","lastModified":"2023-06-13"},{"id":"166959","name":"Creativity ","lastModified":"2023-06-13"},{"id":"166445","name":"Dressing up & Roleplay","lastModified":"2023-06-13"},{"id":"166444","name":"Pocket Money Toys","lastModified":"2023-06-13"},{"id":"166446","name":"Cars, Trains, Boats & Planes","lastModified":"2023-06-13"},{"id":"166447","name":"Action Toys & Figures","lastModified":"2023-06-13"},{"id":"168317","name":"Melissa & Doug","lastModified":"2023-06-13"},{"id":"166448","name":"Sports & Outdoor Toys","lastModified":"2023-06-13"},{"id":"166509","name":"Plush Toys","lastModified":"2023-06-13"},{"id":"166557","name":"Games","lastModified":"2023-06-13"},{"id":"166945","name":"Gift Shop","lastModified":"2023-07-08"}]},{"id":"166326","name":"Parties & Occasions","lastModified":"2023-06-13","children":[{"id":"166497","name":"Party Tableware","lastModified":"2023-06-13"},{"id":"166449","name":"Candles","lastModified":"2023-06-13"},{"id":"166450","name":"Party Bags & Favours","lastModified":"2023-07-08"},{"id":"166451","name":"Decorations","lastModified":"2023-07-08"},{"id":"166452","name":"Banners & Bunting","lastModified":"2023-07-08"},{"id":"166933","name":"Greetings Cards","lastModified":"2023-06-13"},{"id":"166453","name":"Balloons","lastModified":"2023-07-08"},{"id":"166454","name":"Party Hats & Accessories","lastModified":"2023-07-08"},{"id":"166457","name":"Gift Wrap & Bags","lastModified":"2023-07-08"},{"id":"169817","name":"Easter","lastModified":"2023-07-08"}]},{"id":"169147","name":"Newsagent & Books","lastModified":"2023-07-08","children":[{"id":"166944","name":"Children's Books","lastModified":"2023-07-08"},{"id":"168318","name":"Adult Books","lastModified":"2023-07-08"},{"id":"170460","name":"Revision Books","lastModified":"2023-07-08"}]},{"id":"166470","name":"Batteries","lastModified":"2023-06-13","children":[{"id":"166462","name":"AA","lastModified":"2023-06-13"},{"id":"166463","name":"AAA","lastModified":"2023-06-13"},{"id":"166464","name":"C","lastModified":"2023-06-13"},{"id":"166465","name":"D","lastModified":"2023-06-13"},{"id":"166466","name":"9V","lastModified":"2023-06-13"},{"id":"166467","name":"Specialist Batteries","lastModified":"2023-06-13"},{"id":"166468","name":"Rechargeable Batteries","lastModified":"2023-06-13"},{"id":"166469","name":"Battery Chargers","lastModified":"2023-06-13"}]},{"id":"166936","name":"Gift Shop","lastModified":"2023-06-13"},{"id":"166510","name":"Technology & Electricals ","lastModified":"2023-06-13","children":[{"id":"166512","name":"Chargers & Cables","lastModified":"2023-06-13"},{"id":"166517","name":"Gadgets","lastModified":"2023-06-13"}]},{"id":"160745","name":"Clothing","lastModified":"2023-06-13","children":[{"id":"175258","name":"Womens Clothing","lastModified":"2023-07-08"},{"id":"175259","name":"Mens Clothing","lastModified":"2023-07-08"},{"id":"161074","name":"Accessories","lastModified":"2023-06-13"},{"id":"178767","name":"Christmas Jumpers & Clothing","lastModified":"2023-06-13"}]},{"id":"168055","name":"Christmas","lastModified":"2023-06-13","children":[{"id":"178763","name":"Decorations & Lights","lastModified":"2023-06-13"},{"id":"178764","name":"Cards & Wrapping Accessories","lastModified":"2023-06-13"},{"id":"178765","name":"Crackers","lastModified":"2023-06-13"},{"id":"178766","name":"Gifting & Toys","lastModified":"2023-06-13"}]},{"id":"174526","name":"Mother's Day","lastModified":"2023-06-13"},{"id":"174527","name":"Easter","lastModified":"2023-06-13"},{"id":"175428","name":"Fathers Day","lastModified":"2023-06-13"},{"id":"187621","name":"Valentines Day","lastModified":"2023-06-13"}]},{"id":"102207","name":"Pet Shop","lastModified":"2023-06-13","children":[{"id":"188709","name":"Online Exclusives","lastModified":"2023-06-13"},{"id":"185243","name":"Cats","lastModified":"2023-06-13","children":[{"id":"185244","name":"Cat Luxury Food","lastModified":"2023-06-13"},{"id":"185250","name":"Cat Treats & Milk","lastModified":"2023-06-13"},{"id":"185251","name":"Cat Food Pouches","lastModified":"2023-06-13"},{"id":"185252","name":"Cat Food Pate & Trays","lastModified":"2023-06-13"},{"id":"185253","name":"Natural Cat Food","lastModified":"2023-06-13"},{"id":"185254","name":"Advanced Health Benefit Food","lastModified":"2023-06-13"},{"id":"185255","name":"Complete Dry Cat Food","lastModified":"2023-06-13"},{"id":"185256","name":"Tinned Cat Food","lastModified":"2023-06-13"},{"id":"185257","name":"Cat Litter","lastModified":"2023-06-13"},{"id":"185258","name":"Cat Care & Accessories","lastModified":"2023-06-13"},{"id":"185259","name":"Kitten Food (0-1 Year)","lastModified":"2023-06-13"},{"id":"185260","name":"Adult Cat Food (1-6 Years)","lastModified":"2023-06-13"},{"id":"185261","name":"Senior Cat Food (7 Years+)","lastModified":"2023-06-13"}]},{"id":"185296","name":"Dogs","lastModified":"2023-06-13","children":[{"id":"185297","name":"Dog Treats, Chews & Biscuits","lastModified":"2023-06-13"},{"id":"185298","name":"Dog Food Pouches","lastModified":"2023-06-13"},{"id":"185299","name":"Dog Food Pate & Trays","lastModified":"2023-06-13"},{"id":"185300","name":"Luxury Dog Food","lastModified":"2023-06-13"},{"id":"185301","name":"Natural Dog Food","lastModified":"2023-06-13"},{"id":"185302","name":"Advanced Health Benefit Dog Food","lastModified":"2023-06-13"},{"id":"185303","name":"Complete Dry Dog Food & Mixer","lastModified":"2023-06-13"},{"id":"185304","name":"Tinned Dog Food","lastModified":"2023-06-13"},{"id":"185305","name":"Dog Care & Accessories","lastModified":"2023-06-13"},{"id":"185306","name":"Puppy Food (0-2 Years)","lastModified":"2023-06-13"},{"id":"185307","name":"Adult Dog Food (2 Years+)","lastModified":"2023-06-13"},{"id":"185308","name":"Senior Dog Food (7 Years+)","lastModified":"2023-06-13"},{"id":"185309","name":"Butcher's","lastModified":"2023-06-13"}]},{"id":"161364","name":"Treats","lastModified":"2023-06-13","children":[{"id":"161361","name":"Cat Treats","lastModified":"2023-06-13"},{"id":"161362","name":"Dog Treats","lastModified":"2023-06-13"},{"id":"161363","name":"Small Animal Treats","lastModified":"2023-06-13"}]},{"id":"153934","name":"Small Pets","lastModified":"2023-06-13","children":[{"id":"153931","name":"Birds","lastModified":"2023-06-13"},{"id":"153933","name":"Small Animals","lastModified":"2023-06-13"},{"id":"153932","name":"Fish","lastModified":"2023-06-13"}]},{"id":"153940","name":"Pet Bigger Packs","lastModified":"2023-06-13","children":[{"id":"153938","name":"Bigger Packs for Cats","lastModified":"2023-06-13"},{"id":"153939","name":"Bigger Pack for Dogs","lastModified":"2023-06-13"}]},{"id":"161360","name":"Pet Accessories","lastModified":"2023-06-13","children":[{"id":"161357","name":"Dog Accessories","lastModified":"2023-06-13"},{"id":"161358","name":"Cat Accessories","lastModified":"2023-06-13"},{"id":"161359","name":"Small Animal Accessories","lastModified":"2023-07-08"}]},{"id":"161367","name":"Advanced Nutrition","lastModified":"2023-06-13","children":[{"id":"161365","name":"Cat Advanced Nutrition","lastModified":"2023-06-13"},{"id":"161366","name":"Dog Advanced Nutrition","lastModified":"2023-06-13"}]},{"id":"166972","name":"Travel & On The Go","lastModified":"2023-06-13"},{"id":"172615","name":"Advertised Brand","lastModified":"2023-06-13"},{"id":"182855","name":"Raw Pet Food","lastModified":"2023-06-13","children":[{"id":"182853","name":"Dogs","lastModified":"2023-06-13"},{"id":"182854","name":"Cats","lastModified":"2023-06-13"}]},{"id":"184801","name":"Felix Shop - Sponsored","lastModified":"2023-06-13","children":[{"id":"184795","name":"Felix As Good As It Looks","lastModified":"2023-06-13"},{"id":"184796","name":"Felix Treats","lastModified":"2023-06-13"},{"id":"184797","name":"Felix Soups","lastModified":"2023-06-13"},{"id":"184798","name":"Felix Tasty Shreds","lastModified":"2023-06-13"},{"id":"184799","name":"Felix Original","lastModified":"2023-06-13"},{"id":"184800","name":"Felix Big Packs","lastModified":"2023-06-13"}]},{"id":"187194","name":"Dentalife Shop - Sponsored","lastModified":"2023-06-13","children":[{"id":"187190","name":"Activfresh","lastModified":"2023-06-13"},{"id":"187191","name":"Cat","lastModified":"2023-06-13"},{"id":"187192","name":"Bulk","lastModified":"2023-06-13"},{"id":"187193","name":"Dog","lastModified":"2023-06-13"}]}]},{"id":"175652","name":"Free From","lastModified":"2023-06-13","children":[{"id":"186056","name":"Dairy Free & Plant Based","lastModified":"2023-06-13","children":[{"id":"186042","name":"Fresh","lastModified":"2023-06-13"},{"id":"186045","name":"Bakery","lastModified":"2023-06-13"},{"id":"186052","name":"Food Cupboard","lastModified":"2023-06-13"},{"id":"186055","name":"Frozen","lastModified":"2023-06-13"}]},{"id":"186078","name":"Lactose Free","lastModified":"2023-06-13","children":[{"id":"186064","name":"Fresh","lastModified":"2023-06-13"},{"id":"186067","name":"Bakery","lastModified":"2023-06-13"},{"id":"186074","name":"Food Cupboard","lastModified":"2023-06-13"},{"id":"186077","name":"Frozen","lastModified":"2023-06-13"}]},{"id":"186100","name":"Gluten Free","lastModified":"2023-06-13","children":[{"id":"186082","name":"Fresh","lastModified":"2023-06-13"},{"id":"186085","name":"Bakery & Cakes","lastModified":"2023-06-13"},{"id":"186096","name":"Food Cupboard","lastModified":"2023-06-13"},{"id":"186099","name":"Frozen","lastModified":"2023-06-13"}]},{"id":"186120","name":"Wheat Free","lastModified":"2023-06-13","children":[{"id":"186104","name":"Fresh","lastModified":"2023-06-13"},{"id":"186107","name":"Bakery & Cakes","lastModified":"2023-06-13"},{"id":"186116","name":"Food Cupboard","lastModified":"2023-06-13"},{"id":"186119","name":"Frozen","lastModified":"2023-06-13"}]}]},{"id":"182137","name":"World Foods","lastModified":"2023-06-13","children":[{"id":"182138","name":"African Caribbean","lastModified":"2023-06-13","children":[{"id":"182147","name":"Bakery","lastModified":"2023-06-13"},{"id":"182148","name":"Chilled","lastModified":"2023-06-13"},{"id":"182149","name":"Food Cupboard","lastModified":"2023-06-13"},{"id":"182150","name":"Frozen","lastModified":"2023-06-13"},{"id":"182151","name":"Health & Beauty","lastModified":"2023-06-13"}]},{"id":"182139","name":"Asian","lastModified":"2023-06-13","children":[{"id":"182152","name":"Bakery","lastModified":"2023-06-13"},{"id":"182153","name":"Chilled","lastModified":"2023-06-13"},{"id":"182154","name":"Food Cupboard","lastModified":"2023-06-13"},{"id":"182156","name":"Frozen","lastModified":"2023-06-13"},{"id":"182157","name":"Health & Beauty","lastModified":"2023-06-13"},{"id":"182158","name":"Non Food","lastModified":"2023-06-13"}]},{"id":"182140","name":"Eastern European","lastModified":"2023-06-13","children":[{"id":"182159","name":"Chilled","lastModified":"2023-06-13"},{"id":"182160","name":"Food Cupboard","lastModified":"2023-06-13"},{"id":"182603","name":"Bakery","lastModified":"2023-06-13"},{"id":"183456","name":"Frozen","lastModified":"2023-06-13"}]},{"id":"182141","name":"Far Eastern","lastModified":"2023-06-13","children":[{"id":"182161","name":"Food Cupboard","lastModified":"2023-06-13"},{"id":"182162","name":"Fresh","lastModified":"2023-06-13"},{"id":"182163","name":"Frozen","lastModified":"2023-06-13"}]},{"id":"182143","name":"Halal","lastModified":"2023-06-13","children":[{"id":"182424","name":"Chilled","lastModified":"2023-06-13"},{"id":"182425","name":"Frozen","lastModified":"2023-06-13"}]},{"id":"182144","name":"Irish & American","lastModified":"2023-06-13","children":[{"id":"182166","name":"American Food Cupboard","lastModified":"2023-06-13"},{"id":"182167","name":"Irish Food Cupboard","lastModified":"2023-06-13"}]},{"id":"182145","name":"Kosher","lastModified":"2023-06-13","children":[{"id":"182168","name":"Bakery","lastModified":"2023-06-13"},{"id":"182169","name":"Chilled","lastModified":"2023-06-13"},{"id":"182170","name":"Food Cupboard","lastModified":"2023-06-13"},{"id":"182171","name":"Frozen","lastModified":"2023-06-13"}]},{"id":"182146","name":"Mediterranean","lastModified":"2023-06-13","children":[{"id":"182172","name":"Bakery","lastModified":"2023-06-13"},{"id":"182173","name":"Chilled","lastModified":"2023-06-13"},{"id":"182174","name":"Food Cupboard","lastModified":"2023-06-13"},{"id":"183457","name":"Frozen","lastModified":"2023-06-25"}]}]}],"highlighted":[{"id":"184295","name":"Market Street","lastModified":"2023-06-13","children":[{"id":"176742","name":"Fresh From The Butcher","lastModified":"2023-06-13"},{"id":"176780","name":"Fresh From The Fishmonger","lastModified":"2023-06-13"},{"id":"151338","name":"Fresh From The Baker","lastModified":"2023-06-13"},{"id":"185236","name":"Fresh From The Cake Shop","lastModified":"2023-06-13"},{"id":"176762","name":"Fresh From The Deli Counter","lastModified":"2023-06-13"},{"id":"183800","name":"Fresh Fruit & Veg","lastModified":"2023-06-13"}]},{"id":"186031","name":"More Ways To Save","lastModified":"2023-06-13","children":[{"id":"187967","name":"Prices Locked Low","lastModified":"2023-06-13"},{"id":"186152","name":"Savers","lastModified":"2023-06-13"},{"id":"186151","name":"Multi-saves","lastModified":"2023-06-13"},{"id":"186154","name":"Big Brands Low Prices","lastModified":"2023-06-13"}]},{"id":"178974","name":"The Best","lastModified":"2023-06-13","children":[{"id":"187197","name":"Breakfast","lastModified":"2023-06-13"},{"id":"187198","name":"Date Night","lastModified":"2023-06-13"},{"id":"187199","name":"Family Roast","lastModified":"2023-06-13"},{"id":"187200","name":"Take Out At Home","lastModified":"2023-06-13"},{"id":"187201","name":"Cheeseboard","lastModified":"2023-06-13"},{"id":"187202","name":"Treat Time","lastModified":"2023-06-13"},{"id":"187203","name":"Afternoon Tea","lastModified":"2023-06-13"},{"id":"186026","name":"Gourmet Collection","lastModified":"2023-06-13"},{"id":"178969","name":"Fresh","lastModified":"2023-06-13"},{"id":"178970","name":"Food Cupboard","lastModified":"2023-06-13"},{"id":"178971","name":"Bakery & Cakes","lastModified":"2023-06-13"},{"id":"178972","name":"Frozen","lastModified":"2023-06-13"},{"id":"178973","name":"Drinks","lastModified":"2023-06-13"}]},{"id":"173637","name":"Vegan","lastModified":"2023-06-13","children":[{"id":"185532","name":"Plant Revolution","lastModified":"2023-06-13"},{"id":"181543","name":"Mains","lastModified":"2023-06-13"},{"id":"181544","name":"Dairy Alternatives ","lastModified":"2023-06-13"},{"id":"181546","name":"Fresh","lastModified":"2023-06-13"},{"id":"181547","name":"Food Cupboard ","lastModified":"2023-06-13"},{"id":"181548","name":"Frozen ","lastModified":"2023-06-13"},{"id":"181549","name":"Beers, Wine & Spirits ","lastModified":"2023-06-13"},{"id":"181545","name":"Quick Meals ","lastModified":"2023-06-13"},{"id":"181550","name":"Household & Beauty ","lastModified":"2023-06-13"},{"id":"182906","name":"V Taste","lastModified":"2023-06-13"}]},{"id":"186440","name":"Eat Out At Home","lastModified":"2023-06-13","children":[{"id":"186433","name":"Best Dining","lastModified":"2023-06-13"},{"id":"186434","name":"Chinese","lastModified":"2023-06-13"},{"id":"186435","name":"Indian","lastModified":"2023-06-13"},{"id":"186436","name":"World Foods","lastModified":"2023-06-13"},{"id":"186437","name":"Gourmet Collection","lastModified":"2023-06-13"},{"id":"186438","name":"Drinks","lastModified":"2023-06-13"},{"id":"186439","name":"Desserts","lastModified":"2023-06-13"}]},{"id":"181960","name":"Donate to Charity","lastModified":"2023-06-13"},{"id":"183808","name":"National Lottery Scratchcards","lastModified":"2023-06-13"},{"id":"162462","name":"Party Shop","lastModified":"2023-07-08","children":[{"id":"181704","name":"Party Accessories & Tableware","lastModified":"2023-07-08"},{"id":"181705","name":"Kids Party","lastModified":"2023-07-08"}]},{"id":"182598","name":"Bigger Pack, Better Value ","lastModified":"2023-06-13","children":[{"id":"182592","name":"Fresh","lastModified":"2023-06-13"},{"id":"182593","name":"Food Cupboard ","lastModified":"2023-06-13"},{"id":"182594","name":"Frozen","lastModified":"2023-06-13"},{"id":"182595","name":"Drinks","lastModified":"2023-06-13"},{"id":"182596","name":"Household","lastModified":"2023-06-13"},{"id":"188710","name":"Pet","lastModified":"2023-06-13"},{"id":"182597","name":"Toiletries & Baby","lastModified":"2023-06-13"}]},{"id":"187771","name":"Feel Good","lastModified":"2023-06-13","children":[{"id":"187766","name":"Nourish","lastModified":"2023-06-13"},{"id":"187767","name":"Plant-Based","lastModified":"2023-06-13"},{"id":"187768","name":"Health & Wellbeing","lastModified":"2023-06-13"},{"id":"187769","name":"No & Low","lastModified":"2023-06-13"},{"id":"187770","name":"Self Care","lastModified":"2023-06-13"}]},{"id":"188448","name":"Summer Shop","lastModified":"2023-07-01","children":[{"id":"188442","name":"Summer Drinks","lastModified":"2023-06-13"},{"id":"188443","name":"BBQ","lastModified":"2023-06-13"},{"id":"188444","name":"Picnic & Summer Eating","lastModified":"2023-06-13"},{"id":"188445","name":"Ice Cream","lastModified":"2023-06-13"},{"id":"188446","name":"Holiday Shop","lastModified":"2023-06-13"},{"id":"188447","name":"Kids Activities","lastModified":"2023-06-13"}]},{"id":"188783","name":"The Smile Shop - Sponsored","lastModified":"2023-07-04","children":[{"id":"188777","name":"Enamel Care","lastModified":"2023-06-13"},{"id":"188778","name":"Sensitivity","lastModified":"2023-06-13"},{"id":"188779","name":"Kids","lastModified":"2023-06-13"},{"id":"188780","name":"Power","lastModified":"2023-06-13"},{"id":"188781","name":"Gum Care","lastModified":"2023-06-13"},{"id":"188782","name":"Whitening","lastModified":"2023-06-13"}]},{"id":"188834","name":"Pet Event","lastModified":"2023-07-04","children":[{"id":"188830","name":"Dog Food","lastModified":"2023-07-03"},{"id":"188831","name":"Cat Food","lastModified":"2023-07-03"},{"id":"188832","name":"Dog Treats","lastModified":"2023-07-03"},{"id":"188833","name":"Cat Treats","lastModified":"2023-07-03"}]},{"id":"188889","name":"Back To School Event","lastModified":"2023-07-04","children":[{"id":"188885","name":"Stationary & Crafting","lastModified":"2023-07-03"},{"id":"188886","name":"Lunchbox Ideas","lastModified":"2023-07-03"},{"id":"188887","name":"Easy Meal Times","lastModified":"2023-07-03"},{"id":"188888","name":"Food Storage","lastModified":"2023-07-03"}]},{"id":"188897","name":"Thank You Teacher","lastModified":"2023-07-04"},{"id":"188898","name":"NHS Big Tea Event","lastModified":"2023-07-04"},{"id":"188905","name":"Great Summer Stunnerr Event","lastModified":"2023-07-04","children":[{"id":"188899","name":"Beauty Essentials","lastModified":"2023-07-01"},{"id":"188900","name":"Summer Scents","lastModified":"2023-07-01"},{"id":"188901","name":"Skin Care Must Haves","lastModified":"2023-07-01"},{"id":"188902","name":"Shave Care","lastModified":"2023-07-01"},{"id":"188903","name":"Hydrated Hair","lastModified":"2023-07-01"},{"id":"188904","name":"Fem Essentials","lastModified":"2023-07-01"}]}]},"groceryTopLevelCategoryIds":[],"topTabs":[{"name":"Groceries","imageUrl":"\u002Fcmscontent\u002Ftop_navigation_tab_image\u002F177281.png?Njv2","text":"Groceries","link":"https:\u002F\u002Fgroceries.morrisons.com\u002Fwebshop\u002FstartWebshop.do"},{"name":"Food To Order","imageUrl":"\u002Fcmscontent\u002Ftop_navigation_tab_image\u002F477644.png?QhsI","text":"Food To Order","link":"https:\u002F\u002Fmy.morrisons.com\u002Ffoodtoorder\u002F"},{"name":"Nutmeg","imageUrl":"\u002Fcmscontent\u002Ftop_navigation_tab_image\u002F488901.png?Qpva","text":"Nutmeg","link":"https:\u002F\u002Fmy.morrisons.com\u002Fnutmeg\u002F"},{"name":"Morrisons More","imageUrl":"\u002Fcmscontent\u002Ftop_navigation_tab_image\u002F1147709.png?c2O5","text":"Morrisons More","link":"https:\u002F\u002Fwww.morrisons.com\u002Fmore\u002F?clkInTab=Morrisons+More"},{"name":"GoodToKnow","imageUrl":"\u002Fcmscontent\u002Ftop_navigation_tab_image\u002F506920.png?QylB","text":"Blog","link":"https:\u002F\u002Fmy.morrisons.com\u002F"},{"name":"StoreFinder","imageUrl":"\u002Fcmscontent\u002Ftop_navigation_tab_image\u002F236191.png?OQHl","text":"Store Finder","link":"https:\u002F\u002Fmy.morrisons.com\u002Fstorefinder\u002F?utm_source=Groceries&utm_medium=Internal&utm_campaign=HeaderTab"},{"name":"ContactUs","imageUrl":"\u002Fcmscontent\u002Ftop_navigation_tab_image\u002F177282.png?Njv2","text":"Contact Us","link":"https:\u002F\u002Fwww.morrisons.com\u002Fhelp\u002F"}],"navMenuLevel":"root","mobileNavigationOpened":false,"received":true,"isFetching":false,"currentUrl":"\u002F","navMenuContents":{"root":[{"sectionId":"SectionHome","sectionHeader":null,"childrenIds":["home"]},{"sectionId":"SectionStartShopping","sectionHeader":"Start Shopping","childrenIds":["startShopping","mainSectionSupplements"]},{"sectionId":"SectionAccount","sectionHeader":"Your Account","childrenIds":["account"]},{"sectionId":"SectionFromScribe","sectionHeader":"More from Morrisons","childrenIds":["customMobileSection"]}],"accountSettings":[{"childrenIds":["accountSettings"]}]},"links":{"home":[{"name":"Home","url":"\u002F"}],"customMobileSection":[{"id":14594,"name":"Contact Us","url":"https:\u002F\u002Fwww.morrisons.com\u002Fhelp\u002F?clkInTab=ContactUs&utm_source=Groceries2&utm_medium=Internal&utm_campaign=HeaderTab"}],"mainSectionSupplements":[{"id":55228,"name":"Summer Shop","url":"https:\u002F\u002Fgroceries.morrisons.com\u002Fbrowse\u002F188448?fromSeasonalTab=yes&dnr=y","iconUrl":"\u002Fcmscontent\u002Fcustom_nav_item_icon\u002F1042486.png?ZI9H"}],"mainSectionReplacements":{"events":{"iconUrl":"\u002Fcmscontent\u002Fevent_nav_item_icon\u002F504555.png?QxES"},"recipes":{"url":"\u002Fcontent\u002Frecipes-by-morrisons-33805?clkInTab=Recipes"}},"account":[{"name":"Orders","url":"\u002Fwebshop\u002FdisplayAllOrders.do","elevation":true},{"name":"Meals & Shopping Lists","url":"\u002Fwebshop\u002FshoppingLists\u002Fdisplay.go"},{"name":"Account Settings","url":"\u002Fsettings"},{"name":"Contact us","url":"https:\u002F\u002Fwww.morrisons.com\u002Fhelp\u002F","desktopOnly":true},{"name":"Log out","id":"logout","url":"#"}],"accountSettings":[],"startShopping":[{"name":"Shop Groceries","url":"\u002Fnavigation\u002Fbrowse"},{"name":"My favourites","url":"\u002Fwebshop\u002FdisplayPrevPurchases.do"},{"name":"Offers","url":"\u002Fon-offer"},{"name":"Inspiration & Events","url":"\u002Fnavigation\u002Fon-promotion"},{"name":"Bundle offers","url":"\u002Fwebshop\u002FdisplayBundles.do"},{"name":"Meal deals","url":"\u002Fwebshop\u002FdisplayBundles.do?mealDealBundles=true"},{"name":"Recipes","url":"\u002Fwebshop\u002FdisplayRecipes.do"},{"name":"Delivery Pass","url":"\u002Fwebshop\u002FdisplayDeliveryPass.do"}],"corporate":[]},"subNavItemsByTabs":{"CONTACT_US":{"name":"Contact us","link":"https:\u002F\u002Fwww.morrisons.com\u002Fhelp\u002F"}},"offersDropdown":{},"headerInspirationDropdown":{},"easyShoppingDropdown":{},"events":[{"imageUrl":"\u002Fcmscontent\u002Fevent_image\u002F1097090.jpg?a-fV","description":"NHS BIG TEA","buttonText":"Shop Now","link":"https:\u002F\u002Fgroceries.morrisons.com\u002Fbrowse\u002Fnhs-big-tea-event-188898"},{"imageUrl":"\u002Fcmscontent\u002Fevent_image\u002F1137327.jpg?cfb-","description":"PRICES LOCKED LOW","buttonText":"PRICES LOCKED LOW","link":"https:\u002F\u002Fgroceries.morrisons.com\u002Fbrowse\u002Fmore-ways-to-save-186031\u002Fprices-locked-low-187967"},{"imageUrl":"\u002Fcmscontent\u002Fevent_image\u002F1151721.jpg?dF9q","description":"EVERY PACK GIVES BACK","buttonText":"EVERY PACK GIVES BACK","link":"https:\u002F\u002Fgroceries.morrisons.com\u002Fbrowse\u002Fpet-event-188834"},{"imageUrl":"\u002Fcmscontent\u002Fevent_image\u002F1149476.jpg?c8mV","description":"SMILE SHOP","buttonText":"SMILE SHOP","link":"https:\u002F\u002Fgroceries.morrisons.com\u002Fbrowse\u002F188783"},{"imageUrl":"\u002Fcmscontent\u002Fevent_image\u002F1143038.jpg?ctK9","description":"SUMMER ","buttonText":"SUMMER","link":"https:\u002F\u002Fgroceries.morrisons.com\u002Fbrowse\u002F188448"},{"imageUrl":"\u002Fcmscontent\u002Fevent_image\u002F1147871.jpg?c2kB","description":"SAVERS","buttonText":"SAVERS","link":"https:\u002F\u002Fgroceries.morrisons.com\u002Fbrowse\u002Fmore-ways-to-save-186031\u002Fsavers-186152"}],"brandBanners":[{"shopId":119951,"imageSrc":"\u002Fcmscontent\u002Felp_logo_image\u002F1152134.jpg?dGXp","tagIds":[102207],"displayedInPromotionsSection":true},{"shopId":117721,"imageSrc":"\u002Fcmscontent\u002Felp_logo_image\u002F1151606.jpg?dE-s","tagIds":[102063,103497,102838,177598],"displayedInPromotionsSection":true},{"shopId":117925,"imageSrc":"\u002Fcmscontent\u002Felp_logo_image\u002F1134613.jpg?cVfU","tagIds":[176738]},{"shopId":86987,"imageSrc":"\u002Fcmscontent\u002Felp_logo_image\u002F888307.jpg?VzMh","tagIds":[176738,103497]},{"shopId":117932,"imageSrc":"\u002Fcmscontent\u002Felp_logo_image\u002F1134781.jpg?cVlO","tagIds":[176738]},{"shopId":93384,"imageSrc":"\u002Fcmscontent\u002Felp_logo_image\u002F935914.jpg?Wffq","tagIds":[176738,176739,103497,180331,103497,175652,182137]},{"shopId":80996,"imageSrc":"\u002Fcmscontent\u002Felp_logo_image\u002F885665.jpg?VwZD","tagIds":[103644,175652]},{"shopId":111822,"imageSrc":"\u002Fcmscontent\u002Felp_logo_image\u002F1087859.jpg?amZq","tagIds":[102838]},{"shopId":94307,"imageSrc":"\u002Fcmscontent\u002Felp_logo_image\u002F983219.jpg?XpPa","tagIds":[102210]},{"shopId":113825,"imageSrc":"\u002Fcmscontent\u002Felp_logo_image\u002F1101367.jpg?bLY-","tagIds":[176739,103497,177598]},{"shopId":86092,"imageSrc":"\u002Fcmscontent\u002Felp_logo_image\u002F1038377.jpg?Y_YV","tagIds":[102210,103120,176739,175652,182137]},{"shopId":116745,"imageSrc":"\u002Fcmscontent\u002Felp_logo_image\u002F1122075.jpg?b4rr","tagIds":[103120,150057]},{"shopId":88461,"imageSrc":"\u002Fcmscontent\u002Felp_logo_image\u002F912568.jpg?WJTg","tagIds":[103120]},{"shopId":80532,"imageSrc":"\u002Fcmscontent\u002Felp_logo_image\u002F1087863.jpg?amZu","tagIds":[102705,102210,176739,179549,160745,182137]},{"shopId":117605,"imageSrc":"\u002Fcmscontent\u002Felp_logo_image\u002F1147205.jpg?c1el","tagIds":[176739],"displayedInPromotionsSection":true},{"shopId":95143,"imageSrc":"\u002Fcmscontent\u002Felp_logo_image\u002F951970.jpg?W9AH","tagIds":[102063]}]},"trolleyMenu":{"mobileTrolleyOpened":false,"removeAllConfirmOpened":false},"foodProfilePopup":{"isPopupOpened":false,"currentStep":0},"analytics":{"pageView":{"id":"ce7a9b24-8b77-4db7-bd12-79ace5b1803a","url":"\u002Fbrowse\u002Ffrozen-180331"}},"dataSync":{"inactivityWarningVisible":false,"timeout":null},"http":{"referrer":"","currentRoute":"\u002Fbrowse\u002Ffrozen-180331","previousRoute":"","origin":"https:\u002F\u002Fgroceries.morrisons.com","query":{}},"meta":{"isFetching":false,"isReceived":true,"data":{}},"sentry":{"serverRejection":{},"serverFetch":{},"serverReferenceError":"","clientRejection":{},"clientReferenceError":""},"ulp":{"cookies":{},"isTemporaryHidden":false},"catalogue":{"productsPagesByRoute":{"\u002Fbrowse\u002F180331":{"pageParameters":{"category":[{"id":"180331","name":"Frozen"}],"hiddenOOS":true},"generalPageInfo":{"itemsCount":955},"navWithFilters":{"filters":[{"type":"BRAND","options":[{"id":"108397","name":"Morrisons"},{"id":"107530","name":"Birds Eye"},{"id":"108380","name":"McCain"},{"id":"108455","name":"Young's"},{"id":"108452","name":"Chicago Town"},{"id":"162803","name":"Morrisons The Best"},{"id":"108453","name":"Ben & Jerry's"},{"id":"108420","name":"Magnum"},{"id":"107881","name":"Aunt Bessie's"},{"id":"107525","name":"Linda McCartney"},{"id":"116691","name":"Haagen-Dazs"},{"id":"181774","name":"Morrisons Savers"},{"id":"108196","name":"Quorn"},{"id":"107055","name":"Cadbury"},{"id":"108450","name":"Goodfella's"},{"id":"107131","name":"Quorn"},{"id":"150409","name":"Shana"},{"id":"108128","name":"Kershaws"},{"id":"108414","name":"Youngs"},{"id":"106979","name":"Dr Oetker"}]},{"type":"OPTION","options":[{"id":"19998","name":"On Offer"},{"id":"19999","name":"New"}]},{"type":"DIETARY","options":[{"id":"19996","name":"Vegetarian"},{"id":"20011","name":"Vegan"},{"id":"19993","name":"Gluten Free"},{"id":"19990","name":"Nut Free"},{"id":"19986","name":"Kosher"},{"id":"19992","name":"Egg Free"},{"id":"20001","name":"Halal"},{"id":"20012","name":"Lactose Free"},{"id":"19991","name":"Milk Free"},{"id":"20004","name":"Soya Free"}]}],"subcategories":[{"id":"180396","name":"Ice Cream","hasChildren":true},{"id":"180364","name":"Fish & Seafood","hasChildren":true},{"id":"180333","name":"Chicken & Meat","hasChildren":true},{"id":"185018","name":"Vegetarian & Vegan","hasChildren":true},{"id":"185019","name":"Free From","hasChildren":true},{"id":"185020","name":"Vegetables & Sides","hasChildren":true},{"id":"185021","name":"Chips & Potatoes","hasChildren":true},{"id":"185022","name":"Yorkshire Puddings & Sides","hasChildren":true},{"id":"185023","name":"Pies","hasChildren":true},{"id":"185055","name":"Ready Meals","hasChildren":true},{"id":"185069","name":"Party Food","hasChildren":false},{"id":"180424","name":"Snacking","hasChildren":false},{"id":"180426","name":"Pizza","hasChildren":true},{"id":"180425","name":"Garlic Bread","hasChildren":false},{"id":"180464","name":"Easy Meal Times","hasChildren":true},{"id":"180463","name":"World Foods","hasChildren":false},{"id":"186855","name":"McCain Shop - Sponsored","hasChildren":true},{"id":"180395","name":"Desserts","hasChildren":true},{"id":"180403","name":"Fruit","hasChildren":false}]},"outOfStockStatistics":[{"category":"Shop\u002FFrozen","oosRatio":5}],"scribeContent":{"landingPage":{"docNo":75292,"docVersionNo":1303046,"docModel":"CATEGORY_LANDING_PAGE","docTitle":"PUBLISH FROZEN","graphicBanner":{"docNo":94368,"docVersionNo":1303017,"docModel":"GRAPHIC_BANNER","docTitle":"AMOUR ICE CREAM MORE POINTS","imageSrc":"\u002Fcmscontent\u002Fgraphic_banner_background_image\u002F1151889.jpg?dF-q","url":"https:\u002F\u002Fgroceries.morrisons.com\u002Fbrowse\u002Fmore-card-points-188711\u002Fice-cream-100-points-188911","showOnMobile":false}}},"mainFopCollection":{"sections":[{"id":"0d1699ac-acb8-40d1-9a5e-941c18cceb17","attributes":{"type":"ON_OFFER"},"fops":[{"sku":"247773011","hash":162978988},{"sku":"355893011","hash":-304839126},{"sku":"111004011","hash":414473564},{"sku":"451688011","hash":-295758384},{"sku":"530768011","hash":1923387290},{"sku":"490811011","hash":-578595366},{"sku":"289669011","hash":-1145295143},{"sku":"562074011","hash":-1261658996},{"sku":"120792011","hash":566781391},{"sku":"317651011","hash":895005294},{"sku":"110859011","hash":-249449035},{"sku":"565814011","hash":-223085618},{"sku":"327685011","hash":829732531},{"sku":"405683011","hash":-828124489},{"sku":"407574011","hash":-1599747083},{"sku":"601118011","hash":-1815605909},{"sku":"110912011","hash":1068606002},{"sku":"216443011","hash":-914114456},{"sku":"304235011","hash":230442400},{"sku":"530766011","hash":304010219},{"sku":"278932011","hash":-126070391},{"sku":"273116011","hash":-556367871},{"sku":"344808011","hash":901074667},{"sku":"216424011","hash":-48936675},{"sku":"562090011","hash":-997288019},{"sku":"360196011","hash":57227803},{"sku":"120953011","hash":1559401466},{"sku":"490748011","hash":-961429822},{"sku":"216679011","hash":449655572},{"sku":"327677011","hash":-724159867},{"sku":"557378011","hash":399381065},{"sku":"601120011","hash":-92581317},{"sku":"490746011","hash":-23125343},{"sku":"557376011","hash":-474923413},{"sku":"490758011","hash":-1167265497},{"sku":"111342011","hash":1074804498},{"sku":"607190011","hash":573023635},{"sku":"601122011","hash":492196935},{"sku":"111246011","hash":1648072009},{"sku":"419178011","hash":1331200472},{"sku":"557380011","hash":1725084138},{"sku":"601119011","hash":-1992974398},{"sku":"374476011","hash":-1417789794},{"sku":"449747011","hash":-796439955},{"sku":"486191011","hash":252606748},{"sku":"407572011","hash":974577628},{"sku":"607186011","hash":443525115},{"sku":"536583011","hash":-1284129822},{"sku":"110863011","hash":350978454},{"sku":"471623011","hash":1177887952},{"sku":"490813011","hash":1203439992},{"sku":"488195011","hash":-559469838},{"sku":"327681011","hash":-56826399},{"sku":"602639011","hash":853331191},{"sku":"314344011","hash":-170319277},{"sku":"327711011","hash":-145671287},{"sku":"216519011","hash":-1623069449},{"sku":"486182011","hash":808578041},{"sku":"607188011","hash":-791554251},{"sku":"536571011","hash":-47698947},{"sku":"601115011","hash":1212953342},{"sku":"531233011","hash":2010207610},{"sku":"601114011","hash":-59914708},{"sku":"317644011","hash":-1257598199},{"sku":"405635011","hash":2111802182},{"sku":"120954011","hash":1384303100},{"sku":"490777011","hash":1449052389},{"sku":"120917011","hash":1263809241},{"sku":"122300011","hash":921045647},{"sku":"413385011","hash":1349085979},{"sku":"110919011","hash":2093160150},{"sku":"111003011","hash":-643415184},{"sku":"354554011","hash":-90107282},{"sku":"514721011","hash":399042416},{"sku":"471641011","hash":-754835383},{"sku":"562071011","hash":1420878289},{"sku":"407573011","hash":2036534096},{"sku":"317627011","hash":-1122707748},{"sku":"419179011","hash":-364509414},{"sku":"537198011","hash":1184192183},{"sku":"601123011","hash":633142429},{"sku":"110913011","hash":2049708831},{"sku":"241311011","hash":-1499950279},{"sku":"304059011","hash":-1128776395},{"sku":"568592011","hash":-541927174},{"sku":"323421011","hash":226171223},{"sku":"327718011","hash":1244377719},{"sku":"342105011","hash":-1175924197},{"sku":"216675011","hash":178453816},{"sku":"530772011","hash":-1506116432},{"sku":"270687011","hash":126203747},{"sku":"327678011","hash":-1123789534},{"sku":"508190011","hash":645904033},{"sku":"216578011","hash":-1204305281},{"sku":"604177011","hash":-276457048},{"sku":"601116011","hash":-1768433408},{"sku":"270921011","hash":2058304074},{"sku":"122299011","hash":-277703570},{"sku":"568610011","hash":-149039862},{"sku":"568615011","hash":-376896251},{"sku":"216605011","hash":-1560339173},{"sku":"317626011","hash":-1925500157},{"sku":"399416011","hash":706879461},{"sku":"323422011","hash":-278149143},{"sku":"327715011","hash":-1176651256},{"sku":"386478011","hash":1213921357},{"sku":"120797011","hash":1002052939},{"sku":"424466011","hash":-149525520},{"sku":"120796011","hash":-1523407611},{"sku":"602640011","hash":1716629774},{"sku":"565823011","hash":231068350},{"sku":"120958011","hash":1289234326},{"sku":"216598011","hash":-873336809},{"sku":"304060011","hash":1259825482},{"sku":"449678011","hash":-1689359808},{"sku":"419180011","hash":-2042872979},{"sku":"374478011","hash":-2055270807},{"sku":"508397011","hash":526130455},{"sku":"327713011","hash":1862062748},{"sku":"122302011","hash":-2069754030},{"sku":"460832011","hash":1505043733},{"sku":"555620011","hash":650002898},{"sku":"592010011","hash":-631305545},{"sku":"120957011","hash":-1796548761},{"sku":"327674011","hash":-299006204},{"sku":"510673011","hash":-939913004},{"sku":"598263011","hash":-1967006530},{"sku":"120918011","hash":-2048580746},{"sku":"216596011","hash":-1295215181},{"sku":"405518011","hash":-992467473},{"sku":"360197011","hash":-250956776},{"sku":"122298011","hash":2017184357},{"sku":"120798011","hash":2015900646},{"sku":"459074011","hash":-1153743278},{"sku":"510417011","hash":1552198475},{"sku":"216566011","hash":646969445},{"sku":"580774011","hash":1086153039},{"sku":"601105011","hash":-756214571},{"sku":"537194011","hash":506592378},{"sku":"552176011","hash":934603061},{"sku":"327712011","hash":23737681},{"sku":"449677011","hash":977910535},{"sku":"491392011","hash":1463603628},{"sku":"546672011","hash":-1275390409},{"sku":"407575011","hash":-1825608595},{"sku":"547914011","hash":-1427635217},{"sku":"270588011","hash":1342125024},{"sku":"354550011","hash":191594105},{"sku":"591221011","hash":-1910119259},{"sku":"120793011","hash":-1462129698},{"sku":"601117011","hash":350811288},{"sku":"547081011","hash":1943373938},{"sku":"568614011","hash":4004137},{"sku":"386487011","hash":1888440618},{"sku":"371133011","hash":-1754671900},{"sku":"546580011","hash":1986980821},{"sku":"382487011","hash":1481426238},{"sku":"560847011","hash":-1316879122},{"sku":"568613011","hash":1712993664},{"sku":"585218011","hash":67614216},{"sku":"568616011","hash":1162348877},{"sku":"445115011","hash":-1297732574},{"sku":"602645011","hash":1486206771},{"sku":"409246011","hash":-403326699},{"sku":"122301011","hash":-258073699},{"sku":"514769011","hash":224750574},{"sku":"537185011","hash":-1729611486},{"sku":"537914011","hash":408306931},{"sku":"481460011","hash":1152458137},{"sku":"590796011","hash":1503856187},{"sku":"568611011","hash":-622659866},{"sku":"560832011","hash":783171447},{"sku":"314348011","hash":-628826970},{"sku":"216583011","hash":-267766146},{"sku":"110865011","hash":1082736887},{"sku":"591331011","hash":432904565},{"sku":"602648011","hash":838968230},{"sku":"405673011","hash":296604660},{"sku":"110905011","hash":524339760},{"sku":"591393011","hash":-1405772914},{"sku":"508192011","hash":-1000458948},{"sku":"538558011","hash":-1160194563},{"sku":"601121011","hash":406877733},{"sku":"386491011","hash":2031600058},{"sku":"395682011","hash":-1477373972},{"sku":"294765011","hash":1872370932},{"sku":"496362011","hash":-2098719853},{"sku":"537186011","hash":-1046019679},{"sku":"560833011","hash":-167105612},{"sku":"241793011","hash":1602241982},{"sku":"120903011","hash":-1846771879},{"sku":"317631011","hash":694568283},{"sku":"601113011","hash":704119126},{"sku":"355797011","hash":757262834},{"sku":"601130011","hash":524714171},{"sku":"537894011","hash":100626716},{"sku":"577965011","hash":-2120542984},{"sku":"490775011","hash":1670207440},{"sku":"449751011","hash":2013612406},{"sku":"585214011","hash":-894692734},{"sku":"508398011","hash":-2015497441},{"sku":"508222011","hash":-450755378},{"sku":"601104011","hash":208422064},{"sku":"580765011","hash":-972235145},{"sku":"510431011","hash":742241639},{"sku":"568593011","hash":-227722471},{"sku":"355794011","hash":-2090784001},{"sku":"327714011","hash":1638726480},{"sku":"327719011","hash":2070199464},{"sku":"371140011","hash":-2031248552},{"sku":"531320011","hash":236490189},{"sku":"610698011","hash":89239990},{"sku":"355938011","hash":-2018249605},{"sku":"568617011","hash":24738899},{"sku":"297822011","hash":-1241770951},{"sku":"244616011","hash":-42794038},{"sku":"355795011","hash":792177234},{"sku":"576263011","hash":601257014},{"sku":"442561011","hash":-503867405},{"sku":"355796011","hash":1475347223},{"sku":"489593011","hash":1815694728},{"sku":"515780011","hash":42774273},{"sku":"395665011","hash":-1207013223},{"sku":"599764011","hash":-1758036641},{"sku":"470788011","hash":-650138678},{"sku":"604178011","hash":-1193816101},{"sku":"597526011","hash":-1284910915},{"sku":"216155011","hash":1844656718},{"sku":"349588011","hash":49588856},{"sku":"364678011","hash":1812383880},{"sku":"585220011","hash":2075550302},{"sku":"546727011","hash":-688855793},{"sku":"546730011","hash":1207856585},{"sku":"395664011","hash":-1836779268},{"sku":"363891011","hash":1345770167},{"sku":"565794011","hash":-1612934294},{"sku":"491164011","hash":-66232266},{"sku":"506000011","hash":964040495},{"sku":"597996011","hash":-744136861},{"sku":"573854011","hash":-976855937},{"sku":"216619011","hash":-1992025751},{"sku":"562070011","hash":958057531},{"sku":"481428011","hash":1098970438},{"sku":"346071011","hash":203844719},{"sku":"546578011","hash":137707511},{"sku":"597994011","hash":-741983816},{"sku":"470789011","hash":-1191055887},{"sku":"491390011","hash":-865244072},{"sku":"565790011","hash":2052442678},{"sku":"602644011","hash":-1553088282},{"sku":"510485011","hash":-1484799224},{"sku":"591218011","hash":663928595},{"sku":"538609011","hash":-1127814047},{"sku":"591325011","hash":1021676504},{"sku":"537902011","hash":1065247825},{"sku":"573871011","hash":-1215933629},{"sku":"591219011","hash":556348975},{"sku":"573233011","hash":895529819},{"sku":"395727011","hash":621241624},{"sku":"510430011","hash":591009287},{"sku":"510675011","hash":-255876285},{"sku":"601131011","hash":-554491178},{"sku":"398619011","hash":240329650},{"sku":"586675011","hash":-1600433350},{"sku":"601132011","hash":1508417413},{"sku":"591341011","hash":-1567984897},{"sku":"591217011","hash":1983439693},{"sku":"546675011","hash":-1454287189},{"sku":"510442011","hash":673787063},{"sku":"580753011","hash":-1091588707},{"sku":"510432011","hash":-428113465},{"sku":"576265011","hash":-1070115281},{"sku":"110920011","hash":1856267595},{"sku":"537061011","hash":-1604453083},{"sku":"576264011","hash":1565483766},{"sku":"597993011","hash":-130993905},{"sku":"565316011","hash":1055839652},{"sku":"537478011","hash":1416165563},{"sku":"607608011","hash":220680231},{"sku":"601128011","hash":-1618810185},{"sku":"451879011","hash":1932907167},{"sku":"555579011","hash":99629091},{"sku":"610697011","hash":673496649},{"sku":"598951011","hash":-474576015},{"sku":"590792011","hash":699968930},{"sku":"481427011","hash":-987059181},{"sku":"602654011","hash":-551053376},{"sku":"602649011","hash":-145098382},{"sku":"580749011","hash":-553283285},{"sku":"595805011","hash":2003306565},{"sku":"565791011","hash":393800423},{"sku":"602650011","hash":1967625540},{"sku":"537475011","hash":-208902198},{"sku":"573234011","hash":1476605476},{"sku":"602653011","hash":-1584820999},{"sku":"597228011","hash":820847882},{"sku":"597227011","hash":1826742903},{"sku":"590797011","hash":71824129},{"sku":"573232011","hash":-517489931},{"sku":"598939011","hash":708720256},{"sku":"591324011"},{"sku":"565396011"},{"sku":"598952011"},{"sku":"565395011"},{"sku":"591328011"},{"sku":"586677011"},{"sku":"607609011"},{"sku":"602655011"},{"sku":"598950011"},{"sku":"597229011"},{"sku":"597995011"},{"sku":"610446011"},{"sku":"607607011"},{"sku":"607604011"},{"sku":"496384011"},{"sku":"586683011"},{"sku":"595718011"},{"sku":"607606011"},{"sku":"584973011"},{"sku":"607611011"},{"sku":"607605011"},{"sku":"598940011"},{"sku":"341349011"},{"sku":"610785011"},{"sku":"111099011"},{"sku":"537912011"},{"sku":"282232011"},{"sku":"597997011"},{"sku":"557379011"},{"sku":"557377011"},{"sku":"590793011"},{"sku":"291683011"},{"sku":"607187011"}]},{"id":"ff0609b0-ed50-41d2-96f6-155c0f776ab4","attributes":{"type":"NEW"},"fops":[{"sku":"362100011"},{"sku":"606141011"},{"sku":"610860011"},{"sku":"517870011"},{"sku":"591175011"},{"sku":"610447011"},{"sku":"395373011"},{"sku":"492997011"},{"sku":"120879011"},{"sku":"610449011"},{"sku":"537124011"},{"sku":"610448011"},{"sku":"611054011"},{"sku":"583662011"},{"sku":"611064011"},{"sku":"610429011"},{"sku":"610450011"},{"sku":"562068011"},{"sku":"576405011"},{"sku":"609648011"},{"sku":"610694011"},{"sku":"611053011"},{"sku":"611072011"},{"sku":"610691011"},{"sku":"607220011"},{"sku":"610696011"},{"sku":"610695011"},{"sku":"610692011"},{"sku":"610439011"},{"sku":"564327011"},{"sku":"607337011"},{"sku":"610693011"},{"sku":"610430011"}]},{"id":"c2fb6c73-7165-4c19-81e1-ad4958665dec","attributes":{"type":"OTHER"},"fops":[{"sku":"577425011"},{"sku":"120887011"},{"sku":"537916011"},{"sku":"120907011"},{"sku":"110846011"},{"sku":"216582011"},{"sku":"120904011"},{"sku":"317419011"},{"sku":"591202011"},{"sku":"120890011"},{"sku":"317420011"},{"sku":"110843011"},{"sku":"537864011"},{"sku":"111226011"},{"sku":"431038011"},{"sku":"110867011"},{"sku":"317422011"},{"sku":"120899011"},{"sku":"216129011"},{"sku":"111053011"},{"sku":"304338011"},{"sku":"486180011"},{"sku":"357129011"},{"sku":"517871011"},{"sku":"110992011"},{"sku":"537868011"},{"sku":"216501011"},{"sku":"537865011"},{"sku":"110842011"},{"sku":"110849011"},{"sku":"120908011"},{"sku":"395372011"},{"sku":"546778011"},{"sku":"111016011"},{"sku":"317181011"},{"sku":"537867011"},{"sku":"247772011"},{"sku":"216594011"},{"sku":"303823011"},{"sku":"122297011"},{"sku":"537863011"},{"sku":"212500011"},{"sku":"492999011"},{"sku":"565795011"},{"sku":"374488011"},{"sku":"405680011"},{"sku":"517905011"},{"sku":"350537011"},{"sku":"357130011"},{"sku":"111372011"},{"sku":"120889011"},{"sku":"537896011"},{"sku":"120784011"},{"sku":"120905011"},{"sku":"517370011"},{"sku":"120900011"},{"sku":"120891011"},{"sku":"405634011"},{"sku":"537209011"},{"sku":"329481011"},{"sku":"111050011"},{"sku":"486181011"},{"sku":"577426011"},{"sku":"110845011"},{"sku":"120752011"},{"sku":"304053011"},{"sku":"355894011"},{"sku":"120951011"},{"sku":"110850011"},{"sku":"536588011"},{"sku":"110855011"},{"sku":"397530011"},{"sku":"497122011"},{"sku":"487282011"},{"sku":"537207011"},{"sku":"110852011"},{"sku":"304055011"},{"sku":"304004011"},{"sku":"355904011"},{"sku":"215720011"},{"sku":"110864011"},{"sku":"581924011"},{"sku":"120780011"},{"sku":"537476011"},{"sku":"303973011"},{"sku":"216510011"},{"sku":"216515011"},{"sku":"560846011"},{"sku":"120777011"},{"sku":"491329011"},{"sku":"492981011"},{"sku":"508161011"},{"sku":"490755011"},{"sku":"110847011"},{"sku":"254779011"},{"sku":"304057011"},{"sku":"216204011"},{"sku":"517869011"},{"sku":"120878011"},{"sku":"314345011"},{"sku":"591207011"},{"sku":"604176011"},{"sku":"216584011"},{"sku":"581922011"},{"sku":"537125011"},{"sku":"562697011"},{"sku":"111057011"},{"sku":"215750011"},{"sku":"323425011"},{"sku":"537188011"},{"sku":"517906011"},{"sku":"591163011"},{"sku":"111059011"},{"sku":"120893011"},{"sku":"558073011"},{"sku":"537900011"},{"sku":"120750011"},{"sku":"216446011"},{"sku":"537195011"},{"sku":"354515011"},{"sku":"358424011"},{"sku":"120754011"},{"sku":"537120011"},{"sku":"580764011"},{"sku":"471640011"},{"sku":"346176011"},{"sku":"562076011"},{"sku":"490797011"},{"sku":"517908011"},{"sku":"275738011"},{"sku":"251644011"},{"sku":"216548011"},{"sku":"517918011"},{"sku":"581849011"},{"sku":"601126011"},{"sku":"517914011"},{"sku":"355897011"},{"sku":"270434011"},{"sku":"565322011"},{"sku":"270419011"},{"sku":"413268011"},{"sku":"120778011"},{"sku":"120897011"},{"sku":"111371011"},{"sku":"316293011"},{"sku":"233769011"},{"sku":"111346011"},{"sku":"604175011"},{"sku":"111105011"},{"sku":"112341011"},{"sku":"552189011"},{"sku":"562450011"},{"sku":"560849011"},{"sku":"517868011"},{"sku":"120844011"},{"sku":"536576011"},{"sku":"607072011"},{"sku":"235405011"},{"sku":"555619011"},{"sku":"583476011"},{"sku":"268328011"},{"sku":"536585011"},{"sku":"481073011"},{"sku":"364792011"},{"sku":"573853011"},{"sku":"597076011"},{"sku":"111066011"},{"sku":"342406011"},{"sku":"574366011"},{"sku":"303612011"},{"sku":"233780011"},{"sku":"374484011"},{"sku":"562737011"},{"sku":"565822011"},{"sku":"111228011"},{"sku":"358425011"},{"sku":"111069011"},{"sku":"405652011"},{"sku":"120831011"},{"sku":"591208011"},{"sku":"432179011"},{"sku":"601127011"},{"sku":"515778011"},{"sku":"216531011"},{"sku":"493001011"},{"sku":"215651011"},{"sku":"471683011"},{"sku":"510462011"},{"sku":"120751011"},{"sku":"520796011"},{"sku":"405682011"},{"sku":"360198011"},{"sku":"451687011"},{"sku":"573861011"},{"sku":"110903011"},{"sku":"120762011"},{"sku":"601124011"},{"sku":"273118011"},{"sku":"111130011"},{"sku":"323423011"},{"sku":"120910011"},{"sku":"233954011"},{"sku":"574364011"},{"sku":"327682011"},{"sku":"580752011"},{"sku":"233953011"},{"sku":"120819011"},{"sku":"529454011"},{"sku":"491493011"},{"sku":"421929011"},{"sku":"565798011"},{"sku":"417302011"},{"sku":"216669011"},{"sku":"270420011"},{"sku":"542733011"},{"sku":"344182011"},{"sku":"111138011"},{"sku":"111070011"},{"sku":"500576011"},{"sku":"111127011"},{"sku":"451689011"},{"sku":"581923011"},{"sku":"537928011"},{"sku":"299288011"},{"sku":"120753011"},{"sku":"233956011"},{"sku":"363893011"},{"sku":"111144011"},{"sku":"515781011"},{"sku":"417261011"},{"sku":"303769011"},{"sku":"112338011"},{"sku":"517907011"},{"sku":"373162011"},{"sku":"601621011"},{"sku":"216558011"},{"sku":"480875011"},{"sku":"508189011"},{"sku":"270421011"},{"sku":"514113011"},{"sku":"111245011"},{"sku":"494381011"},{"sku":"508195011"},{"sku":"303979011"},{"sku":"216678011"},{"sku":"120756011"},{"sku":"358594011"},{"sku":"235403011"},{"sku":"542738011"},{"sku":"497123011"},{"sku":"512713011"},{"sku":"576266011"},{"sku":"215727011"},{"sku":"318189011"},{"sku":"566319011"},{"sku":"349587011"},{"sku":"215847011"},{"sku":"579962011"},{"sku":"216544011"},{"sku":"452291011"},{"sku":"111236011"},{"sku":"297947011"},{"sku":"355826011"},{"sku":"283725011"},{"sku":"216417011"},{"sku":"278796011"},{"sku":"591174011"},{"sku":"308172011"},{"sku":"233775011"},{"sku":"568589011"},{"sku":"547906011"},{"sku":"580751011"},{"sku":"500574011"},{"sku":"556220011"},{"sku":"355823011"},{"sku":"233459011"},{"sku":"215849011"},{"sku":"268331011"},{"sku":"303991011"},{"sku":"303609011"},{"sku":"342094011"},{"sku":"537901011"},{"sku":"272765011"},{"sku":"581926011"},{"sku":"537913011"},{"sku":"604138011"},{"sku":"537063011"},{"sku":"591339011"},{"sku":"120902011"},{"sku":"112339011"},{"sku":"607015011"},{"sku":"319584011"},{"sku":"411430011"},{"sku":"455355011"},{"sku":"564701011"},{"sku":"595712011"},{"sku":"591340011"},{"sku":"537123011"},{"sku":"268325011"},{"sku":"411238011"},{"sku":"111145011"},{"sku":"405685011"},{"sku":"303603011"},{"sku":"562698011"},{"sku":"520797011"},{"sku":"565321011"},{"sku":"452289011"},{"sku":"562089011"},{"sku":"508228011"},{"sku":"515779011"},{"sku":"111106011"},{"sku":"303621011"},{"sku":"355827011"},{"sku":"537479011"},{"sku":"479493011"},{"sku":"555608011"},{"sku":"303799011"},{"sku":"568608011"},{"sku":"235384011"},{"sku":"518261011"},{"sku":"318092011"},{"sku":"304340011"},{"sku":"318448011"},{"sku":"397531011"},{"sku":"308173011"},{"sku":"216426011"},{"sku":"111150011"},{"sku":"457972011"},{"sku":"358522011"},{"sku":"565320011"},{"sku":"268324011"},{"sku":"491142011"},{"sku":"591197011"},{"sku":"585217011"},{"sku":"537473011"},{"sku":"518269011"},{"sku":"580758011"},{"sku":"111129011"},{"sku":"479816011"},{"sku":"266195011"},{"sku":"580763011"},{"sku":"471722011"},{"sku":"606519011"},{"sku":"568604011"},{"sku":"338574011"},{"sku":"560844011"},{"sku":"550241011"},{"sku":"537903011"},{"sku":"591329011"},{"sku":"266192011"},{"sku":"303813011"},{"sku":"514114011"},{"sku":"215843011"},{"sku":"364558011"},{"sku":"308175011"},{"sku":"303607011"},{"sku":"391017011"},{"sku":"347873011"},{"sku":"303427011"},{"sku":"304122011"},{"sku":"555609011"},{"sku":"488108011"},{"sku":"304020011"},{"sku":"586674011"},{"sku":"488107011"},{"sku":"595716011"},{"sku":"576422011"},{"sku":"522595011"},{"sku":"352842011"},{"sku":"598863011"},{"sku":"424216011"},{"sku":"555578011"},{"sku":"233659011"},{"sku":"566332011"},{"sku":"295540011"},{"sku":"508194011"},{"sku":"601125011"},{"sku":"537193011"},{"sku":"595711011"},{"sku":"591211011"},{"sku":"530763011"},{"sku":"111128011"},{"sku":"598865011"},{"sku":"283727011"},{"sku":"537210011"},{"sku":"479490011"},{"sku":"491331011"},{"sku":"573859011"},{"sku":"303778011"},{"sku":"573860011"},{"sku":"415407011"},{"sku":"598161011"},{"sku":"479494011"},{"sku":"574363011"},{"sku":"565323011"},{"sku":"362055011"},{"sku":"406096011"},{"sku":"510676011"},{"sku":"598866011"},{"sku":"581847011"},{"sku":"555625011"},{"sku":"573862011"},{"sku":"602656011"},{"sku":"349346011"},{"sku":"580756011"},{"sku":"595713011"},{"sku":"120861011"},{"sku":"120860011"},{"sku":"304042011"},{"sku":"406092011"},{"sku":"344233011"},{"sku":"233951011"},{"sku":"573856011"},{"sku":"111347011"},{"sku":"555618011"},{"sku":"598864011"},{"sku":"581968011"},{"sku":"607191011"},{"sku":"298969011"},{"sku":"592009011"},{"sku":"560845011"},{"sku":"436477011"},{"sku":"455354011"},{"sku":"545490011"},{"sku":"577428011"},{"sku":"591195011"},{"sku":"537064011"},{"sku":"574365011"},{"sku":"568590011"},{"sku":"514117011"},{"sku":"591212011"},{"sku":"595717011"},{"sku":"591196011"},{"sku":"507951011"},{"sku":"553763011"},{"sku":"216397011"},{"sku":"550192011"},{"sku":"601133011"},{"sku":"599189011"},{"sku":"537203011"},{"sku":"546689011"},{"sku":"581848011"},{"sku":"598803011"},{"sku":"560848011"},{"sku":"562728011"},{"sku":"555577011"},{"sku":"590065011"},{"sku":"417303011"},{"sku":"573696011"},{"sku":"585213011"},{"sku":"278952011"},{"sku":"583478011"},{"sku":"537936011"},{"sku":"344181011"},{"sku":"568607011"},{"sku":"591199011"},{"sku":"437100011"},{"sku":"602658011"},{"sku":"591345011"},{"sku":"590066011"},{"sku":"490799011"},{"sku":"491696011"},{"sku":"547096011"},{"sku":"598262011"},{"sku":"580750011"},{"sku":"564318011"},{"sku":"591198011"},{"sku":"591214011"},{"sku":"545493011"},{"sku":"607189011"},{"sku":"514747011"},{"sku":"598799011"},{"sku":"554173011"},{"sku":"602657011"},{"sku":"406093011"},{"sku":"598801011"},{"sku":"391032011"},{"sku":"597989011"},{"sku":"591344011"},{"sku":"538606011"},{"sku":"586673011"},{"sku":"602638011"},{"sku":"510449011"},{"sku":"601101011"},{"sku":"597652011"},{"sku":"594698011"},{"sku":"591190011"},{"sku":"591327011"},{"sku":"507950011"},{"sku":"568591011"},{"sku":"352841011"},{"sku":"562072011"},{"sku":"560834011"},{"sku":"597988011"},{"sku":"550194011"},{"sku":"564337011"},{"sku":"565391011"},{"sku":"601129011"},{"sku":"573855011"},{"sku":"554175011"},{"sku":"234032011"},{"sku":"597908011"},{"sku":"110990011"},{"sku":"554174011"},{"sku":"585764011"},{"sku":"586684011"},{"sku":"598798011"},{"sku":"601103011"},{"sku":"602646011"},{"sku":"598800011"},{"sku":"573852011"},{"sku":"577485011"},{"sku":"571347011"},{"sku":"601107011"},{"sku":"430976011"},{"sku":"547094011"},{"sku":"591215011"},{"sku":"537909011"},{"sku":"597990011"},{"sku":"308174011"},{"sku":"565820011"},{"sku":"586682011"},{"sku":"591200011"},{"sku":"602641011"},{"sku":"598162011"},{"sku":"602652011"},{"sku":"591342011"},{"sku":"597991011"},{"sku":"573704011"},{"sku":"565394011"},{"sku":"591343011"},{"sku":"598802011"},{"sku":"573869011"},{"sku":"597650011"},{"sku":"574375011"},{"sku":"553762011"},{"sku":"591321011"},{"sku":"602651011"},{"sku":"590791011"},{"sku":"510459011"},{"sku":"573666011"},{"sku":"601076011"},{"sku":"601102011"},{"sku":"573667011"},{"sku":"576420011"},{"sku":"601110011"},{"sku":"597992011"},{"sku":"601109011"},{"sku":"591216011"},{"sku":"601112011"},{"sku":"585216011"},{"sku":"597985011"},{"sku":"593321011"},{"sku":"597986011"},{"sku":"586685011"},{"sku":"586698011"},{"sku":"594185011"},{"sku":"258410011"},{"sku":"584970011"},{"sku":"595715011"},{"sku":"591209011"},{"sku":"595714011"},{"sku":"303332011"},{"sku":"543162011"},{"sku":"251645011"},{"sku":"352846011"},{"sku":"111009011"},{"sku":"273117011"},{"sku":"352835011"},{"sku":"547098011"},{"sku":"120898011"},{"sku":"360477011"},{"sku":"577433011"},{"sku":"324875011"},{"sku":"573863011"},{"sku":"510505011"},{"sku":"546577011"},{"sku":"566317011"},{"sku":"299289011"},{"sku":"562083011"},{"sku":"570831011"},{"sku":"216537011"},{"sku":"499123011"},{"sku":"111229011"},{"sku":"374485011"},{"sku":"533670011"},{"sku":"590608011"},{"sku":"317880011"},{"sku":"415415011"}]}],"totalFops":955,"maxDisplayFops":400},"sidebarFopCollection":{},"topBarFopCollection":{},"pageBeacon":"\u002F\u002Fb.fr3.eu.criteo.com\u002Frm?fid=260&hl_qs_cmp=XrOE1eLSRsVWjcMymZ8NBv6IkgLghRVPbTdlc4x2ky9w7jDgUjBEDDFSPpy2Wimy1_9iR7Qyfy11d9gpvbgbhl0S5-fnvG9DJ9_uXdXK549a3k-7UatZ75IWqLMiLIvgUAnZ5tvJWkdnxTZ2lny7X6xNrs0FvizrblvPtsiNkEp3XFsgbSYqaHSVh5b4meLfI9l9raPmJuS5d_dzy5ASHWkbZR9JW3dwhDwuYhp0F1L9rFUkklUUsA-v69XZOMvseAvYahY1Wp4xzg5W5nILaV_rV-adalgDn5Iv0ceKAZiQPTvYtbaIz2kQ79W8yyZ3fv4iZKQ2vPSDne3KI10_OeNHHV2I6w9wYkIR5jkVIPdASl2t8G6Czz-OBAk78v3z7X4EY-Xg5YmdDoXJ1LQ9zCAF8C571CpP5ykodExua7D34saUS8-JSa2Tvb0wjxJ23Uh9m42BOlWFJIjCYnzdcYDwqqMVOg59JoAJjGsaCgQ&ev=4&action=page&origc=G&pid=fbd4404f-1879-495b-b0eb-b39db3d5ed55&rn=382427401&rm_e=t6h4kKOmeMiF2oy5Oh2JpuzsGL2ax0AFzQK6z3MW2nrfX4aZCVNZ07LbCvdt4fU4wVTGYEFmdaIVoJvp3399NwrX_92mOVdtA-gUyZgvU94urjButd3WbSn1H4ESe3P-4SD7v4FaLygeSVYXW6wHvgFGhjPXlTzCTPTe7i10jU49-yhWEIE5naOznDEgmXVAxdqj5UU4hmiXYog5RQ3BnntGfqLgDWc4DdcObOQReAdWp_M9Ne5SbapbzBHFivTZ7azd2xltSZxk_nKU1AvBPFOrYNMSrsyTb8rbArd8yu50c73G_i7XxOSRC9vbR7mR","beacons":{"topBar":"\u002F\u002Fb.fr3.eu.criteo.com\u002Frm?fid=260&hl_qs_cmp=YdcqimcIYb7Fp6YfqjNXt8vWi6NsNPxMQxecKlJORSZCZ0sxo5bmUpkMa-oilz3x6-zTlH1-XWdHxCSwiceh-9hhMPy4wQMabDPHYkvT8G3rLoNDAruvB-Uu6rzCZbKU-ayWpHOcGBTSgQmcAa4RQ3ToR19kHuuElW4JETF6gVmR5xHjb4FumlH3pewjk4cvLo0cIjCcBbssbkE0w0zd_Q5UN5S_8cudd0NlChFB3vEzne5TgLEYrLHCjet69bSov495MxYVoNu-Wzeb_B0UqnUH0YJzF_T9gXpvuT5V_6M5RA2cDgdVI2zjKrzFcNsYhNFepn3v5GaA8tO_qfd6AzQtKZ8dgF9FkP06w3XrA-LmYEoIwOLXbl-Iy1NlwdEuttJG73dMVuIaheymdQB9hDHGdrznQ2maLp6n46GiPSOju9bgr6C3lJG2gtnNQTvegtGxGDVzdG7Xk-_8o6hVpXE_ebaDqEr3UmYYyrxtVSI&ev=4&action=page&origc=G&pid=e1643484-f7ea-4fa3-8b08-2d6daa350af3&rn=581711837&rm_e=LWltPNBZR2GBYdoq_AGbyPQkNyAbPEYkg8sqBeB0orG9ozfsBbmuIj8IhNceP_yHBOZy1g2yqyTCKUMo7TFS6LigFh_gO0P52sdxDXzJbl2tIjkRF_WJ4TnclarfIKHsJkijKPBobByXLSuFTr6ZetpbBmI0jpEEKa4wjHYyUp8","page":"\u002F\u002Fb.fr3.eu.criteo.com\u002Frm?fid=260&hl_qs_cmp=XrOE1eLSRsVWjcMymZ8NBv6IkgLghRVPbTdlc4x2ky9w7jDgUjBEDDFSPpy2Wimy1_9iR7Qyfy11d9gpvbgbhl0S5-fnvG9DJ9_uXdXK549a3k-7UatZ75IWqLMiLIvgUAnZ5tvJWkdnxTZ2lny7X6xNrs0FvizrblvPtsiNkEp3XFsgbSYqaHSVh5b4meLfI9l9raPmJuS5d_dzy5ASHWkbZR9JW3dwhDwuYhp0F1L9rFUkklUUsA-v69XZOMvseAvYahY1Wp4xzg5W5nILaV_rV-adalgDn5Iv0ceKAZiQPTvYtbaIz2kQ79W8yyZ3fv4iZKQ2vPSDne3KI10_OeNHHV2I6w9wYkIR5jkVIPdASl2t8G6Czz-OBAk78v3z7X4EY-Xg5YmdDoXJ1LQ9zCAF8C571CpP5ykodExua7D34saUS8-JSa2Tvb0wjxJ23Uh9m42BOlWFJIjCYnzdcYDwqqMVOg59JoAJjGsaCgQ&ev=4&action=page&origc=G&pid=fbd4404f-1879-495b-b0eb-b39db3d5ed55&rn=382427401&rm_e=t6h4kKOmeMiF2oy5Oh2JpuzsGL2ax0AFzQK6z3MW2nrfX4aZCVNZ07LbCvdt4fU4wVTGYEFmdaIVoJvp3399NwrX_92mOVdtA-gUyZgvU94urjButd3WbSn1H4ESe3P-4SD7v4FaLygeSVYXW6wHvgFGhjPXlTzCTPTe7i10jU49-yhWEIE5naOznDEgmXVAxdqj5UU4hmiXYog5RQ3BnntGfqLgDWc4DdcObOQReAdWp_M9Ne5SbapbzBHFivTZ7azd2xltSZxk_nKU1AvBPFOrYNMSrsyTb8rbArd8yu50c73G_i7XxOSRC9vbR7mR"}}}},"products":{"awaitProductsBySku":[],"productsBySku":{"110859011":{"sku":"110859011","name":"McCain Potato Smiles","brand":{"id":"108380","name":"McCain"},"catchWeight":"454g","price":{"current":2,"previous":2.49,"lpp":false,"unit":{"price":4.4016,"per":"per kg"},"type":"OFFER"},"mainCategory":"Frozen\u002FEasy Meal Times\u002FKids Quick Tea","image":{"hash":"00aa9b50773e49c7d8f983423ff8e211"},"offer":{"id":"1007505593","text":"Offer price £2, was £2.49","type":"REGULAR"},"reviewStats":{"averageRate":4.5,"count":11},"labels":["ON_OFFER"],"packInfo":{"frozen":true,"vegetarian":true},"type":"REGULAR","gtin":"5010228071329","hash":-249449035},"110863011":{"sku":"110863011","name":"McCain Microwave Quick Chips Straight Cut","brand":{"id":"108380","name":"McCain"},"catchWeight":"4 x 100g","price":{"current":2.99,"lpp":false,"unit":{"price":7.48,"per":"per kg"},"type":"REGULAR"},"mainCategory":"Frozen\u002FMcCain Shop - Sponsored\u002FQuick Chips","image":{"hash":"aa7805ad3af525b1cc6bf35958f3a3db"},"offer":{"id":"1007540767","text":"Buy 2 for £5","type":"REGULAR"},"reviewStats":{"averageRate":3.700000047683716,"count":12},"labels":["ON_OFFER"],"packInfo":{"frozen":true,"vegetarian":true},"type":"REGULAR","gtin":"5010228093055","hash":350978454},"110912011":{"sku":"110912011","name":"Birds Eye 4 Battered Cod Fish Fillets","brand":{"id":"107530","name":"Birds Eye"},"catchWeight":"440g","price":{"current":4.5,"previous":6.15,"lpp":false,"unit":{"price":10.2293,"per":"per kg"},"type":"OFFER"},"mainCategory":"Frozen\u002FFish & Seafood\u002FBattered & Breaded Fish\u002FBattered","image":{"hash":"306ebefdc7818bce7a9d49342299eea5"},"offer":{"id":"1007506537","text":"Offer price £4.50, was £6.15","type":"REGULAR"},"reviewStats":{"averageRate":3.0999999046325684,"count":26},"labels":["ON_OFFER"],"packInfo":{"frozen":true},"type":"REGULAR","gtin":"5000116124671","hash":1068606002},"111004011":{"sku":"111004011","name":"Rowntree's Fruit Pastilles Lollies","brand":{"id":"107576","name":"Rowntree's"},"catchWeight":"4 x 65ml","price":{"current":2.5,"lpp":false,"unit":{"price":0.962,"per":"per 100ml"},"type":"REGULAR"},"mainCategory":"Summer Shop\u002FIce Cream","image":{"hash":"9d3abe505d52c82cee0399dc85bd05b6"},"offer":{"id":"1007575114","text":"Buy 2 for £4","type":"REGULAR"},"reviewStats":{"averageRate":5,"count":6},"labels":["ON_OFFER"],"packInfo":{"frozen":true,"vegetarian":true},"type":"REGULAR","gtin":"5010238297115","hash":414473564},"111246011":{"sku":"111246011","name":"Birds Eye 4 Original Beef Quarter Pounder Burgers","brand":{"id":"107530","name":"Birds Eye"},"catchWeight":"456g","price":{"current":3,"previous":4.39,"lpp":false,"unit":{"price":6.5809,"per":"per kg"},"type":"OFFER"},"mainCategory":"Frozen\u002FEasy Meal Times\u002FBig Night In\u002FAmerican Grill","image":{"hash":"a92831152ce96a428487ab3656eec753"},"offer":{"id":"1007507201","text":"Offer price £3, was £4.09","type":"REGULAR"},"reviewStats":{"averageRate":2.9000000953674316,"count":15},"labels":["ON_OFFER"],"packInfo":{"minimumShelfLife":51,"averageShelfLife":395,"frozen":true},"type":"REGULAR","gtin":"5000116046867","hash":1648072009},"111342011":{"sku":"111342011","name":"Morrisons Cocktail Sausage Rolls 50 Pack","brand":{"id":"108397","name":"Morrisons"},"catchWeight":"800g","price":{"current":1.59,"previous":1.79,"lpp":false,"unit":{"price":1.9897,"per":"per kg"},"type":"OFFER"},"mainCategory":"Frozen\u002FPies\u002FSausage Rolls & Pastries","image":{"hash":"0b6b905545b519b5ab9a7348964bbd07"},"offer":{"id":"1007429577","text":"Offer price £1.59, was £1.79","type":"REGULAR"},"reviewStats":{"averageRate":2.700000047683716,"count":7},"labels":["ON_OFFER"],"packInfo":{"frozen":true},"type":"REGULAR","gtin":"5010251591900","hash":1074804498},"120792011":{"sku":"120792011","name":"Birds Eye 2 Chicken Quarter Pounders","brand":{"id":"107530","name":"Birds Eye"},"catchWeight":"227g","price":{"current":2,"previous":2.79,"lpp":false,"unit":{"price":8.81,"per":"per kg"},"type":"OFFER"},"mainCategory":"Frozen\u002FChicken & Meat\u002FBreaded Chicken\u002FChicken Burgers","image":{"hash":"acfc58b8a1d50140f8bd0e9836b6fdae"},"offer":{"id":"1007506729","text":"Offer price £2, was £2.79","type":"REGULAR"},"reviewStats":{"averageRate":3.5,"count":26},"labels":["ON_OFFER"],"packInfo":{"frozen":true},"type":"REGULAR","gtin":"5000116035540","hash":566781391},"120953011":{"sku":"120953011","name":"Dr. Oetker Ristorante Mozzarella Pizza","brand":{"id":"108011","name":"Dr Oetker"},"catchWeight":"355g","price":{"current":3.29,"lpp":false,"unit":{"price":9.27,"per":"per kg"},"type":"REGULAR"},"mainCategory":"Frozen\u002FPizza\u002FThin Crust","image":{"hash":"45c19737a2b854f51fb05b14243e474d"},"offer":{"id":"1007575114","text":"Buy 2 for £4","type":"REGULAR"},"reviewStats":{"averageRate":4.099999904632568,"count":15},"labels":["ON_OFFER"],"packInfo":{"frozen":true,"freezable":true,"vegetarian":true},"type":"REGULAR","gtin":"4001724039112","hash":1559401466},"216424011":{"sku":"216424011","name":"Birds Eye 2 Southern Fried Chicken Grills","brand":{"id":"107530","name":"Birds Eye"},"catchWeight":"180g","price":{"current":2,"previous":2.79,"lpp":false,"unit":{"price":11.1111,"per":"per kg"},"type":"OFFER"},"mainCategory":"Frozen\u002FEasy Meal Times\u002FKids Quick Tea","image":{"hash":"bbcf02e6d53847432724792ca1a42fab"},"offer":{"id":"1007504633","text":"Offer price £2, was £2.79","type":"REGULAR"},"reviewStats":{"averageRate":3.299999952316284,"count":11},"labels":["ON_OFFER"],"packInfo":{"frozen":true},"type":"REGULAR","gtin":"5000116111848","hash":-48936675},"216443011":{"sku":"216443011","name":"Birds Eye 2 Crispy Chicken Grills in Tempura Batter","brand":{"id":"107530","name":"Birds Eye"},"catchWeight":"170g","price":{"current":2,"previous":2.79,"lpp":false,"unit":{"price":11.7634,"per":"per kg"},"type":"OFFER"},"mainCategory":"Frozen\u002FChicken & Meat\u002FBreaded Chicken\u002FChicken Burgers","image":{"hash":"b64f42376e15e0673d3da249a569abb8"},"offer":{"id":"1007504649","text":"Offer price £2, was £2.79","type":"REGULAR"},"reviewStats":{"averageRate":4.400000095367432,"count":8},"labels":["ON_OFFER"],"packInfo":{"frozen":true},"type":"REGULAR","gtin":"5000116111800","hash":-914114456},"216679011":{"sku":"216679011","name":"Dr. Oetker Ristorante Pepperoni-Salame Pizza","brand":{"id":"106979","name":"Dr Oetker"},"catchWeight":"320g","price":{"current":3.29,"lpp":false,"unit":{"price":10.28,"per":"per kg"},"type":"REGULAR"},"mainCategory":"Frozen\u002FPizza\u002FThin Crust","image":{"hash":"937f94214fc0f48509c2651ee35a9a43"},"offer":{"id":"1007575114","text":"Buy 2 for £4","type":"REGULAR"},"reviewStats":{"averageRate":3.4000000953674316,"count":14},"labels":["ON_OFFER"],"packInfo":{"frozen":true,"freezable":true},"type":"REGULAR","gtin":"4001724042228","hash":449655572},"247773011":{"sku":"247773011","name":"McCain Crispy French Fries ","brand":{"id":"108380","name":"McCain"},"catchWeight":"900g","price":{"current":2.5,"previous":3.19,"lpp":false,"unit":{"price":2.7743,"per":"per kg"},"type":"OFFER"},"mainCategory":"Frozen\u002FMcCain Shop - Sponsored\u002FCrisps French Fries","image":{"hash":"77581fd3c2c0c0ed92d84b33cf2fa5d7"},"offer":{"id":"1007507097","text":"Offer price £2.50, was £3.19","type":"REGULAR"},"reviewStats":{"averageRate":4,"count":9},"labels":["ON_OFFER"],"packInfo":{"frozen":true},"type":"REGULAR","gtin":"5010228001838","hash":162978988},"273116011":{"sku":"273116011","name":"Morrisons Beef Quarter Pound Burger","brand":{"id":"108397","name":"Morrisons"},"catchWeight":"454g","price":{"current":2.99,"lpp":false,"unit":{"price":6.59,"per":"per kg"},"type":"REGULAR"},"mainCategory":"Frozen\u002FChicken & Meat\u002FBurgers & Sausages\u002FBurgers & Grills","image":{"hash":"801bede5e42735a681d3f41373b1a01f"},"offer":{"id":"1007514284","text":"Buy 2 for £5","type":"REGULAR"},"reviewStats":{"averageRate":4.300000190734863,"count":49},"labels":["ON_OFFER"],"packInfo":{"frozen":true},"type":"REGULAR","gtin":"5010251629818","hash":-556367871},"278932011":{"sku":"278932011","name":"Fab Strawberry Ice Lollies","brand":{"id":"152441","name":"Fab"},"catchWeight":"6 x 58ml","price":{"current":2.49,"lpp":false,"unit":{"price":0.716,"per":"per 100ml"},"type":"REGULAR"},"mainCategory":"Summer Shop\u002FIce Cream","image":{"hash":"a675f33b7a0e9b1d0f0e82bef643ff6d"},"offer":{"id":"1007575114","text":"Buy 2 for £4","type":"REGULAR"},"reviewStats":{"averageRate":4,"count":4},"labels":["ON_OFFER"],"packInfo":{"frozen":true},"type":"REGULAR","gtin":"5010238015252","hash":-126070391},"289669011":{"sku":"289669011","name":"Mars 4 pack Ice Cream Bars","brand":{"id":"107669","name":"Mars"},"catchWeight":"204ml","price":{"current":2.49,"lpp":false,"unit":{"price":1.22,"per":"per 100ml"},"type":"REGULAR"},"mainCategory":"Frozen\u002FIce Cream\u002FIce Cream\u002FChocolate Sticks & Cones","image":{"hash":"c7f517398b742b9916d27ecd2c8a1534"},"offer":{"id":"1007575114","text":"Buy 2 for £4","type":"REGULAR"},"reviewStats":{"averageRate":3.799999952316284,"count":4},"labels":["ON_OFFER"],"packInfo":{"frozen":true},"type":"REGULAR","gtin":"5000159460903","hash":-1145295143},"304235011":{"sku":"304235011","name":"Snickers 4 Pack Ice Cream Bars","brand":{"id":"107669","name":"Mars"},"catchWeight":"212ml","price":{"current":2.49,"lpp":false,"unit":{"price":1.17,"per":"per 100ml"},"type":"REGULAR"},"mainCategory":"Frozen\u002FIce Cream\u002FIce Cream\u002FChocolate Sticks & Cones","image":{"hash":"8867162a0b4fccdb8436664f23825b28"},"offer":{"id":"1007575114","text":"Buy 2 for £4","type":"REGULAR"},"reviewStats":{"averageRate":4.599999904632568,"count":10},"labels":["ON_OFFER"],"packInfo":{"frozen":true},"type":"REGULAR","gtin":"5000159460927","hash":230442400},"317651011":{"sku":"317651011","name":"Solero Exotic Ice Cream Sticks ","brand":{"id":"108444","name":"Solero"},"catchWeight":"3 x 90ml","price":{"current":2.49,"lpp":false,"unit":{"price":0.922,"per":"per 100ml"},"type":"REGULAR"},"mainCategory":"Frozen\u002FIce Cream\u002FIce Lollies","image":{"hash":"31b7f5e8690fa5055a4252518e998dfd"},"offer":{"id":"1007575114","text":"Buy 2 for £4","type":"REGULAR"},"reviewStats":{"averageRate":5,"count":7},"labels":["ON_OFFER"],"packInfo":{"frozen":true},"type":"REGULAR","gtin":"8712100889288","hash":895005294},"327677011":{"sku":"327677011","name":"Morrisons Beef Hotpot   ","brand":{"id":"108397","name":"Morrisons"},"catchWeight":"400g","price":{"current":1.69,"lpp":false,"unit":{"price":4.23,"per":"per kg"},"type":"REGULAR"},"mainCategory":"Frozen\u002FReady Meals\u002FTraditional Meals\u002FBritish Dishes","image":{"hash":"ec589fdb97b3a4a7713f5dc2a6aa0451"},"offer":{"id":"1007514691","text":"Buy 3 for £4.50","type":"REGULAR"},"reviewStats":{"averageRate":4.099999904632568,"count":19},"labels":["ON_OFFER"],"packInfo":{"frozen":true},"type":"REGULAR","gtin":"5010251733348","hash":-724159867},"327685011":{"sku":"327685011","name":"Morrisons Beef Lasagne ","brand":{"id":"108397","name":"Morrisons"},"catchWeight":"400g","price":{"current":1.69,"lpp":false,"unit":{"price":4.23,"per":"per kg"},"type":"REGULAR"},"mainCategory":"Frozen\u002FReady Meals\u002FItalian Meals","image":{"hash":"338f094e27f84f52f4795d1c35a9aff3"},"offer":{"id":"1007514691","text":"Buy 3 for £4.50","type":"REGULAR"},"reviewStats":{"averageRate":3.799999952316284,"count":26},"labels":["ON_OFFER"],"packInfo":{"frozen":true},"type":"REGULAR","gtin":"5010251733409","hash":829732531},"344808011":{"sku":"344808011","name":"Cadbury Dairy Milk Ice Cream Stick","brand":{"id":"107055","name":"Cadbury"},"catchWeight":"4 x 100ml","price":{"current":3.49,"lpp":false,"unit":{"price":0.873,"per":"per 100ml"},"type":"REGULAR"},"mainCategory":"Frozen\u002FIce Cream\u002FIce Cream\u002FChocolate Sticks & Cones","image":{"hash":"55d8f0c776186f1ca91e67e0b94582af"},"offer":{"id":"1007540627","text":"Buy 2 for £5","type":"REGULAR"},"reviewStats":{"averageRate":5,"count":2},"labels":["ON_OFFER"],"packInfo":{"frozen":true},"type":"REGULAR","gtin":"5010238016716","hash":901074667},"355893011":{"sku":"355893011","name":"Birds Eye Garden Peas","brand":{"id":"107530","name":"Birds Eye"},"catchWeight":"800g","price":{"current":2,"previous":2.79,"lpp":false,"unit":{"price":2.5018,"per":"per kg"},"type":"OFFER"},"mainCategory":"Frozen\u002FEasy Meal Times\u002FKids Quick Tea","image":{"hash":"33fb0c2642a83ed918d62d5767c3260f"},"offer":{"id":"1007507193","text":"Offer price £2, was £2.79","type":"REGULAR"},"reviewStats":{"averageRate":5,"count":2},"labels":["ON_OFFER"],"packInfo":{"frozen":true},"type":"REGULAR","gtin":"5000116112098","hash":-304839126},"360196011":{"sku":"360196011","name":"Birds Eye 10 Cod Fish Fingers","brand":{"id":"107530","name":"Birds Eye"},"catchWeight":"280g","price":{"current":3,"previous":3.99,"lpp":false,"unit":{"price":10.7143,"per":"per kg"},"type":"OFFER"},"mainCategory":"Frozen\u002FEasy Meal Times\u002FEasy Midweek Meals","image":{"hash":"d5f4f0a606afd0dde32038aa5a7a55ab"},"offer":{"id":"1007504513","text":"Offer price £3, was £3.99","type":"REGULAR"},"reviewStats":{"averageRate":3.5999999046325684,"count":5},"labels":["ON_OFFER"],"packInfo":{"frozen":true},"type":"REGULAR","gtin":"5000116111947","hash":57227803},"374476011":{"sku":"374476011","name":"McCain Frozen Triple Cooked Gastro Chips","brand":{"id":"108380","name":"McCain"},"catchWeight":"700g","price":{"current":3.69,"lpp":false,"unit":{"price":5.27,"per":"per kg"},"type":"REGULAR"},"mainCategory":"Frozen\u002FMcCain Shop - Sponsored\u002FGastro","image":{"hash":"0e43d1a24ad97533ffee1dafc3012626"},"offer":{"id":"1007540748","text":"Buy 2 for £6","type":"REGULAR"},"reviewStats":{"averageRate":3.799999952316284,"count":51},"labels":["ON_OFFER"],"packInfo":{"frozen":true},"type":"REGULAR","gtin":"5010228002903","hash":-1417789794},"405683011":{"sku":"405683011","name":"Birds Eye 38 Crispy Chicken Dippers","brand":{"id":"107530","name":"Birds Eye"},"catchWeight":"697g","price":{"current":4.5,"previous":5.69,"lpp":false,"unit":{"price":6.4534,"per":"per kg"},"type":"OFFER"},"mainCategory":"Frozen\u002FEasy Meal Times\u002FKids Quick Tea","image":{"hash":"9dd81ab1bb4feae7dfc18ba6b9fdf61f"},"offer":{"id":"1007507249","text":"Offer price £4.50, was £5.69","type":"REGULAR"},"reviewStats":{"averageRate":3.4000000953674316,"count":5},"labels":["ON_OFFER"],"packInfo":{"frozen":true,"freezable":true},"type":"REGULAR","gtin":"5000116123919","hash":-828124489},"407572011":{"sku":"407572011","name":"Young's Gastro Tempura Battered 2 Lemon & Herb Basa Fillets","brand":{"id":"108455","name":"Young's"},"catchWeight":"310g","price":{"current":3.5,"previous":4,"lpp":false,"unit":{"price":11.2875,"per":"per kg"},"type":"OFFER"},"mainCategory":"Frozen\u002FFish & Seafood\u002FBattered & Breaded Fish\u002FBattered","image":{"hash":"d4d980d7c07a8959b999c94da471ce75"},"offer":{"id":"1007506249","text":"Offer price £3.50, was £4","type":"REGULAR"},"reviewStats":{"averageRate":4.099999904632568,"count":9},"labels":["ON_OFFER"],"packInfo":{"frozen":true,"freezable":true},"type":"REGULAR","gtin":"5000205046983","hash":974577628},"407574011":{"sku":"407574011","name":"Young's Chip Shop 4 Cod Fillets","brand":{"id":"108455","name":"Young's"},"catchWeight":"400g","price":{"current":4,"previous":4.95,"lpp":false,"unit":{"price":10.004,"per":"per kg"},"type":"OFFER"},"mainCategory":"Frozen\u002FFish & Seafood\u002FBattered & Breaded Fish\u002FBattered","image":{"hash":"dc6445cf75b0ad80b4b4d2db038bc1a2"},"offer":{"id":"1007505177","text":"Offer price £4, was £4.95","type":"REGULAR"},"reviewStats":{"averageRate":3,"count":7},"labels":["ON_OFFER"],"packInfo":{"frozen":true,"freezable":true},"type":"REGULAR","gtin":"5000205047294","hash":-1599747083},"419178011":{"sku":"419178011","name":"Cornetto Ice Cream Cone Classico ","brand":{"id":"108469","name":"Walls"},"catchWeight":"6 x 90ml","price":{"current":2.5,"previous":3.29,"lpp":false,"unit":{"price":0.4628,"per":"per 100ml"},"type":"OFFER"},"mainCategory":"Frozen\u002FDesserts\u002FIce Cream Desserts","image":{"hash":"0d6c6929cd26f502311bbfac103b83c9"},"offer":{"id":"1007506521","text":"Offer price £2.50, was £3.29","type":"REGULAR"},"reviewStats":{"averageRate":2,"count":11},"labels":["ON_OFFER"],"packInfo":{"frozen":true},"type":"REGULAR","gtin":"8711327318373","hash":1331200472},"449747011":{"sku":"449747011","name":"Solero Redberries Ice Cream Sticks","brand":{"id":"108444","name":"Solero"},"catchWeight":"3 x 90ml","price":{"current":2.49,"lpp":false,"unit":{"price":0.922,"per":"per 100ml"},"type":"REGULAR"},"mainCategory":"Frozen\u002FIce Cream\u002FIce Lollies","image":{"hash":"036d2f4e592d81b944f752c37f3f5e5b"},"offer":{"id":"1007575114","text":"Buy 2 for £4","type":"REGULAR"},"reviewStats":{"averageRate":5,"count":1},"labels":["ON_OFFER"],"packInfo":{"frozen":true},"type":"REGULAR","gtin":"8712100870965","hash":-796439955},"451688011":{"sku":"451688011","name":"Birds Eye 20 Fish Fingers Omega 3","brand":{"id":"107530","name":"Birds Eye"},"catchWeight":"560g","price":{"current":3.5,"previous":4.19,"lpp":false,"unit":{"price":6.2482,"per":"per kg"},"type":"OFFER"},"mainCategory":"Frozen\u002FEasy Meal Times\u002FKids Quick Tea","image":{"hash":"19f1b3a5ab3f53825f32167982428849"},"offer":{"id":"1007506897","text":"Offer price £3.50, was £4.19","type":"REGULAR"},"reviewStats":{"averageRate":2.4000000953674316,"count":5},"labels":["ON_OFFER"],"packInfo":{"frozen":true},"type":"REGULAR","gtin":"5000116124657","hash":-295758384},"471623011":{"sku":"471623011","name":"Morrisons Ready Cooked King Prawns","brand":{"id":"108397","name":"Morrisons"},"catchWeight":"200g","price":{"current":3.69,"lpp":false,"unit":{"price":18.45,"per":"per kg"},"type":"REGULAR"},"mainCategory":"Frozen\u002FFish & Seafood\u002FPrawns & Seafood\u002FPrawns","image":{"hash":"8cddbf89b03389e75002df31c19da1ab"},"offer":{"id":"1007581173","text":"Buy 2 for £7","type":"REGULAR"},"reviewStats":{"averageRate":3.799999952316284,"count":9},"labels":["ON_OFFER"],"packInfo":{"frozen":true},"type":"REGULAR","gtin":"5010251765486","hash":1177887952},"486191011":{"sku":"486191011","name":"Morrisons 12 Vegetable Spring Rolls ","brand":{"id":"108397","name":"Morrisons"},"catchWeight":"240g","price":{"current":1.29,"previous":1.49,"lpp":false,"unit":{"price":5.3764,"per":"per kg"},"type":"OFFER"},"mainCategory":"More Ways To Save\u002FPrices Locked Low","image":{"hash":"8c18bdbbbb01ab0006d49cdbc7b0866d"},"offer":{"id":"1007429633","text":"Offer price £1.29, was £1.49","type":"REGULAR"},"reviewStats":{"averageRate":4.400000095367432,"count":16},"labels":["ON_OFFER"],"packInfo":{"frozen":true},"type":"REGULAR","gtin":"5010251961116","hash":252606748},"490746011":{"sku":"490746011","name":"Morrisons Mango Chunks ","brand":{"id":"108397","name":"Morrisons"},"catchWeight":"500g","price":{"current":2.75,"lpp":false,"unit":{"price":0.55,"per":"per 100g"},"type":"REGULAR"},"mainCategory":"Frozen\u002FFruit","image":{"hash":"c5c26af0dc47dd98ed8545d0c1bc7473"},"offer":{"id":"1007594240","text":"Buy 2 for £4","type":"REGULAR"},"reviewStats":{"averageRate":2.5,"count":13},"labels":["ON_OFFER"],"packInfo":{"frozen":true},"type":"REGULAR","gtin":"5010525016061","hash":-23125343},"490748011":{"sku":"490748011","name":"Morrisons Dark Sweet Cherries ","brand":{"id":"108397","name":"Morrisons"},"catchWeight":"350g","price":{"current":2.75,"lpp":false,"unit":{"price":0.786,"per":"per 100g"},"type":"REGULAR"},"mainCategory":"Frozen\u002FFruit","image":{"hash":"7f1487625ba4047b98dd1d1ff8333d5c"},"offer":{"id":"1007594240","text":"Buy 2 for £4","type":"REGULAR"},"reviewStats":{"averageRate":3.5999999046325684,"count":14},"labels":["ON_OFFER"],"packInfo":{"frozen":true},"type":"REGULAR","gtin":"5010525016054","hash":-961429822},"490758011":{"sku":"490758011","name":"Oreo Ice Cream Sandwich ","brand":{"id":"106915","name":"Oreo"},"catchWeight":"4 x 55ml","price":{"current":2.29,"lpp":false,"unit":{"price":0.104,"per":"per 10ml"},"type":"REGULAR"},"mainCategory":"Frozen\u002FIce Cream\u002FIce Cream\u002FChocolate Sticks & Cones","image":{"hash":"d4323d5aa7a479674d31433abe33493d"},"offer":{"id":"1007575114","text":"Buy 2 for £4","type":"REGULAR"},"reviewStats":{"averageRate":4.300000190734863,"count":6},"labels":["ON_OFFER"],"packInfo":{"frozen":true},"type":"REGULAR","gtin":"5010238019328","hash":-1167265497},"490811011":{"sku":"490811011","name":"Morrisons Blueberries ","brand":{"id":"108397","name":"Morrisons"},"catchWeight":"350g","price":{"current":2.75,"lpp":false,"unit":{"price":0.786,"per":"per 100g"},"type":"REGULAR"},"mainCategory":"Frozen\u002FFruit","image":{"hash":"a9cc7257833593adfb57b59ffa0f2591"},"offer":{"id":"1007594240","text":"Buy 2 for £4","type":"REGULAR"},"reviewStats":{"averageRate":2.9000000953674316,"count":17},"labels":["ON_OFFER"],"packInfo":{"frozen":true},"type":"REGULAR","gtin":"5010525016047","hash":-578595366},"530766011":{"sku":"530766011","name":"Morrisons Bbq Chicken Stonebake Pizza","brand":{"id":"108397","name":"Morrisons"},"catchWeight":"395g","price":{"current":2.29,"lpp":false,"unit":{"price":5.8,"per":"per kg"},"type":"REGULAR"},"mainCategory":"Frozen\u002FPizza\u002FThin Crust","image":{"hash":"e3e5743558933e45eec2fb2091f5c78c"},"offer":{"id":"1007424788","text":"Buy 2 for £4","type":"REGULAR"},"reviewStats":{"averageRate":3.5999999046325684,"count":12},"labels":["ON_OFFER"],"packInfo":{"frozen":true},"type":"REGULAR","gtin":"5010525050492","hash":304010219},"530768011":{"sku":"530768011","name":"Morrisons Four Cheese Stonebake Pizza","brand":{"id":"108397","name":"Morrisons"},"catchWeight":"325g","price":{"current":2.29,"lpp":false,"unit":{"price":7.05,"per":"per kg"},"type":"REGULAR"},"mainCategory":"Frozen\u002FPizza\u002FThin Crust","image":{"hash":"937c8d9efbb3f34a9ef967d1c048472a"},"offer":{"id":"1007424788","text":"Buy 2 for £4","type":"REGULAR"},"reviewStats":{"averageRate":3.5,"count":8},"labels":["ON_OFFER"],"packInfo":{"frozen":true},"type":"REGULAR","gtin":"5010525050515","hash":1923387290},"536583011":{"sku":"536583011","name":"Birds Eye Chicken Shop 2 Ultimate Fillet Burgers","brand":{"id":"107530","name":"Birds Eye"},"catchWeight":"227g","price":{"current":2.5,"previous":4.09,"lpp":false,"unit":{"price":11.0147,"per":"per kg"},"type":"OFFER"},"mainCategory":"Frozen\u002FChicken & Meat\u002FBreaded Chicken\u002FChicken Burgers","image":{"hash":"bb0b314fa9a6d37bce20d79792e603b0"},"offer":{"id":"1007505817","text":"Offer price £2.50, was £4.09","type":"REGULAR"},"reviewStats":{"averageRate":3.200000047683716,"count":11},"labels":["ON_OFFER"],"packInfo":{"frozen":true},"type":"REGULAR","gtin":"5000116125401","hash":-1284129822},"557376011":{"sku":"557376011","name":"Morrisons Mint Chocolate Amour Ice Cream Sticks ","brand":{"id":"108397","name":"Morrisons"},"catchWeight":"3 x 120ml","price":{"current":1.45,"lpp":false,"unit":{"price":0.403,"per":"per 100ml"},"type":"REGULAR"},"mainCategory":"More Card Points \u002FIce Cream - 100 Points","image":{"hash":"3d40d7c55fb0185f7f7155eb46164a1f"},"offer":{"id":"1007579813","text":"Earn 100 More Points","type":"REGULAR"},"reviewStats":{"averageRate":4.699999809265137,"count":7},"labels":["ON_OFFER","NEW"],"packInfo":{"frozen":true,"freezable":true},"type":"REGULAR","gtin":"5010251629887","hash":-474923413},"557378011":{"sku":"557378011","name":"Morrisons Mini Selection Amour Ice Cream Sticks ","brand":{"id":"108397","name":"Morrisons"},"catchWeight":"8 x 50ml","price":{"current":2.49,"lpp":false,"unit":{"price":0.623,"per":"per 100ml"},"type":"REGULAR"},"mainCategory":"More Card Points \u002FIce Cream - 100 Points","image":{"hash":"d0551d61ddd938eb2c501aeaef75a6e1"},"offer":{"id":"1007579829","text":"Earn 100 More Points","type":"REGULAR"},"reviewStats":{"averageRate":4.5,"count":6},"labels":["ON_OFFER"],"packInfo":{"frozen":true,"freezable":true},"type":"REGULAR","gtin":"5010251444046","hash":399381065},"557380011":{"sku":"557380011","name":"Morrisons White Chocolate Amour Lollies","brand":{"id":"108397","name":"Morrisons"},"catchWeight":"3 x 120ml","price":{"current":1.45,"lpp":false,"unit":{"price":0.403,"per":"per 100ml"},"type":"REGULAR"},"mainCategory":"More Card Points \u002FIce Cream - 100 Points","image":{"hash":"0905c4fe1bb5023e662cdfef855577c9"},"offer":{"id":"1007579805","text":"Earn 100 More Points","type":"REGULAR"},"reviewStats":{"averageRate":3.4000000953674316,"count":5},"labels":["ON_OFFER"],"packInfo":{"frozen":true,"freezable":true},"type":"REGULAR","gtin":"5010251629863","hash":1725084138},"562074011":{"sku":"562074011","name":"Morrisons Double Pepperoni Stonebake Pizza","brand":{"id":"108397","name":"Morrisons"},"catchWeight":"357g","price":{"current":2.29,"lpp":false,"unit":{"price":6.41,"per":"per kg"},"type":"REGULAR"},"mainCategory":"Frozen\u002FPizza\u002FThin Crust","image":{"hash":"32a613df83b75fbd0be984a28f87b8a9"},"offer":{"id":"1007424788","text":"Buy 2 for £4","type":"REGULAR"},"reviewStats":{"averageRate":3.299999952316284,"count":6},"labels":["ON_OFFER"],"packInfo":{"frozen":true},"type":"REGULAR","gtin":"5010525024318","hash":-1261658996},"562090011":{"sku":"562090011","name":"Morrisons Stonebaked Meat Feast","brand":{"id":"108397","name":"Morrisons"},"catchWeight":"373g","price":{"current":2.29,"lpp":false,"unit":{"price":6.14,"per":"per kg"},"type":"REGULAR"},"mainCategory":"Frozen\u002FPizza\u002FThin Crust","image":{"hash":"5b27f96e4f759f2757585bbd4825cb5d"},"offer":{"id":"1007424788","text":"Buy 2 for £4","type":"REGULAR"},"reviewStats":{"averageRate":4,"count":2},"labels":["ON_OFFER"],"packInfo":{"frozen":true},"type":"REGULAR","gtin":"5010525158648","hash":-997288019},"565814011":{"sku":"565814011","name":"Morrisons Raspberries","brand":{"id":"108397","name":"Morrisons"},"catchWeight":"300g","price":{"current":2.75,"lpp":false,"unit":{"price":0.917,"per":"per 100g"},"type":"REGULAR"},"mainCategory":"Frozen\u002FFruit","image":{"hash":"5b6854f563f4805764fb521b63130232"},"offer":{"id":"1007594240","text":"Buy 2 for £4","type":"REGULAR"},"reviewStats":{"averageRate":3.299999952316284,"count":6},"labels":["ON_OFFER"],"packInfo":{"frozen":true},"type":"REGULAR","gtin":"5010525158693","hash":-223085618},"601118011":{"sku":"601118011","name":"Magnum Classic Chocolate Ice Cream Sticks","brand":{"id":"108420","name":"Magnum"},"catchWeight":"3 x 100ml","price":{"current":2.5,"previous":3.29,"lpp":false,"unit":{"price":0.8359,"per":"per 100ml"},"type":"OFFER"},"mainCategory":"Frozen\u002FIce Cream\u002FIce Cream\u002FLuxury Ice Cream","image":{"hash":"bf7dbac2f1532d724b2fe2bacf78c656"},"offer":{"id":"1007556182","text":"Offer price £2.50, was £3.29","type":"REGULAR"},"labels":["ON_OFFER"],"packInfo":{"frozen":true},"type":"REGULAR","gtin":"8711327574991","hash":-1815605909},"601119011":{"sku":"601119011","name":"Magnum Almond Ice Cream Sticks","brand":{"id":"108420","name":"Magnum"},"catchWeight":"3 x 100ml","price":{"current":2.5,"previous":3.29,"lpp":false,"unit":{"price":0.8359,"per":"per 100ml"},"type":"OFFER"},"mainCategory":"Frozen\u002FIce Cream\u002FIce Cream\u002FLuxury Ice Cream","image":{"hash":"43fc446e495f417ce0f655465aef63db"},"offer":{"id":"1007556198","text":"Offer price £2.50, was £3.29","type":"REGULAR"},"reviewStats":{"averageRate":3.700000047683716,"count":3},"labels":["ON_OFFER"],"packInfo":{"frozen":true},"type":"REGULAR","gtin":"8711327575004","hash":-1992974398},"601120011":{"sku":"601120011","name":"Twister Mini Pineapple,Lemon-Lime & Strawberry Ice Lollies","brand":{"id":"152455","name":"Twister"},"catchWeight":"6 x 50ml","price":{"current":2.29,"lpp":false,"unit":{"price":0.763,"per":"per 100ml"},"type":"REGULAR"},"mainCategory":"Frozen\u002FDesserts\u002FIce Cream Desserts","image":{"hash":"4ae3be80a498cd2e83432b689cf3a095"},"offer":{"id":"1007575114","text":"Buy 2 for £4","type":"REGULAR"},"labels":["ON_OFFER"],"packInfo":{"frozen":true},"type":"REGULAR","gtin":"8711327576957","hash":-92581317},"601122011":{"sku":"601122011","name":"Calippo Mini Orange & Lime Ice Lollies","brand":{"id":"152456","name":"Calippo"},"catchWeight":"5 x 80ml","price":{"current":2.29,"lpp":false,"unit":{"price":0.573,"per":"per 100ml"},"type":"REGULAR"},"mainCategory":"Frozen\u002FDesserts\u002FIce Cream Desserts","image":{"hash":"f5d57773bb3a648c98794f236ae44e26"},"offer":{"id":"1007575114","text":"Buy 2 for £4","type":"REGULAR"},"labels":["ON_OFFER"],"packInfo":{"frozen":true},"type":"REGULAR","gtin":"8711327580244","hash":492196935},"607186011":{"sku":"607186011","name":"Morrisons Classic Milk Chocolate Amour Sticks","brand":{"id":"108397","name":"Morrisons"},"catchWeight":"3 x 110ml","price":{"current":1.45,"lpp":false,"unit":{"price":0.439,"per":"per 100ml"},"type":"REGULAR"},"mainCategory":"More Card Points \u002FIce Cream - 100 Points","image":{"hash":"799cb6bce69bbfdf6e3ff94ad662ec81"},"offer":{"id":"1007579757","text":"Earn 100 More Points","type":"REGULAR"},"labels":["ON_OFFER","NEW"],"packInfo":{"frozen":true},"type":"REGULAR","gtin":"5010525207384","hash":443525115},"607190011":{"sku":"607190011","name":"Morrisons Milk Chocolate Almond Amour Sticks","brand":{"id":"108397","name":"Morrisons"},"catchWeight":"3 x 110ml","price":{"current":1.45,"lpp":false,"unit":{"price":0.439,"per":"per 100ml"},"type":"REGULAR"},"mainCategory":"More Card Points \u002FIce Cream - 100 Points","image":{"hash":"185ac1830ac359a3fd84e9c11c966acb"},"offer":{"id":"1007579773","text":"Earn 100 More Points","type":"REGULAR"},"labels":["ON_OFFER","NEW"],"packInfo":{"frozen":true},"type":"REGULAR","gtin":"5010525207421","hash":573023635}},"productDetailsBySku":{},"productFeedback":{"correctionTypes":[]},"sponsoredProducts":[]},"reviews":{"reviews":[],"addReview":{"rating":null,"recommended":null,"reviewTitle":"","reviewText":"","step":"addReview","validationErrors":[]},"activePage":1,"sortOrder":"MOST_RECENT","summary":{"numberOfReviews":null,"averageRating":null},"modalVisible":false},"subscriptions":{"subscriptionsBySku":{},"frequenciesBySkuInEditMode":{},"errorMessage":null,"defaultFrequency":"WEEKLY","showInfoBox":false,"showTrolleyInfoBox":true,"recommendations":null,"recommendationsModalVisible":false},"basket":{"items":[],"minimumOrderValue":40,"mode":"PLACING_NEW","numberOfItems":0,"offerSavings":0,"productWarnings":{},"productWarningsMessages":{},"promotionsExceedingLimit":[],"value":0,"error":{}},"checkout":{"address":null,"analytics":null,"creationDate":null,"deliveryCharge":null,"deliveryChargeSavings":null,"deliverySlot":{"startTime":null,"endTime":null,"earliestDownloadTime":null,"cutoffTime":null},"discountClubSavings":null,"finalAmount":null,"orderNo":null,"scribeContent":null,"status":null,"totalCostOfItems":null,"totalSavings":null},"deliveryPass":{"avgDeliveryCost":null,"schemas":{"Anytime":[],"Midweek":[]},"scribeContent":{}},"deliveryPassManagement":{"contractEndDate":null,"contractLength":null,"contractLengthType":null,"contractStartDate":null,"firstJoinedDate":null,"freeTrial":false,"nextPaymentDate":null,"nextStage":null,"paymentMethod":null,"payments":[],"schemeGroup":null},"deliverySlot":null,"nextAvailableDeliverySlot":{"slot":null,"error":null},"ordersReserved":{"registration":{"selectedData":{"selectedAddressId":null,"acceptedPhoneNumber":null,"selectedFrequency":null,"selectedWeekday":null,"selectedTimeOfDay":null,"selectedSlotId":null,"selectedPaymentMethod":null,"shouldShowPhoneNumberValidationError":false},"initData":{"activeAddresses":[],"smsNumber":null,"smsEnabled":false,"isFetchingInitData":false,"isInitDataError":false,"alreadySubscribed":false,"cancelModalVisible":false},"panels":{"activePanel":"0","leastAvailablePanel":"0","hideMobilePhonePanel":false},"slotsData":{"slots":[],"isFetchingSlots":false,"isSlotsError":false,"conflictingOrders":[],"conflictingOrdersModalVisible":false},"wallet":{"paymentTokens":[],"isFetchingWallet":false,"isWalletError":false},"finishRegistrationData":{"paymentUrl":"","modalVisible":false,"isFetchingInitPayment":false,"paymentStatus":"PENDING","finishRegistrationStatus":"PENDING","orders":[],"nextActualOrderSlot":null,"deliveryDay":"","frequency":""}},"management":{"activePanels":["0"],"subscription":{"data":{"status":null,"failedPayment":false,"deliveryDay":null,"frequency":null,"deliveryTime":{},"address":{},"paymentToken":{"type":null,"expired":false,"expirationDate":null,"lastFourDigits":null,"email":null}},"isFetchingORSubscription":false,"isORSubscriptionError":false},"orders":{"ordersList":[],"isFetchingOrders":false,"isFetchingOrdersError":false,"isFutureOrdersSectionVisible":false,"pendingBuildOrders":[],"errorBuildOrders":[]},"cancelOrderData":{"isCancellingOrder":false,"isCancellingOrderError":false,"isCancelModalVisible":false,"orderToCancelNumber":null},"settings":{"activeTab":"HOLIDAYS","holidays":{"holidaysList":[],"isFetchingHolidays":false,"isFetchingHolidaysError":false,"isAddHolidaysModalVisible":false,"isAddHolidayPending":false,"isAddHolidayError":false},"membership":{"isPutOnHoldInProgress":false,"isPutOnHoldRequestError":false,"isPutOnHoldModalVisible":false,"isActivationInProgress":false,"isActivationRequestError":false,"isCancelSubscriptionInProgress":false,"isCancelSubscriptionError":false,"isCancelSubscriptionModalVisible":false},"cancelHoliday":{"isCancelModalVisible":false,"isCancellingHoliday":false,"isCancellingHolidayError":false,"holidayToCancelId":null},"days":{"daysList":[{"value":"MONDAY","label":"Monday"},{"value":"TUESDAY","label":"Tuesday"},{"value":"WEDNESDAY","label":"Wednesday"},{"value":"THURSDAY","label":"Thursday"},{"value":"FRIDAY","label":"Friday"},{"value":"SATURDAY","label":"Saturday"},{"value":"SUNDAY","label":"Sunday"}],"isFetchingDays":false,"isFetchingDaysError":false}},"suggestedOrder":{"suggestedOrderSection":null,"isFetchingSuggestedOrder":false,"isFetchingSuggestedOrderError":false,"maxDisplayFops":400,"frequencyFilter":"ALL","categoryFilter":null,"frequencyUpdatingSkus":[]},"suggestedOrderNavigation":{"categories":[],"categoriesMap":{},"currentlyOpenCategoryId":null,"navigationPageVisible":false}}},"ordersSummary":{"error":null,"futureOrdersCount":null,"futureSeasonalOrdersCount":null,"nextOrder":null},"payments":{"addPaymentContext":{"clientToken":null,"isGetAddPaymentContextInProgress":false,"isGetAddPaymentContextError":false,"mainPsp":null,"psp":null},"addPaymentInit":{"clientToken":null,"isInitialized":false,"isInitPaymentsInProgress":false,"isInitPaymentsError":false,"isRedirecting":false},"addPaymentMethod":{"isSpinnerVisible":false,"verifyPaymentBin":null,"verifyPaymentNonce":null,"verifyPaymentAmount":null,"verifyPaymentBillingInfo":null},"addPayPal":{"isPayPalStatusChecked":false,"isPayPalOnline":true,"payPalActionType":""},"paymentsError":null,"verificationContext":{"amount":null,"addPaymentUrl":null,"clientToken":null,"exemptionRequested":false,"isGetVerificationContextInProgress":false,"isGetVerificationContextError":false,"paymentBillingInfo":null,"paymentBin":null,"paymentMethodNonce":null,"context":null,"challengeRequested":false}},"shoppingLists":{"product":null,"items":[],"error":null,"modal":false,"addNew":false,"newShoppingList":"","pending":false},"customerMessages":{"isFetching":false,"messages":[]},"loggedInHomePage":{"isFetching":false,"canImportFavourites":false,"hasFavourites":false,"coupons":{"unusedCouponsCount":0}},"loggedInHomePageStatic":{"isFetching":false,"isReceived":false},"loggedOutHomePageStatic":{"isFetching":false,"isReceived":false,"sections":[]},"loginElevated":{"inProgress":false,"errorCode":null,"isCaptchaRequired":false,"hasPassword":true,"hasFacebook":false,"hasPayPal":false,"provider":null},"referAFriend":{"isFetching":false,"isReceived":false,"scribeData":{}},"settings":{"useAdditionalBags":false,"ownOffers":false,"thirdPartyOffers":false,"marketingConsents":{},"calendarAttachmentsEnabled":false,"skipHealthify":false,"currentSmsNumber":null,"primaryNumber":null,"secondaryNumber":null,"hasSlotSubscription":false,"isRemoveNumberConfirmOpen":false,"facebookId":null,"facebookLinked":false,"facebookAccountAlreadyLinkedPopupOpen":false,"facebookLoginNotPossiblePopupOpen":false,"contactDetails":{},"contactDetailsValidationErrors":null,"paypalId":null,"paypalLinked":false,"paypalAccountAlreadyLinkedPopupOpen":false,"paypalLoginNotPossiblePopupOpen":false,"deliveryAddresses":[],"registrationPostcode":null,"deleteDeliveryAddressError":null,"hasPassword":true,"changePasswordValidationErrors":{},"changeEmailValidationErrors":{},"addAddress":{"addresses":[],"postcode":"","city":"","addressNickname":"","manualAddressLine":"","deliveryInstructions":"","postcodeErrorCode":"","manualAddressError":"","cityError":"","selectedAddressId":"","typeAddressManually":false,"canDeliver":false},"addressToEdit":null,"groupedPaymentTokens":{},"possibleUsages":[],"linkUsageStatus":"CONFIRM","linkUsagePaymentStatus":"PENDING","linkUsagePaymentUrl":"","errorMessage":null,"paymentMethodError":null,"hasContactAddress":false,"freeDeliveryEnabled":false},"user":{"betaFeatures":["3_DAY_SLOT_VIEW_V2","ACCOUNT_SETTINGS_RAVEN","ACCOUNT_SETTINGS_RAVEN_DO_NOT_VALIDATE_POSTCODE_FOR_SUPER_USER","ACQUISITION_25386_RELATED_TERMS_SERVICE","ADD_BTN_SURROUNDINGS_RESTYLING","ADVERT_SEGMENT","ALTERNATIVE_FOOTER","ALTERNATIVE_HEADER","ANALYTICS","ANALYTICS_ADVERTS","ANALYTICS_CHECKOUT","ANALYTICS_PRODUCTS","ANALYTICS_SEARCH","AUTHENTICATION_SERVICE","BASKET_TRACKING","BLOCK_THIRD_PARTY_SCRIPTS","BOP_RHS_ABOVE_YML_BANNER","BOP_TOP_BANNER","BREADCRUMB_ALTERNATIVE","BUNDLE_OFFERS_MENU_LINK","CATALOGUE_PERMANENT_REDIRECT","CHECKOUT_API_V1","CHECKOUT_WALK","CLICK_AND_COLLECT","COMMON_WMO","COOKIES_DISCLAIMER","COW_1PAGE_ALTERNATIVE_LAYOUT","COW_1PAGE_COLLAPSIBLE_PANELS","COW_BYG_TEST4_MERGE_DYF","COW_BYG_TEST6_TSN_OOYF","COW_GIFTING","COW_GIFTING_BY_CUSTOMER_SKUS","COW_GIFT_VOUCHER","COW_REMOVING_REPEAT_SKUS","CRITEO_ADS","CUT_ZEROS_IN_FOP_ROUND_POUND","DELIVERY_PAGE","DELIVERY_PASS_TRIGGER_INITIAL_PAYMENT","DESKTOP_RESPONSIVE_SLOT_BOOKING","EXPAND_FAVS_SEARCH","EXPIRED_CARD_REMINDER","EXTENDED_MESSAGING","FACEBOOK_RECIPES","FACEBOOK_REVIEWS","FAVOURITES_GROUP_BY_TAG_1","FAVOURITES_GROUP_BY_TAG_PARENT","FAVOURITES_QUICK_MENU","FAVOURITES_RATING","FAVOURITES_SERVICE","FAVOURITES_SERVICE_V2_ENABLED","FEATURED_SKUS_ON_FAVOURITES","FEEDBACK_SLIDER","FHTML_BANNERS_DELIVERY_PASS_PAGE","FHTML_BANNER_ON_MOBILE","FORGOTTEN_ITEMS_COUNT_CONFIG","FULL_RESPONSIVE_WEBSHOP","GA_EXTENDED_CAROUSEL_TRACKING","GDPR_ENABLED","GOOGLE_ANALYTICS_BATCH_ACTIONS","GOOGLE_ANALYTICS_PROMO_TRACKING","GOOGLE_ANALYTICS_TRIM_CHECKOUT","GRAPHIC_BANNERS_ON_MOBILE","GRAPHIC_BANNERS_ON_MOBILE_FORCE","HFSS_FILTERING","HFSS_FILTERING_FORGOTTEN_ITEMS_EXEMPT_FAVOURITES","HFSS_FILTERING_HYRO_ITEMS_EXEMPT_FAVOURITES","HFSS_FILTERING_INCOMPLETE_OFFERS_EXEMPT_FAVOURITES","HFSS_FILTERING_OFFERS_ON_FAVS_EXEMPT_FAVOURITES","HIDE_OOS_ITEMS","HIDE_PAY_WITH_PAYPAL_BUTTON","HYRO_ITEMS_COUNT_CONFIG","INLINE_POSTAL_CODE_CHECKER","JS_ONLOAD_DROPDOWN_FIX","LOGGEDOUT_SHOPPING","LOGGED_IN_HOMEPAGE_OFFERS","MEAL_DEAL_BANNER","MHRA_LOGO","MOBILE_APP_BANNER_STATIC","MOBILE_COW_FILTER","MOBILE_COW_PERSON","MOBILE_WEBSHOP","MPGS_PAYMENT_FEATURE","MULTISEARCH_PROMOTE_FAVOURITES","NAVIGATION_DRAWER","NEW_ROUTINGWS_CLIENT","NEXT_SEARCH_SUGGESTIONS","OFFERS_MINI_BANNERS","OFFER_DETAILS_TOP_CAROUSEL","ONE_CLICK_MOBILE","ONE_TRUST_COOKIES","ORDER_CUTOFF_NOTIFICATION_TOOLTIP","ORDER_PDF_RECEIPT","PERSONALISED_COUPONS","PLASTIC_BAGS_NOTE","POST_CHECKOUT_SUMMARY_RAVEN","PRODUCT_SEARCH_API","PROMOTION_CHANGE_DIALOG","PSD2_ENABLED","PSD2_SP_ENABLED","PSD2_USE_INIT_VBV_SESSION_WITH_PSP_PARAMS","PSD2_USE_IS_3DS_REQUIRED_ENDPOINT","RAVEN_ALTERNATIVE_PREFERENCE_CENTER","RAVEN_BOP","RAVEN_BOP_25443_SHOW_NON_RESPONSIVE_BANNERS","RAVEN_DELIVERY_PASS","RAW_FOOD_SEGREGATION","RECIPES_ANDROID","RECIPES_IOS","RECIPE_SEARCH_SERVICE","RECS_SERVICE","REGISTRATION_CONTEXT_KEEPING","RELATED_SEARCH_RIBBON","RESPONSIVE_LOG_REG_POPUPS","RESPONSIVE_RECIPES","RESPONSIVE_SHOPPING_LISTS","RWD_ALTERNATIVE_FOOTER","RWD_ALTERNATIVE_HEADER","RWD_ALT_HEADER_DESKTOP","RWD_ALT_SLOT_BOOKING","RWD_SHOW_SCROLLBAR_ON_DESKTOP","SAVINGS_PASS_ENABLED","SB_IPAD_ITEM_CONTROLS_VISIBLE","SEARCH_SUGGESTIONS","SEARCH_SUGGESTIONS_CLOSE","SEARCH_SUGGESTION_SCORE_1","SECURITY_HEADERS","SEND_COW_REJECTIONS","SHELF_LIFE_TOOLTIPS_ON_RESPONSIVE","SHOW_LOYALTY_POINTS","SHOW_LOYALTY_POINTS_MOBILE","SIMPLIFY_NAVIGATION","SMART_PASS_ANALYTICS","SSO_BROKER","SSO_CHANGE_CREDENTIALS","SSO_ELEVATED_LOGIN","SSO_FULL_REDIRECT","SSO_INTEGRATION","SSO_SESSION_SYNCHRONIZATION","SUBSCRIPTIONS_BASKET","SUBSCRIPTIONS_HOMEPAGE","SUBSCRIPTIONS_POSTCHECKOUT","TOUCH_ID","USE_AUTH_SERVICE","WEBSHOP_LITE","WEBSHOP_SENTRY","WMO_PUSH_MESSAGES_ENABLED","WS_TOPTAB_A","YML_ADDITIONAL_RECOMMENDATIONS","YML_SHOW"],"features":["CATCHWEIGHT_DISCLAIMER","CUSTOMER_ACQUISITION_2018","CUSTOM_EMAIL_ON_CONTACT_US_PAGE","FACEBOOK_RECIPES","GDPR_COPIES","GOOGLE_TAG_MANAGER","HIDE_SOCIAL_LINKS_IN_BOP","MERCHANDISING_FORGOTTEN_HYRO","MERCHANDISING_MISSED_PROMOS","MERCHANDISING_SPECIAL_OFFERS","NUMERICAL_ATP","QUALITY_REVIEWS","RECIPES","REVIEW_MODERATION","REVIEW_NICKNAME_MODERATION","SEARCH_WIDTH_ADJUST","SHELF_LIFE_DISCLAIMER_SUFFIX","SMART_PASS","STORE_PICK","SUBSCRIPTIONS","WARN_OUT_OF_AREA_CUSTOMERS"],"customerDetails":{"sessionId":"3C78969171097034E83796752BCB82AD.MORRISONS211","sessionToken":"f40be3f5267d58e31baa71d7c32af90082ed9fcb847c1560a3d021abbd4c48cb","csrfToken":"35cfcd92-c629-4ef0-84c4-97cbe43b63a4","isTestUser":false},"discountClub":null,"eligibilityDetails":null,"received":true,"isFetching":false,"mobileAppBanner":null,"noRouteAccess":false,"error":null,"authenticationLevel":null,"shoppingDetails":null,"accountDetails":null,"customerSession":{"viewMode":"STANDARD"},"fopViewPreference":"SHELF","webshopVersion":"7.4.2","slotSegment":null},"userPreferences":{},"properties":{"brandShopsWideLayoutThreshold":0,"error":null,"facebookDomainVerificationId":"hap0o6nwe57b2hha73tc1gozuc74pl","isFetching":false,"noRouteAccess":false,"ospSettingsAddressesRedirectUrl":"https:\u002F\u002Fgroceries.store.morrisons.com\u002Flogin?destination=\u002Fsettings\u002Faddresses%3Foc%3D1","received":true,"thirdPartyScriptsRestrictedPages":["\u002Fpayment\u002Fvbv-start","\u002Fsettings\u002Fadd-payment-type","\u002Fsettings\u002Fpayment-details","\u002Fwebshop\u002FaddPaymentSettings.go","\u002Fwebshop\u002FperformVBVDeparture.go","\u002Fwebshop\u002FsetupHPPCheckout.go","\u002Fwebshop\u002FdeliveryPassFormProcess.do","\u002Fwebshop\u002FcheckoutValidateOrder.do","\u002Fwebshop\u002FverifyCard.go","\u002Fwebshop\u002FplaceOrder.do","\u002Fwebshop\u002FdisplayOrderSummary.do","\u002Fwebshop\u002FaddDiscountFromCheckout.do","\u002Fwebshop\u002FstartCheckout.do"],"usePredefinedLabelForEDLP":false},"externalisedStrings":{"error":null,"isFetching":false,"received":true,"type":"RECEIVE_EXTERNALISED_STRINGS","navigation.primaryBar.inspiration":"Inspiration","footers.footer.copyrightRaven":"All rights reserved. Wm Morrison Supermarkets Limited","product.disclaimer.regularMessage":"Adults need around 2000 kcals a day. This page serves as a summary for information purposes only, and is designed to enhance your shopping experience on the website. While we have taken care in preparing this summary and believe it to be accurate, it is not a substitute for your reading of the product packaging and label prior to use. You should note that products and their ingredients are subject to change, so it is important you check the labels of products supplied in each delivery. Where this description contains a link to another party's website for further information about the product, please note that Wm Morrisons Supermarkets Limited has no control over and no liability for the contents of a 3rd party website. You should also note that the picture images show only our serving suggestions of how to prepare your food - all table accessories and additional items and\u002For ingredients pictured with the product you are purchasing are not included. This data is supplied for personal use only. It may not be reproduced in any way whatsoever without Wm Morrisons Supermarkets Limited prior consent, nor without due acknowledgement.","accountSettings.failedPaymentMessage.title":"There was a problem with your recent payment for Delivery Pass","accountSettings.failedPaymentMessage.compliantDescription":"To successfully set up future payments please check and validate your payment method with the below instructions.","accountSettings.failedPaymentMessage.compliantInstructions":"\u003Cdiv\u003EInstructions:\u003C\u002Fdiv\u003E \u003Cdiv\u003E1. To validate the current payment method select the card to be used from the &quot;Delivery Pass&quot; drop down menu via the black arrow and then press the \u003Cspan\u003Econfirm\u003C\u002Fspan\u003E button.\u003C\u002Fdiv\u003E \u003Cdiv\u003E2. To change to another payment method simply click the card to use from the &quot;Delivery Pass&quot; dropdown via the black arrow and press the \u003Cspan\u003Econfirm\u003C\u002Fspan\u003E button.\u003C\u002Fdiv\u003E \u003Cdiv\u003E3. To add a new payment method please click the &quot;Add Payment Type&quot; button and follow the prompts. Please complete the validation check from your bank. When added select the correct card from the drop down menu via the black arrow and click \u003Cspan\u003Econfirm\u003C\u002Fspan\u003E.\u003C\u002Fdiv\u003E","accountSettings.failedPaymentMessage.nonCompliantDescription":"\u003Cdiv\u003ETo resolve we would kindly ask you to follow the below instructions to update and validate your payment method for current and future payments.\u003C\u002Fdiv\u003E \u003Cdiv\u003EYou will need to &quot;Confirm&quot; even if the payment method you wish to use is already in the wallet. Please ensure funds are available.\u003C\u002Fdiv\u003E","review.productPage.termsOfUseLinkText":"Terms of Use","review.productPage.termsOfUseText":"By leaving a review you accept our","review.productPage.termsOfUseLink":"https:\u002F\u002Fgroceries.morrisons.com\u002Fwebshop\u002Fscontent\u002FtermsOfUse","common.header.contactUsLinkRaven":"https:\u002F\u002Fwww.morrisons.com\u002Fhelp","common.header.contactUsRaven":"Contact us","accountSettings.failedPaymentMessage.nonCompliantInstructions":"\u003Cdiv\u003EInstructions:\u003C\u002Fdiv\u003E \u003Cdiv\u003E1. To validate the current payment method select the card to be used from the &quot;Delivery Pass&quot; drop down menu via the black arrow and then press the \u003Cspan\u003Econfirm\u003C\u002Fspan\u003E button.\u003C\u002Fdiv\u003E \u003Cdiv\u003E2. To change to another payment method simply click the card to use from the &quot;Delivery Pass&quot; dropdown via the black arrow and press the \u003Cspan\u003Econfirm\u003C\u002Fspan\u003E button.\u003C\u002Fdiv\u003E \u003Cdiv\u003E3. To add a new payment method please click the &quot;Add Payment Type&quot; button and follow the prompts. Please complete the validation check from your bank. When added select the correct card from the drop down menu via the black arrow and click \u003Cspan\u003Econfirm\u003C\u002Fspan\u003E.\u003C\u002Fdiv\u003E"},"foodProfile":{"token":null,"productsSuitability":{},"isBadgeEnabled":true,"isMobileSidebarOpen":false},"routing":{"locationBeforeTransitions":null}};
          </script><script type="text/javascript" src="https://cdn-ukwest.onetrust.com/consent/421b8145-d47b-4ffd-975b-52ab20669f00/OtAutoBlock.js"></script><script src="https://cdn-ukwest.onetrust.com/scripttemplates/otSDKStub.js" type="text/javascript" charset="UTF-8" data-domain-script="421b8145-d47b-4ffd-975b-52ab20669f00"></script><script>
            window.dataLayer = window.dataLayer || [];
            window.dataLayer.push({"CI":"","SILT":0,"ODP":"","OSP":"","AB":0,"CS":"","OOF":false,"LI":false,"EB":true,"LD":"","BV":0,"OODA":false,"CFN":"","CLN":"","CE":"","SI":"3C78969171097034E83796752BCB82AD.MORRISONS211","CET":"","STO":"f40be3f5267d58e31baa71d7c32af90082ed9fcb847c1560a3d021abbd4c48cb","MCC":{},"SCS":null,"FOC":0,"gtmViewType":"RAVEN","gtmWebshopVersion":"7.4.2","OE":false});
            window.dataLayer.push(window.INITIAL_STATE.user.betaFeatures.reduce(function(res, item) {
              res[item] = true;
              return res;
            }, {}));
          </script><link rel="shortcut icon" href="/static/favicon.png"><link rel="apple-touch-icon" href="/static/touch-icon-iphone.png"><link rel="apple-touch-icon" href="/static/touch-icon-ipad.png" sizes="76x76"><link rel="apple-touch-icon" href="/static/touch-icon-iphone-retina.png" sizes="120x120"><link rel="apple-touch-icon" href="/static/touch-icon-ipad-retina.png" sizes="152x152"><link rel="stylesheet" href="/static/main.css?186b1625a12f27954106f8915a18e40e28787b94"><title>Frozen: Morrisons Shop</title><meta data-react-helmet="true" name="description" content="Online supermarket shopping is easy at Morrisons. Home delivery with convenient 1 hour slots and new low prices. Check your postcode today."><meta data-react-helmet="true" name="robots" content="NOODP,NOYDIR"><meta data-react-helmet="true" name="fb:admins" content=""><meta data-react-helmet="true" name="apple-itunes-app" content="app-id=766549078,app-argument=/browse?tags=180331"><meta data-react-helmet="true" name="keywords" content="online supermarket, grocery shopping, online groceries, supermarket uk, online delivery, Ice Cream, Fish &amp; Seafood, Chicken &amp; Meat, Vegetarian &amp; Vegan, Free From, Vegetables &amp; Sides, Chips &amp; Potatoes, Yorkshire Puddings &amp; Sides, Pies, Ready Meals, Party Food, Snacking, Pizza, Garlic Bread, Easy Meal Times, Buy Frozen online"><link data-react-helmet="true" rel="canonical" href="https://groceries.morrisons.com/browse/frozen-180331"><script data-react-helmet="true">(function(w,d,s,l,i){w[l]=w[l]||[];w[l].push({'gtm.start':
    new Date().getTime(),event:'gtm.js'});var f=d.getElementsByTagName(s)[0],
    j=d.createElement(s),dl=l!='dataLayer'?'&l='+l:'';j.async=true;j.src=
    'https://www.googletagmanager.com/gtm.js?id='+i+dl;f.parentNode.insertBefore(j,f);
    })(window,document,'script','dataLayer','GTM-MG3XK9')</script><script>
                window.RAVEN_VERSION = "1.138.0";
                window.RAVEN_BUILD_HASH = "186b1625a12f27954106f8915a18e40e28787b94";
                window.RavenPublic = { extContainers: {} };
            </script><script charset="utf-8" src="/static/vendors~browse~on-offer~search~subscriptions.client-bundle-1.138.0.js"></script><script charset="utf-8" src="/static/navigation.client-bundle-1.138.0.js"></script><script charset="utf-8" src="/static/postorder.client-bundle-1.138.0.js"></script><script charset="utf-8" src="/static/coupons.client-bundle-1.138.0.js"></script><script charset="utf-8" src="/static/browse.client-bundle-1.138.0.js"></script><script src="https://cdn-ukwest.onetrust.com/scripttemplates/6.24.0/otBannerSdk.js" async="" type="text/javascript"></script><style id="onetrust-style">#onetrust-banner-sdk{-ms-text-size-adjust:100%;-webkit-text-size-adjust:100%}#onetrust-banner-sdk .onetrust-vendors-list-handler{cursor:pointer;color:#1f96db;font-size:inherit;font-weight:bold;text-decoration:none;margin-left:5px}#onetrust-banner-sdk .onetrust-vendors-list-handler:hover{color:#1f96db}#onetrust-banner-sdk:focus{outline:2px solid #000;outline-offset:-2px}#onetrust-banner-sdk a:focus{outline:2px solid #000}#onetrust-banner-sdk #onetrust-accept-btn-handler,#onetrust-banner-sdk #onetrust-reject-all-handler,#onetrust-banner-sdk #onetrust-pc-btn-handler{outline-offset:1px}#onetrust-banner-sdk .ot-close-icon,#onetrust-pc-sdk .ot-close-icon,#ot-sync-ntfy .ot-close-icon{background-image:url("data:image/svg+xml;base64,PHN2ZyB2ZXJzaW9uPSIxLjEiIHhtbG5zPSJodHRwOi8vd3d3LnczLm9yZy8yMDAwL3N2ZyIgeG1sbnM6eGxpbms9Imh0dHA6Ly93d3cudzMub3JnLzE5OTkveGxpbmsiIHg9IjBweCIgeT0iMHB4IiB3aWR0aD0iMzQ4LjMzM3B4IiBoZWlnaHQ9IjM0OC4zMzNweCIgdmlld0JveD0iMCAwIDM0OC4zMzMgMzQ4LjMzNCIgc3R5bGU9ImVuYWJsZS1iYWNrZ3JvdW5kOm5ldyAwIDAgMzQ4LjMzMyAzNDguMzM0OyIgeG1sOnNwYWNlPSJwcmVzZXJ2ZSI+PGc+PHBhdGggZmlsbD0iIzU2NTY1NiIgZD0iTTMzNi41NTksNjguNjExTDIzMS4wMTYsMTc0LjE2NWwxMDUuNTQzLDEwNS41NDljMTUuNjk5LDE1LjcwNSwxNS42OTksNDEuMTQ1LDAsNTYuODVjLTcuODQ0LDcuODQ0LTE4LjEyOCwxMS43NjktMjguNDA3LDExLjc2OWMtMTAuMjk2LDAtMjAuNTgxLTMuOTE5LTI4LjQxOS0xMS43NjlMMTc0LjE2NywyMzEuMDAzTDY4LjYwOSwzMzYuNTYzYy03Ljg0Myw3Ljg0NC0xOC4xMjgsMTEuNzY5LTI4LjQxNiwxMS43NjljLTEwLjI4NSwwLTIwLjU2My0zLjkxOS0yOC40MTMtMTEuNzY5Yy0xNS42OTktMTUuNjk4LTE1LjY5OS00MS4xMzksMC01Ni44NWwxMDUuNTQtMTA1LjU0OUwxMS43NzQsNjguNjExYy0xNS42OTktMTUuNjk5LTE1LjY5OS00MS4xNDUsMC01Ni44NDRjMTUuNjk2LTE1LjY4Nyw0MS4xMjctMTUuNjg3LDU2LjgyOSwwbDEwNS41NjMsMTA1LjU1NEwyNzkuNzIxLDExLjc2N2MxNS43MDUtMTUuNjg3LDQxLjEzOS0xNS42ODcsNTYuODMyLDBDMzUyLjI1OCwyNy40NjYsMzUyLjI1OCw1Mi45MTIsMzM2LjU1OSw2OC42MTF6Ii8+PC9nPjwvc3ZnPg==");background-size:contain;background-repeat:no-repeat;background-position:center;height:12px;width:12px}#onetrust-banner-sdk .powered-by-logo,#onetrust-banner-sdk .ot-pc-footer-logo a,#onetrust-pc-sdk .powered-by-logo,#onetrust-pc-sdk .ot-pc-footer-logo a,#ot-sync-ntfy .powered-by-logo,#ot-sync-ntfy .ot-pc-footer-logo a{background-size:contain;background-repeat:no-repeat;background-position:center;height:25px;width:152px;display:block}#onetrust-banner-sdk h3 *,#onetrust-banner-sdk h4 *,#onetrust-banner-sdk h6 *,#onetrust-banner-sdk button *,#onetrust-banner-sdk a[data-parent-id] *,#onetrust-pc-sdk h3 *,#onetrust-pc-sdk h4 *,#onetrust-pc-sdk h6 *,#onetrust-pc-sdk button *,#onetrust-pc-sdk a[data-parent-id] *,#ot-sync-ntfy h3 *,#ot-sync-ntfy h4 *,#ot-sync-ntfy h6 *,#ot-sync-ntfy button *,#ot-sync-ntfy a[data-parent-id] *{font-size:inherit;font-weight:inherit;color:inherit}#onetrust-banner-sdk .ot-hide,#onetrust-pc-sdk .ot-hide,#ot-sync-ntfy .ot-hide{display:none !important}#onetrust-pc-sdk .ot-sdk-row .ot-sdk-column{padding:0}#onetrust-pc-sdk .ot-sdk-container{padding-right:0}#onetrust-pc-sdk .ot-sdk-row{flex-direction:initial;width:100%}#onetrust-pc-sdk [type="checkbox"]:checked,#onetrust-pc-sdk [type="checkbox"]:not(:checked){pointer-events:initial}#onetrust-pc-sdk [type="checkbox"]:disabled+label::before,#onetrust-pc-sdk [type="checkbox"]:disabled+label:after,#onetrust-pc-sdk [type="checkbox"]:disabled+label{pointer-events:none;opacity:0.7}#onetrust-pc-sdk #vendor-list-content{transform:translate3d(0, 0, 0)}#onetrust-pc-sdk li input[type="checkbox"]{z-index:1}#onetrust-pc-sdk li .ot-checkbox label{z-index:2}#onetrust-pc-sdk li .ot-checkbox input[type="checkbox"]{height:auto;width:auto}#onetrust-pc-sdk li .host-title a,#onetrust-pc-sdk li .ot-host-name a,#onetrust-pc-sdk li .accordion-text,#onetrust-pc-sdk li .ot-acc-txt{z-index:2;position:relative}#onetrust-pc-sdk input{margin:3px 0.1ex}#onetrust-pc-sdk .pc-logo,#onetrust-pc-sdk .ot-pc-logo{height:60px;width:180px;background-position:center;background-size:contain;background-repeat:no-repeat}#onetrust-pc-sdk .screen-reader-only,#onetrust-pc-sdk .ot-scrn-rdr,.ot-sdk-cookie-policy .screen-reader-only,.ot-sdk-cookie-policy .ot-scrn-rdr{border:0;clip:rect(0 0 0 0);height:1px;margin:-1px;overflow:hidden;padding:0;position:absolute;width:1px}#onetrust-pc-sdk.ot-fade-in,.onetrust-pc-dark-filter.ot-fade-in,#onetrust-banner-sdk.ot-fade-in{animation-name:onetrust-fade-in;animation-duration:400ms;animation-timing-function:ease-in-out}#onetrust-pc-sdk.ot-hide{display:none !important}.onetrust-pc-dark-filter.ot-hide{display:none !important}#ot-sdk-btn.ot-sdk-show-settings,#ot-sdk-btn.optanon-show-settings{color:#68b631;border:1px solid #68b631;height:auto;white-space:normal;word-wrap:break-word;padding:0.8em 2em;font-size:0.8em;line-height:1.2;cursor:pointer;-moz-transition:0.1s ease;-o-transition:0.1s ease;-webkit-transition:1s ease;transition:0.1s ease}#ot-sdk-btn.ot-sdk-show-settings:hover,#ot-sdk-btn.optanon-show-settings:hover{color:#fff;background-color:#68b631}.onetrust-pc-dark-filter{background:rgba(0,0,0,0.5);z-index:2147483646;width:100%;height:100%;overflow:hidden;position:fixed;top:0;bottom:0;left:0}@keyframes onetrust-fade-in{0%{opacity:0}100%{opacity:1}}.ot-cookie-label{text-decoration:underline}@media only screen and (min-width: 426px) and (max-width: 896px) and (orientation: landscape){#onetrust-pc-sdk p{font-size:0.75em}}#onetrust-banner-sdk .banner-option-input:focus+label{outline:1px solid #000;outline-style:auto}.category-vendors-list-handler+a:focus,.category-vendors-list-handler+a:focus-visible{outline:2px solid #000}
#onetrust-banner-sdk,#onetrust-pc-sdk,#ot-sdk-cookie-policy,#ot-sync-ntfy{font-size:16px}#onetrust-banner-sdk *,#onetrust-banner-sdk ::after,#onetrust-banner-sdk ::before,#onetrust-pc-sdk *,#onetrust-pc-sdk ::after,#onetrust-pc-sdk ::before,#ot-sdk-cookie-policy *,#ot-sdk-cookie-policy ::after,#ot-sdk-cookie-policy ::before,#ot-sync-ntfy *,#ot-sync-ntfy ::after,#ot-sync-ntfy ::before{-webkit-box-sizing:content-box;-moz-box-sizing:content-box;box-sizing:content-box}#onetrust-banner-sdk div,#onetrust-banner-sdk span,#onetrust-banner-sdk h1,#onetrust-banner-sdk h2,#onetrust-banner-sdk h3,#onetrust-banner-sdk h4,#onetrust-banner-sdk h5,#onetrust-banner-sdk h6,#onetrust-banner-sdk p,#onetrust-banner-sdk img,#onetrust-banner-sdk svg,#onetrust-banner-sdk button,#onetrust-banner-sdk section,#onetrust-banner-sdk a,#onetrust-banner-sdk label,#onetrust-banner-sdk input,#onetrust-banner-sdk ul,#onetrust-banner-sdk li,#onetrust-banner-sdk nav,#onetrust-banner-sdk table,#onetrust-banner-sdk thead,#onetrust-banner-sdk tr,#onetrust-banner-sdk td,#onetrust-banner-sdk tbody,#onetrust-banner-sdk .ot-main-content,#onetrust-banner-sdk .ot-toggle,#onetrust-banner-sdk #ot-content,#onetrust-banner-sdk #ot-pc-content,#onetrust-banner-sdk .checkbox,#onetrust-pc-sdk div,#onetrust-pc-sdk span,#onetrust-pc-sdk h1,#onetrust-pc-sdk h2,#onetrust-pc-sdk h3,#onetrust-pc-sdk h4,#onetrust-pc-sdk h5,#onetrust-pc-sdk h6,#onetrust-pc-sdk p,#onetrust-pc-sdk img,#onetrust-pc-sdk svg,#onetrust-pc-sdk button,#onetrust-pc-sdk section,#onetrust-pc-sdk a,#onetrust-pc-sdk label,#onetrust-pc-sdk input,#onetrust-pc-sdk ul,#onetrust-pc-sdk li,#onetrust-pc-sdk nav,#onetrust-pc-sdk table,#onetrust-pc-sdk thead,#onetrust-pc-sdk tr,#onetrust-pc-sdk td,#onetrust-pc-sdk tbody,#onetrust-pc-sdk .ot-main-content,#onetrust-pc-sdk .ot-toggle,#onetrust-pc-sdk #ot-content,#onetrust-pc-sdk #ot-pc-content,#onetrust-pc-sdk .checkbox,#ot-sdk-cookie-policy div,#ot-sdk-cookie-policy span,#ot-sdk-cookie-policy h1,#ot-sdk-cookie-policy h2,#ot-sdk-cookie-policy h3,#ot-sdk-cookie-policy h4,#ot-sdk-cookie-policy h5,#ot-sdk-cookie-policy h6,#ot-sdk-cookie-policy p,#ot-sdk-cookie-policy img,#ot-sdk-cookie-policy svg,#ot-sdk-cookie-policy button,#ot-sdk-cookie-policy section,#ot-sdk-cookie-policy a,#ot-sdk-cookie-policy label,#ot-sdk-cookie-policy input,#ot-sdk-cookie-policy ul,#ot-sdk-cookie-policy li,#ot-sdk-cookie-policy nav,#ot-sdk-cookie-policy table,#ot-sdk-cookie-policy thead,#ot-sdk-cookie-policy tr,#ot-sdk-cookie-policy td,#ot-sdk-cookie-policy tbody,#ot-sdk-cookie-policy .ot-main-content,#ot-sdk-cookie-policy .ot-toggle,#ot-sdk-cookie-policy #ot-content,#ot-sdk-cookie-policy #ot-pc-content,#ot-sdk-cookie-policy .checkbox,#ot-sync-ntfy div,#ot-sync-ntfy span,#ot-sync-ntfy h1,#ot-sync-ntfy h2,#ot-sync-ntfy h3,#ot-sync-ntfy h4,#ot-sync-ntfy h5,#ot-sync-ntfy h6,#ot-sync-ntfy p,#ot-sync-ntfy img,#ot-sync-ntfy svg,#ot-sync-ntfy button,#ot-sync-ntfy section,#ot-sync-ntfy a,#ot-sync-ntfy label,#ot-sync-ntfy input,#ot-sync-ntfy ul,#ot-sync-ntfy li,#ot-sync-ntfy nav,#ot-sync-ntfy table,#ot-sync-ntfy thead,#ot-sync-ntfy tr,#ot-sync-ntfy td,#ot-sync-ntfy tbody,#ot-sync-ntfy .ot-main-content,#ot-sync-ntfy .ot-toggle,#ot-sync-ntfy #ot-content,#ot-sync-ntfy #ot-pc-content,#ot-sync-ntfy .checkbox{font-family:inherit;font-weight:normal;-webkit-font-smoothing:auto;letter-spacing:normal;line-height:normal;padding:0;margin:0;height:auto;min-height:0;max-height:none;width:auto;min-width:0;max-width:none;border-radius:0;border:none;clear:none;float:none;position:static;bottom:auto;left:auto;right:auto;top:auto;text-align:left;text-decoration:none;text-indent:0;text-shadow:none;text-transform:none;white-space:normal;background:none;overflow:visible;vertical-align:baseline;visibility:visible;z-index:auto;box-shadow:none}#onetrust-banner-sdk label:before,#onetrust-banner-sdk label:after,#onetrust-banner-sdk .checkbox:after,#onetrust-banner-sdk .checkbox:before,#onetrust-pc-sdk label:before,#onetrust-pc-sdk label:after,#onetrust-pc-sdk .checkbox:after,#onetrust-pc-sdk .checkbox:before,#ot-sdk-cookie-policy label:before,#ot-sdk-cookie-policy label:after,#ot-sdk-cookie-policy .checkbox:after,#ot-sdk-cookie-policy .checkbox:before,#ot-sync-ntfy label:before,#ot-sync-ntfy label:after,#ot-sync-ntfy .checkbox:after,#ot-sync-ntfy .checkbox:before{content:"";content:none}
#onetrust-banner-sdk .ot-sdk-container,#onetrust-pc-sdk .ot-sdk-container,#ot-sdk-cookie-policy .ot-sdk-container{position:relative;width:100%;max-width:100%;margin:0 auto;padding:0 20px;box-sizing:border-box}#onetrust-banner-sdk .ot-sdk-column,#onetrust-banner-sdk .ot-sdk-columns,#onetrust-pc-sdk .ot-sdk-column,#onetrust-pc-sdk .ot-sdk-columns,#ot-sdk-cookie-policy .ot-sdk-column,#ot-sdk-cookie-policy .ot-sdk-columns{width:100%;float:left;box-sizing:border-box;padding:0;display:initial}@media (min-width: 400px){#onetrust-banner-sdk .ot-sdk-container,#onetrust-pc-sdk .ot-sdk-container,#ot-sdk-cookie-policy .ot-sdk-container{width:90%;padding:0}}@media (min-width: 550px){#onetrust-banner-sdk .ot-sdk-container,#onetrust-pc-sdk .ot-sdk-container,#ot-sdk-cookie-policy .ot-sdk-container{width:100%}#onetrust-banner-sdk .ot-sdk-column,#onetrust-banner-sdk .ot-sdk-columns,#onetrust-pc-sdk .ot-sdk-column,#onetrust-pc-sdk .ot-sdk-columns,#ot-sdk-cookie-policy .ot-sdk-column,#ot-sdk-cookie-policy .ot-sdk-columns{margin-left:4%}#onetrust-banner-sdk .ot-sdk-column:first-child,#onetrust-banner-sdk .ot-sdk-columns:first-child,#onetrust-pc-sdk .ot-sdk-column:first-child,#onetrust-pc-sdk .ot-sdk-columns:first-child,#ot-sdk-cookie-policy .ot-sdk-column:first-child,#ot-sdk-cookie-policy .ot-sdk-columns:first-child{margin-left:0}#onetrust-banner-sdk .ot-sdk-two.ot-sdk-columns,#onetrust-pc-sdk .ot-sdk-two.ot-sdk-columns,#ot-sdk-cookie-policy .ot-sdk-two.ot-sdk-columns{width:13.3333333333%}#onetrust-banner-sdk .ot-sdk-three.ot-sdk-columns,#onetrust-pc-sdk .ot-sdk-three.ot-sdk-columns,#ot-sdk-cookie-policy .ot-sdk-three.ot-sdk-columns{width:22%}#onetrust-banner-sdk .ot-sdk-four.ot-sdk-columns,#onetrust-pc-sdk .ot-sdk-four.ot-sdk-columns,#ot-sdk-cookie-policy .ot-sdk-four.ot-sdk-columns{width:30.6666666667%}#onetrust-banner-sdk .ot-sdk-eight.ot-sdk-columns,#onetrust-pc-sdk .ot-sdk-eight.ot-sdk-columns,#ot-sdk-cookie-policy .ot-sdk-eight.ot-sdk-columns{width:65.3333333333%}#onetrust-banner-sdk .ot-sdk-nine.ot-sdk-columns,#onetrust-pc-sdk .ot-sdk-nine.ot-sdk-columns,#ot-sdk-cookie-policy .ot-sdk-nine.ot-sdk-columns{width:74%}#onetrust-banner-sdk .ot-sdk-ten.ot-sdk-columns,#onetrust-pc-sdk .ot-sdk-ten.ot-sdk-columns,#ot-sdk-cookie-policy .ot-sdk-ten.ot-sdk-columns{width:82.6666666667%}#onetrust-banner-sdk .ot-sdk-eleven.ot-sdk-columns,#onetrust-pc-sdk .ot-sdk-eleven.ot-sdk-columns,#ot-sdk-cookie-policy .ot-sdk-eleven.ot-sdk-columns{width:91.3333333333%}#onetrust-banner-sdk .ot-sdk-twelve.ot-sdk-columns,#onetrust-pc-sdk .ot-sdk-twelve.ot-sdk-columns,#ot-sdk-cookie-policy .ot-sdk-twelve.ot-sdk-columns{width:100%;margin-left:0}}#onetrust-banner-sdk h1,#onetrust-banner-sdk h2,#onetrust-banner-sdk h3,#onetrust-banner-sdk h4,#onetrust-banner-sdk h5,#onetrust-banner-sdk h6,#onetrust-pc-sdk h1,#onetrust-pc-sdk h2,#onetrust-pc-sdk h3,#onetrust-pc-sdk h4,#onetrust-pc-sdk h5,#onetrust-pc-sdk h6,#ot-sdk-cookie-policy h1,#ot-sdk-cookie-policy h2,#ot-sdk-cookie-policy h3,#ot-sdk-cookie-policy h4,#ot-sdk-cookie-policy h5,#ot-sdk-cookie-policy h6{margin-top:0;font-weight:600;font-family:inherit}#onetrust-banner-sdk h1,#onetrust-pc-sdk h1,#ot-sdk-cookie-policy h1{font-size:1.5rem;line-height:1.2}#onetrust-banner-sdk h2,#onetrust-pc-sdk h2,#ot-sdk-cookie-policy h2{font-size:1.5rem;line-height:1.25}#onetrust-banner-sdk h3,#onetrust-pc-sdk h3,#ot-sdk-cookie-policy h3{font-size:1.5rem;line-height:1.3}#onetrust-banner-sdk h4,#onetrust-pc-sdk h4,#ot-sdk-cookie-policy h4{font-size:1.5rem;line-height:1.35}#onetrust-banner-sdk h5,#onetrust-pc-sdk h5,#ot-sdk-cookie-policy h5{font-size:1.5rem;line-height:1.5}#onetrust-banner-sdk h6,#onetrust-pc-sdk h6,#ot-sdk-cookie-policy h6{font-size:1.5rem;line-height:1.6}@media (min-width: 550px){#onetrust-banner-sdk h1,#onetrust-pc-sdk h1,#ot-sdk-cookie-policy h1{font-size:1.5rem}#onetrust-banner-sdk h2,#onetrust-pc-sdk h2,#ot-sdk-cookie-policy h2{font-size:1.5rem}#onetrust-banner-sdk h3,#onetrust-pc-sdk h3,#ot-sdk-cookie-policy h3{font-size:1.5rem}#onetrust-banner-sdk h4,#onetrust-pc-sdk h4,#ot-sdk-cookie-policy h4{font-size:1.5rem}#onetrust-banner-sdk h5,#onetrust-pc-sdk h5,#ot-sdk-cookie-policy h5{font-size:1.5rem}#onetrust-banner-sdk h6,#onetrust-pc-sdk h6,#ot-sdk-cookie-policy h6{font-size:1.5rem}}#onetrust-banner-sdk p,#onetrust-pc-sdk p,#ot-sdk-cookie-policy p{margin:0 0 1em 0;font-family:inherit;line-height:normal}#onetrust-banner-sdk a,#onetrust-pc-sdk a,#ot-sdk-cookie-policy a{color:#565656;text-decoration:underline}#onetrust-banner-sdk a:hover,#onetrust-pc-sdk a:hover,#ot-sdk-cookie-policy a:hover{color:#565656;text-decoration:none}#onetrust-banner-sdk .ot-sdk-button,#onetrust-banner-sdk button,#onetrust-pc-sdk .ot-sdk-button,#onetrust-pc-sdk button,#ot-sdk-cookie-policy .ot-sdk-button,#ot-sdk-cookie-policy button{margin-bottom:1rem;font-family:inherit}#onetrust-banner-sdk .ot-sdk-button,#onetrust-banner-sdk button,#onetrust-pc-sdk .ot-sdk-button,#onetrust-pc-sdk button,#ot-sdk-cookie-policy .ot-sdk-button,#ot-sdk-cookie-policy button{display:inline-block;height:38px;padding:0 30px;color:#555;text-align:center;font-size:0.9em;font-weight:400;line-height:38px;letter-spacing:0.01em;text-decoration:none;white-space:nowrap;background-color:transparent;border-radius:2px;border:1px solid #bbb;cursor:pointer;box-sizing:border-box}#onetrust-banner-sdk .ot-sdk-button:hover,#onetrust-banner-sdk :not(.ot-leg-btn-container)>button:hover,#onetrust-banner-sdk :not(.ot-leg-btn-container)>button:focus,#onetrust-pc-sdk .ot-sdk-button:hover,#onetrust-pc-sdk :not(.ot-leg-btn-container)>button:hover,#onetrust-pc-sdk :not(.ot-leg-btn-container)>button:focus,#ot-sdk-cookie-policy .ot-sdk-button:hover,#ot-sdk-cookie-policy :not(.ot-leg-btn-container)>button:hover,#ot-sdk-cookie-policy :not(.ot-leg-btn-container)>button:focus{color:#333;border-color:#888;opacity:0.7}#onetrust-banner-sdk .ot-sdk-button:focus,#onetrust-banner-sdk :not(.ot-leg-btn-container)>button:focus,#onetrust-pc-sdk .ot-sdk-button:focus,#onetrust-pc-sdk :not(.ot-leg-btn-container)>button:focus,#ot-sdk-cookie-policy .ot-sdk-button:focus,#ot-sdk-cookie-policy :not(.ot-leg-btn-container)>button:focus{outline:2px solid #000}#onetrust-banner-sdk .ot-sdk-button.ot-sdk-button-primary,#onetrust-banner-sdk button.ot-sdk-button-primary,#onetrust-banner-sdk input[type="submit"].ot-sdk-button-primary,#onetrust-banner-sdk input[type="reset"].ot-sdk-button-primary,#onetrust-banner-sdk input[type="button"].ot-sdk-button-primary,#onetrust-pc-sdk .ot-sdk-button.ot-sdk-button-primary,#onetrust-pc-sdk button.ot-sdk-button-primary,#onetrust-pc-sdk input[type="submit"].ot-sdk-button-primary,#onetrust-pc-sdk input[type="reset"].ot-sdk-button-primary,#onetrust-pc-sdk input[type="button"].ot-sdk-button-primary,#ot-sdk-cookie-policy .ot-sdk-button.ot-sdk-button-primary,#ot-sdk-cookie-policy button.ot-sdk-button-primary,#ot-sdk-cookie-policy input[type="submit"].ot-sdk-button-primary,#ot-sdk-cookie-policy input[type="reset"].ot-sdk-button-primary,#ot-sdk-cookie-policy input[type="button"].ot-sdk-button-primary{color:#fff;background-color:#33c3f0;border-color:#33c3f0}#onetrust-banner-sdk .ot-sdk-button.ot-sdk-button-primary:hover,#onetrust-banner-sdk button.ot-sdk-button-primary:hover,#onetrust-banner-sdk input[type="submit"].ot-sdk-button-primary:hover,#onetrust-banner-sdk input[type="reset"].ot-sdk-button-primary:hover,#onetrust-banner-sdk input[type="button"].ot-sdk-button-primary:hover,#onetrust-banner-sdk .ot-sdk-button.ot-sdk-button-primary:focus,#onetrust-banner-sdk button.ot-sdk-button-primary:focus,#onetrust-banner-sdk input[type="submit"].ot-sdk-button-primary:focus,#onetrust-banner-sdk input[type="reset"].ot-sdk-button-primary:focus,#onetrust-banner-sdk input[type="button"].ot-sdk-button-primary:focus,#onetrust-pc-sdk .ot-sdk-button.ot-sdk-button-primary:hover,#onetrust-pc-sdk button.ot-sdk-button-primary:hover,#onetrust-pc-sdk input[type="submit"].ot-sdk-button-primary:hover,#onetrust-pc-sdk input[type="reset"].ot-sdk-button-primary:hover,#onetrust-pc-sdk input[type="button"].ot-sdk-button-primary:hover,#onetrust-pc-sdk .ot-sdk-button.ot-sdk-button-primary:focus,#onetrust-pc-sdk button.ot-sdk-button-primary:focus,#onetrust-pc-sdk input[type="submit"].ot-sdk-button-primary:focus,#onetrust-pc-sdk input[type="reset"].ot-sdk-button-primary:focus,#onetrust-pc-sdk input[type="button"].ot-sdk-button-primary:focus,#ot-sdk-cookie-policy .ot-sdk-button.ot-sdk-button-primary:hover,#ot-sdk-cookie-policy button.ot-sdk-button-primary:hover,#ot-sdk-cookie-policy input[type="submit"].ot-sdk-button-primary:hover,#ot-sdk-cookie-policy input[type="reset"].ot-sdk-button-primary:hover,#ot-sdk-cookie-policy input[type="button"].ot-sdk-button-primary:hover,#ot-sdk-cookie-policy .ot-sdk-button.ot-sdk-button-primary:focus,#ot-sdk-cookie-policy button.ot-sdk-button-primary:focus,#ot-sdk-cookie-policy input[type="submit"].ot-sdk-button-primary:focus,#ot-sdk-cookie-policy input[type="reset"].ot-sdk-button-primary:focus,#ot-sdk-cookie-policy input[type="button"].ot-sdk-button-primary:focus{color:#fff;background-color:#1eaedb;border-color:#1eaedb}#onetrust-banner-sdk input[type="text"],#onetrust-pc-sdk input[type="text"],#ot-sdk-cookie-policy input[type="text"]{height:38px;padding:6px 10px;background-color:#fff;border:1px solid #d1d1d1;border-radius:4px;box-shadow:none;box-sizing:border-box}#onetrust-banner-sdk input[type="text"],#onetrust-pc-sdk input[type="text"],#ot-sdk-cookie-policy input[type="text"]{-webkit-appearance:none;-moz-appearance:none;appearance:none}#onetrust-banner-sdk input[type="text"]:focus,#onetrust-pc-sdk input[type="text"]:focus,#ot-sdk-cookie-policy input[type="text"]:focus{border:1px solid #000;outline:0}#onetrust-banner-sdk label,#onetrust-pc-sdk label,#ot-sdk-cookie-policy label{display:block;margin-bottom:0.5rem;font-weight:600}#onetrust-banner-sdk input[type="checkbox"],#onetrust-pc-sdk input[type="checkbox"],#ot-sdk-cookie-policy input[type="checkbox"]{display:inline}#onetrust-banner-sdk ul,#onetrust-pc-sdk ul,#ot-sdk-cookie-policy ul{list-style:circle inside}#onetrust-banner-sdk ul,#onetrust-pc-sdk ul,#ot-sdk-cookie-policy ul{padding-left:0;margin-top:0}#onetrust-banner-sdk ul ul,#onetrust-pc-sdk ul ul,#ot-sdk-cookie-policy ul ul{margin:1.5rem 0 1.5rem 3rem;font-size:90%}#onetrust-banner-sdk li,#onetrust-pc-sdk li,#ot-sdk-cookie-policy li{margin-bottom:1rem}#onetrust-banner-sdk th,#onetrust-banner-sdk td,#onetrust-pc-sdk th,#onetrust-pc-sdk td,#ot-sdk-cookie-policy th,#ot-sdk-cookie-policy td{padding:12px 15px;text-align:left;border-bottom:1px solid #e1e1e1}#onetrust-banner-sdk button,#onetrust-pc-sdk button,#ot-sdk-cookie-policy button{margin-bottom:1rem;font-family:inherit}#onetrust-banner-sdk .ot-sdk-container:after,#onetrust-banner-sdk .ot-sdk-row:after,#onetrust-pc-sdk .ot-sdk-container:after,#onetrust-pc-sdk .ot-sdk-row:after,#ot-sdk-cookie-policy .ot-sdk-container:after,#ot-sdk-cookie-policy .ot-sdk-row:after{content:"";display:table;clear:both}#onetrust-banner-sdk .ot-sdk-row,#onetrust-pc-sdk .ot-sdk-row,#ot-sdk-cookie-policy .ot-sdk-row{margin:0;max-width:none;display:block}
#onetrust-banner-sdk{box-shadow:0 0 18px rgba(0,0,0,.2)}#onetrust-banner-sdk.otFlat{position:fixed;z-index:2147483645;bottom:0;right:0;left:0;background-color:#fff;max-height:90%;overflow-x:hidden;overflow-y:auto}#onetrust-banner-sdk.otFlat.top{top:0px;bottom:auto}#onetrust-banner-sdk.otRelFont{font-size:1rem}#onetrust-banner-sdk>.ot-sdk-container{overflow:hidden}#onetrust-banner-sdk::-webkit-scrollbar{width:11px}#onetrust-banner-sdk::-webkit-scrollbar-thumb{border-radius:10px;background:#c1c1c1}#onetrust-banner-sdk{scrollbar-arrow-color:#c1c1c1;scrollbar-darkshadow-color:#c1c1c1;scrollbar-face-color:#c1c1c1;scrollbar-shadow-color:#c1c1c1}#onetrust-banner-sdk #onetrust-policy{margin:1.25em 0 .625em 2em;overflow:hidden}#onetrust-banner-sdk #onetrust-policy .ot-gv-list-handler{float:left;font-size:.82em;padding:0;margin-bottom:0;border:0;line-height:normal;height:auto;width:auto}#onetrust-banner-sdk #onetrust-policy-title{font-size:1.2em;line-height:1.3;margin-bottom:10px}#onetrust-banner-sdk #onetrust-policy-text{clear:both;text-align:left;font-size:.88em;line-height:1.4}#onetrust-banner-sdk #onetrust-policy-text *{font-size:inherit;line-height:inherit}#onetrust-banner-sdk #onetrust-policy-text a{font-weight:bold;margin-left:5px}#onetrust-banner-sdk #onetrust-policy-title,#onetrust-banner-sdk #onetrust-policy-text{color:dimgray;float:left}#onetrust-banner-sdk #onetrust-button-group-parent{min-height:1px;text-align:center}#onetrust-banner-sdk #onetrust-button-group{display:inline-block}#onetrust-banner-sdk #onetrust-accept-btn-handler,#onetrust-banner-sdk #onetrust-reject-all-handler,#onetrust-banner-sdk #onetrust-pc-btn-handler{background-color:#68b631;color:#fff;border-color:#68b631;margin-right:1em;min-width:125px;height:auto;white-space:normal;word-break:break-word;word-wrap:break-word;padding:12px 10px;line-height:1.2;font-size:.813em;font-weight:600}#onetrust-banner-sdk #onetrust-pc-btn-handler.cookie-setting-link{background-color:#fff;border:none;color:#68b631;text-decoration:underline;padding-left:0;padding-right:0}#onetrust-banner-sdk .onetrust-close-btn-ui{width:44px;height:44px;background-size:12px;border:none;position:relative;margin:auto;padding:0}#onetrust-banner-sdk .banner_logo{display:none}#onetrust-banner-sdk .ot-b-addl-desc{clear:both;float:left;display:block}#onetrust-banner-sdk #banner-options{float:left;display:table;margin-right:0;margin-left:1em;width:calc(100% - 1em)}#onetrust-banner-sdk .banner-option-input{cursor:pointer;width:auto;height:auto;border:none;padding:0;padding-right:3px;margin:0 0 10px;font-size:.82em;line-height:1.4}#onetrust-banner-sdk .banner-option-input *{pointer-events:none;font-size:inherit;line-height:inherit}#onetrust-banner-sdk .banner-option-input[aria-expanded=true]~.banner-option-details{display:block;height:auto}#onetrust-banner-sdk .banner-option-input[aria-expanded=true] .ot-arrow-container{transform:rotate(90deg)}#onetrust-banner-sdk .banner-option{margin-bottom:12px;margin-left:0;border:none;float:left;padding:0}#onetrust-banner-sdk .banner-option:first-child{padding-left:2px}#onetrust-banner-sdk .banner-option:not(:first-child){padding:0;border:none}#onetrust-banner-sdk .banner-option-header{cursor:pointer;display:inline-block}#onetrust-banner-sdk .banner-option-header :first-child{color:dimgray;font-weight:bold;float:left}#onetrust-banner-sdk .banner-option-header .ot-arrow-container{display:inline-block;border-top:6px solid transparent;border-bottom:6px solid transparent;border-left:6px solid dimgray;margin-left:10px;vertical-align:middle}#onetrust-banner-sdk .banner-option-details{display:none;font-size:.83em;line-height:1.5;padding:10px 0px 5px 10px;margin-right:10px;height:0px}#onetrust-banner-sdk .banner-option-details *{font-size:inherit;line-height:inherit;color:dimgray}#onetrust-banner-sdk .ot-arrow-container,#onetrust-banner-sdk .banner-option-details{transition:all 300ms ease-in 0s;-webkit-transition:all 300ms ease-in 0s;-moz-transition:all 300ms ease-in 0s;-o-transition:all 300ms ease-in 0s}#onetrust-banner-sdk .ot-dpd-container{float:left}#onetrust-banner-sdk .ot-dpd-title{margin-bottom:10px}#onetrust-banner-sdk .ot-dpd-title,#onetrust-banner-sdk .ot-dpd-desc{font-size:.88em;line-height:1.4;color:dimgray}#onetrust-banner-sdk .ot-dpd-title *,#onetrust-banner-sdk .ot-dpd-desc *{font-size:inherit;line-height:inherit}#onetrust-banner-sdk.ot-iab-2 #onetrust-policy-text *{margin-bottom:0}#onetrust-banner-sdk.ot-iab-2 .onetrust-vendors-list-handler{display:block;margin-left:0;margin-top:5px;clear:both;margin-bottom:0;padding:0;border:0;height:auto;width:auto}#onetrust-banner-sdk.ot-iab-2 #onetrust-button-group button{display:block}#onetrust-banner-sdk.ot-close-btn-link{padding-top:25px}#onetrust-banner-sdk.ot-close-btn-link #onetrust-close-btn-container{top:15px;transform:none;right:15px}#onetrust-banner-sdk.ot-close-btn-link #onetrust-close-btn-container button{padding:0;white-space:pre-wrap;border:none;height:auto;line-height:1.5;text-decoration:underline;font-size:.69em}#onetrust-banner-sdk #onetrust-policy-text,#onetrust-banner-sdk .ot-dpd-desc,#onetrust-banner-sdk .ot-b-addl-desc{font-size:.813em;line-height:1.5}#onetrust-banner-sdk .ot-dpd-desc{margin-bottom:10px}#onetrust-banner-sdk .ot-dpd-desc>.ot-b-addl-desc{margin-top:10px;margin-bottom:10px;font-size:1em}@media only screen and (max-width: 425px){#onetrust-banner-sdk #onetrust-close-btn-container{position:absolute;top:10px;right:10px}#onetrust-banner-sdk #onetrust-policy{margin-left:0}#onetrust-banner-sdk #onetrust-button-group{display:block}#onetrust-banner-sdk #onetrust-accept-btn-handler,#onetrust-banner-sdk #onetrust-reject-all-handler,#onetrust-banner-sdk #onetrust-pc-btn-handler{width:100%}#onetrust-banner-sdk .onetrust-close-btn-ui{top:auto;transform:none}#onetrust-banner-sdk #onetrust-policy-title{display:inline;float:none}#onetrust-banner-sdk #banner-options{margin:0;padding:0;width:100%}}@media only screen and (min-width: 426px)and (max-width: 896px){#onetrust-banner-sdk #onetrust-close-btn-container{position:absolute;top:0;right:0}#onetrust-banner-sdk #onetrust-policy{margin-left:1em;margin-right:1em}#onetrust-banner-sdk .onetrust-close-btn-ui{top:10px;right:10px}#onetrust-banner-sdk:not(.ot-iab-2) #onetrust-group-container{width:95%}#onetrust-banner-sdk.ot-iab-2 #onetrust-group-container{width:100%}#onetrust-banner-sdk #onetrust-button-group-parent{width:100%;position:relative;margin-left:0}#onetrust-banner-sdk #onetrust-button-group button{display:inline-block}#onetrust-banner-sdk #onetrust-button-group{margin-right:0;text-align:center}#onetrust-banner-sdk .has-reject-all-button #onetrust-pc-btn-handler{float:left}#onetrust-banner-sdk .has-reject-all-button #onetrust-reject-all-handler,#onetrust-banner-sdk .has-reject-all-button #onetrust-accept-btn-handler{float:right}#onetrust-banner-sdk .has-reject-all-button #onetrust-button-group{width:calc(100% - 2em);margin-right:0}#onetrust-banner-sdk .has-reject-all-button #onetrust-pc-btn-handler.cookie-setting-link{padding-left:0px;text-align:left}#onetrust-banner-sdk.ot-buttons-fw .ot-sdk-three button{width:100%;text-align:center}#onetrust-banner-sdk.ot-buttons-fw #onetrust-button-group-parent button{float:none}#onetrust-banner-sdk.ot-buttons-fw #onetrust-pc-btn-handler.cookie-setting-link{text-align:center}}@media only screen and (min-width: 550px){#onetrust-banner-sdk .banner-option:not(:first-child){border-left:1px solid #d8d8d8;padding-left:25px}}@media only screen and (min-width: 425px)and (max-width: 550px){#onetrust-banner-sdk.ot-iab-2 #onetrust-button-group,#onetrust-banner-sdk.ot-iab-2 #onetrust-policy,#onetrust-banner-sdk.ot-iab-2 .banner-option{width:100%}}@media only screen and (min-width: 769px){#onetrust-banner-sdk #onetrust-button-group{margin-right:30%}#onetrust-banner-sdk #banner-options{margin-left:2em;margin-right:5em;margin-bottom:1.25em;width:calc(100% - 7em)}}@media only screen and (min-width: 897px)and (max-width: 1023px){#onetrust-banner-sdk.vertical-align-content #onetrust-button-group-parent{position:absolute;top:50%;left:75%;transform:translateY(-50%)}#onetrust-banner-sdk #onetrust-close-btn-container{top:50%;margin:auto;transform:translate(-50%, -50%);position:absolute;padding:0;right:0}#onetrust-banner-sdk #onetrust-close-btn-container button{position:relative;margin:0;right:-22px;top:2px}}@media only screen and (min-width: 1024px){#onetrust-banner-sdk #onetrust-close-btn-container{top:50%;margin:auto;transform:translate(-50%, -50%);position:absolute;right:0}#onetrust-banner-sdk #onetrust-close-btn-container button{right:-12px}#onetrust-banner-sdk #onetrust-policy{margin-left:2em}#onetrust-banner-sdk.vertical-align-content #onetrust-button-group-parent{position:absolute;top:50%;left:60%;transform:translateY(-50%)}#onetrust-banner-sdk.ot-iab-2 #onetrust-policy-title{width:50%}#onetrust-banner-sdk.ot-iab-2 #onetrust-policy-text,#onetrust-banner-sdk.ot-iab-2 :not(.ot-dpd-desc)>.ot-b-addl-desc{margin-bottom:1em;width:50%;border-right:1px solid #d8d8d8;padding-right:1rem}#onetrust-banner-sdk.ot-iab-2 #onetrust-policy-text{margin-bottom:0;padding-bottom:1em}#onetrust-banner-sdk.ot-iab-2 :not(.ot-dpd-desc)>.ot-b-addl-desc{margin-bottom:0;padding-bottom:1em}#onetrust-banner-sdk.ot-iab-2 .ot-dpd-container{width:45%;padding-left:1rem;display:inline-block;float:none}#onetrust-banner-sdk.ot-iab-2 .ot-dpd-title{line-height:1.7}#onetrust-banner-sdk.ot-iab-2 #onetrust-button-group-parent{left:auto;right:4%;margin-left:0}#onetrust-banner-sdk.ot-iab-2 #onetrust-button-group button{display:block}#onetrust-banner-sdk:not(.ot-iab-2) #onetrust-button-group-parent{margin:auto;width:30%}#onetrust-banner-sdk:not(.ot-iab-2) #onetrust-group-container{width:60%}#onetrust-banner-sdk #onetrust-button-group{margin-right:auto}#onetrust-banner-sdk #onetrust-accept-btn-handler,#onetrust-banner-sdk #onetrust-reject-all-handler,#onetrust-banner-sdk #onetrust-pc-btn-handler{margin-top:1em}}@media only screen and (min-width: 890px){#onetrust-banner-sdk.ot-buttons-fw:not(.ot-iab-2) #onetrust-button-group-parent{padding-left:3%;padding-right:4%;margin-left:0}#onetrust-banner-sdk.ot-buttons-fw:not(.ot-iab-2) #onetrust-button-group{margin-right:0;margin-top:1.25em;width:100%}#onetrust-banner-sdk.ot-buttons-fw:not(.ot-iab-2) #onetrust-button-group button{width:100%;margin-bottom:5px;margin-top:5px}#onetrust-banner-sdk.ot-buttons-fw:not(.ot-iab-2) #onetrust-button-group button:last-of-type{margin-bottom:20px}}@media only screen and (min-width: 1280px){#onetrust-banner-sdk:not(.ot-iab-2) #onetrust-group-container{width:55%}#onetrust-banner-sdk:not(.ot-iab-2) #onetrust-button-group-parent{width:44%;padding-left:2%;padding-right:2%}#onetrust-banner-sdk:not(.ot-iab-2).vertical-align-content #onetrust-button-group-parent{position:absolute;left:55%}}
        #onetrust-consent-sdk #onetrust-banner-sdk {background-color: #FFFFFF;}
            #onetrust-consent-sdk #onetrust-policy-title,
                    #onetrust-consent-sdk #onetrust-policy-text,
                    #onetrust-consent-sdk .ot-b-addl-desc,
                    #onetrust-consent-sdk .ot-dpd-desc,
                    #onetrust-consent-sdk .ot-dpd-title,
                    #onetrust-consent-sdk #onetrust-policy-text *:not(.onetrust-vendors-list-handler),
                    #onetrust-consent-sdk .ot-dpd-desc *:not(.onetrust-vendors-list-handler),
                    #onetrust-consent-sdk #onetrust-banner-sdk #banner-options *,
                    #onetrust-banner-sdk .ot-cat-header {
                        color: #696969;
                    }
            #onetrust-consent-sdk #onetrust-banner-sdk .banner-option-details {
                    background-color: #E9E9E9;}
             #onetrust-consent-sdk #onetrust-banner-sdk a[href],
                    #onetrust-consent-sdk #onetrust-banner-sdk a[href] font,
                    #onetrust-consent-sdk #onetrust-banner-sdk .ot-link-btn
                        {
                            color: #3860BE;
                        }#onetrust-consent-sdk #onetrust-accept-btn-handler,
                         #onetrust-banner-sdk #onetrust-reject-all-handler {
                            background-color: #01893f;border-color: #01893f;
                color: #FFFFFF;
            }
            #onetrust-consent-sdk #onetrust-banner-sdk *:focus,
            #onetrust-consent-sdk #onetrust-banner-sdk:focus {
               outline-color: #000000;
               outline-width: 1px;
            }
            #onetrust-consent-sdk #onetrust-pc-btn-handler,
            #onetrust-consent-sdk #onetrust-pc-btn-handler.cookie-setting-link {
                color: #01893f; border-color: #01893f;
                background-color: 
                #FFFFFF;
            }#onetrust-pc-sdk{position:fixed;width:730px;max-width:730px;height:610px;left:0;right:0;top:0;bottom:0;margin:auto;font-size:16px;z-index:2147483647;border-radius:2px;background-color:#fff;box-shadow:0 2px 4px 0 rgba(0,0,0,0),0 7px 14px 0 rgba(50,50,93,.1)}#onetrust-pc-sdk.otRelFont{font-size:1rem}#onetrust-pc-sdk *,#onetrust-pc-sdk ::after,#onetrust-pc-sdk ::before{box-sizing:content-box}#onetrust-pc-sdk #ot-addtl-venlst .ot-arw-cntr,#onetrust-pc-sdk .ot-hide-tgl{visibility:hidden}#onetrust-pc-sdk #ot-addtl-venlst .ot-arw-cntr *,#onetrust-pc-sdk .ot-hide-tgl *{visibility:hidden}#onetrust-pc-sdk #ot-pc-content,#onetrust-pc-sdk #ot-pc-lst{height:calc(100% - 185px)}#onetrust-pc-sdk li{list-style:none}#onetrust-pc-sdk ul,#onetrust-pc-sdk li{margin:0}#onetrust-pc-sdk a{text-decoration:none}#onetrust-pc-sdk .ot-link-btn{padding:0;margin-bottom:0;border:0;font-weight:normal;line-height:normal;width:auto;height:auto}#onetrust-pc-sdk .ot-grps-cntr *::-webkit-scrollbar,#onetrust-pc-sdk .ot-pc-scrollbar::-webkit-scrollbar{width:11px}#onetrust-pc-sdk .ot-grps-cntr *::-webkit-scrollbar-thumb,#onetrust-pc-sdk .ot-pc-scrollbar::-webkit-scrollbar-thumb{border-radius:10px;background:#c1c1c1}#onetrust-pc-sdk .ot-grps-cntr *,#onetrust-pc-sdk .ot-pc-scrollbar{scrollbar-arrow-color:#c1c1c1;scrollbar-darkshadow-color:#c1c1c1;scrollbar-face-color:#c1c1c1;scrollbar-shadow-color:#c1c1c1}#onetrust-pc-sdk .ot-pc-header{height:auto;padding:10px;display:block;width:calc(100% - 20px);min-height:52px;border-bottom:1px solid #d8d8d8;position:relative}#onetrust-pc-sdk .ot-pc-logo{display:inline-block;vertical-align:middle;width:180px}#onetrust-pc-sdk .ot-pc-logo.ot-pc-logo{height:40px}#onetrust-pc-sdk .ot-title-cntr{position:relative;display:inline-block;vertical-align:middle;width:calc(100% - 190px);padding-left:10px}#onetrust-pc-sdk .ot-always-active{font-size:.813em;line-height:1.5;font-weight:700;color:#3860be}#onetrust-pc-sdk .ot-close-cntr{float:right;position:absolute;right:-9px;top:50%;transform:translateY(-50%)}#onetrust-pc-sdk #ot-pc-content{position:relative;overflow-y:auto;overflow-x:hidden}#onetrust-pc-sdk .ot-grps-cntr,#onetrust-pc-sdk .ot-grps-cntr>*{height:100%;overflow-y:auto}#onetrust-pc-sdk .category-menu-switch-handler{cursor:pointer;border-left:10px solid transparent;background-color:#f4f4f4;border-bottom:1px solid #d7d7d7;padding-top:12px;padding-right:5px;padding-bottom:12px;padding-left:12px;overflow:hidden}#onetrust-pc-sdk .category-menu-switch-handler h3{float:left;text-align:left;margin:0;color:dimgray;line-height:1.4;font-size:.875em;word-break:break-word;word-wrap:break-word}#onetrust-pc-sdk .ot-active-menu{border-left:10px solid #68b631;background-color:#fff;border-bottom:none;position:relative}#onetrust-pc-sdk .ot-active-menu h3{color:#263238;font-weight:bold}#onetrust-pc-sdk .ot-desc-cntr{word-break:break-word;word-wrap:break-word;padding-top:20px;padding-right:16px;padding-bottom:15px}#onetrust-pc-sdk .ot-grp-desc{word-break:break-word;word-wrap:break-word;text-align:left;font-size:.813em;line-height:1.5;margin:0}#onetrust-pc-sdk .ot-grp-desc *{font-size:inherit;line-height:inherit}#onetrust-pc-sdk #ot-pc-desc a{color:#3860be;cursor:pointer;font-size:1em}#onetrust-pc-sdk #ot-pc-desc a:hover{color:#1883fd}#onetrust-pc-sdk #ot-pc-desc *{font-size:inherit}#onetrust-pc-sdk #ot-pc-desc ul li{padding:10px 0px;border-bottom:1px solid #e2e2e2}#onetrust-pc-sdk .ot-btn-subcntr{float:right}#onetrust-pc-sdk .ot-close-icon{background-image:url("data:image/svg+xml;base64,PHN2ZyB4bWxucz0iaHR0cDovL3d3dy53My5vcmcvMjAwMC9zdmciIHhtbG5zOnhsaW5rPSJodHRwOi8vd3d3LnczLm9yZy8xOTk5L3hsaW5rIiB4PSIwcHgiIHk9IjBweCIgd2lkdGg9IjQ3Ljk3MSIgaGVpZ2h0PSI0Ny45NzEiIHZpZXdCb3g9IjAgMCA0Ny45NzEgNDcuOTcxIiBzdHlsZT0iZW5hYmxlLWJhY2tncm91bmQ6bmV3IDAgMCA0Ny45NzEgNDcuOTcxOyIgeG1sOnNwYWNlPSJwcmVzZXJ2ZSI+PGc+PHBhdGggZD0iTTI4LjIyOCwyMy45ODZMNDcuMDkyLDUuMTIyYzEuMTcyLTEuMTcxLDEuMTcyLTMuMDcxLDAtNC4yNDJjLTEuMTcyLTEuMTcyLTMuMDctMS4xNzItNC4yNDIsMEwyMy45ODYsMTkuNzQ0TDUuMTIxLDAuODhjLTEuMTcyLTEuMTcyLTMuMDctMS4xNzItNC4yNDIsMGMtMS4xNzIsMS4xNzEtMS4xNzIsMy4wNzEsMCw0LjI0MmwxOC44NjUsMTguODY0TDAuODc5LDQyLjg1Yy0xLjE3MiwxLjE3MS0xLjE3MiwzLjA3MSwwLDQuMjQyQzEuNDY1LDQ3LjY3NywyLjIzMyw0Ny45NywzLDQ3Ljk3czEuNTM1LTAuMjkzLDIuMTIxLTAuODc5bDE4Ljg2NS0xOC44NjRMNDIuODUsNDcuMDkxYzAuNTg2LDAuNTg2LDEuMzU0LDAuODc5LDIuMTIxLDAuODc5czEuNTM1LTAuMjkzLDIuMTIxLTAuODc5YzEuMTcyLTEuMTcxLDEuMTcyLTMuMDcxLDAtNC4yNDJMMjguMjI4LDIzLjk4NnoiLz48L2c+PC9zdmc+");background-size:12px;background-repeat:no-repeat;background-position:center;height:44px;width:44px;display:inline-block}#onetrust-pc-sdk .ot-tgl{float:right;position:relative;z-index:1}#onetrust-pc-sdk .ot-tgl input:checked+.ot-switch .ot-switch-nob{background-color:#cddcf2}#onetrust-pc-sdk .ot-tgl input:checked+.ot-switch .ot-switch-nob:before{-webkit-transform:translateX(16px);-ms-transform:translateX(16px);transform:translateX(16px);background-color:#4285f4}#onetrust-pc-sdk .ot-tgl input:focus+.ot-switch .ot-switch-nob:before{box-shadow:0 0 1px #2196f3;outline-style:auto;outline-width:1px}#onetrust-pc-sdk .ot-switch{position:relative;display:inline-block;width:35px;height:10px;margin-bottom:0}#onetrust-pc-sdk .ot-switch-nob{position:absolute;cursor:pointer;top:0;left:0;right:0;bottom:0;background-color:#f2f1f1;border:none;transition:all .2s ease-in 0s;-moz-transition:all .2s ease-in 0s;-o-transition:all .2s ease-in 0s;-webkit-transition:all .2s ease-in 0s;border-radius:46px}#onetrust-pc-sdk .ot-switch-nob:before{position:absolute;content:"";height:20px;width:20px;bottom:1px;background-color:#7d7d7d;-webkit-transition:.4s;border-radius:100%;top:-5px;transition:.4s}#onetrust-pc-sdk .ot-chkbox{z-index:1;position:relative}#onetrust-pc-sdk .ot-chkbox input:checked~label::before{background-color:#3860be}#onetrust-pc-sdk .ot-chkbox input+label::after{content:none;color:#fff}#onetrust-pc-sdk .ot-chkbox input:checked+label::after{content:""}#onetrust-pc-sdk .ot-chkbox input:focus+label::before{outline-style:solid;outline-width:2px;outline-style:auto}#onetrust-pc-sdk .ot-chkbox label{position:relative;height:20px;padding-left:30px;display:inline-block;cursor:pointer}#onetrust-pc-sdk .ot-chkbox label::before,#onetrust-pc-sdk .ot-chkbox label::after{position:absolute;content:"";display:inline-block;border-radius:3px}#onetrust-pc-sdk .ot-chkbox label::before{height:18px;width:18px;border:1px solid #3860be;left:0px}#onetrust-pc-sdk .ot-chkbox label::after{height:5px;width:9px;border-left:3px solid;border-bottom:3px solid;transform:rotate(-45deg);-o-transform:rotate(-45deg);-ms-transform:rotate(-45deg);-webkit-transform:rotate(-45deg);left:4px;top:5px}#onetrust-pc-sdk .ot-label-txt{display:none}#onetrust-pc-sdk .ot-fltr-opt .ot-label-txt{display:block}#onetrust-pc-sdk .ot-chkbox input,#onetrust-pc-sdk .ot-tgl input{position:absolute;opacity:0;width:0;height:0}#onetrust-pc-sdk .ot-arw-cntr{float:right;position:relative;pointer-events:none}#onetrust-pc-sdk .ot-arw{width:16px;height:16px;margin-left:5px;color:dimgray;display:inline-block;vertical-align:middle;-webkit-transition:all 150ms ease-in 0s;-moz-transition:all 150ms ease-in 0s;-o-transition:all 150ms ease-in 0s;transition:all 150ms ease-in 0s}#onetrust-pc-sdk input:checked~.ot-acc-hdr .ot-arw,#onetrust-pc-sdk button[aria-expanded=true]~.ot-acc-hdr .ot-arw-cntr svg{transform:rotate(90deg);-o-transform:rotate(90deg);-ms-transform:rotate(90deg);-webkit-transform:rotate(90deg)}#onetrust-pc-sdk .ot-label-status{font-size:.75em;position:relative;top:2px;display:none;padding-right:5px;float:left}#onetrust-pc-sdk #ot-lst-cnt .ot-label-status{top:-6px}#onetrust-pc-sdk .ot-fltr-btns{margin-left:15px;overflow:hidden;margin-right:15px}#onetrust-pc-sdk .ot-fltr-btns button{padding:12px 30px}#onetrust-pc-sdk .ot-pc-footer{position:absolute;bottom:0px;width:100%;max-height:160px;border-top:1px solid #d8d8d8}#onetrust-pc-sdk .ot-pc-footer button{margin-top:20px;margin-bottom:20px;font-weight:600;font-size:.813em;min-height:40px;height:auto;line-height:normal;padding:10px 30px}#onetrust-pc-sdk .ot-tab-desc{margin-left:3%}#onetrust-pc-sdk .ot-grp-hdr1{display:inline-block;width:100%;margin-bottom:10px}#onetrust-pc-sdk .ot-desc-cntr h4{color:#263238;display:inline-block;vertical-align:middle;margin:0;font-weight:bold;font-size:.875em;line-height:1.3;max-width:70%}#onetrust-pc-sdk #ot-pvcy-hdr{margin-bottom:10px}#onetrust-pc-sdk .ot-vlst-cntr{overflow:hidden}#onetrust-pc-sdk .category-vendors-list-handler,#onetrust-pc-sdk .category-host-list-handler,#onetrust-pc-sdk .category-vendors-list-handler+a{display:block;float:left;color:#3860be;font-size:.813em;font-weight:400;line-height:1.1;cursor:pointer;margin:5px 0px}#onetrust-pc-sdk .category-vendors-list-handler:hover,#onetrust-pc-sdk .category-host-list-handler:hover,#onetrust-pc-sdk .category-vendors-list-handler+a:hover{color:#1883fd}#onetrust-pc-sdk .category-vendors-list-handler+a::after{content:"";height:17px;width:15px;background-repeat:no-repeat;margin-left:2px;margin-top:-1px;float:right;background-image:url("data:image/svg+xml,%3Csvg xmlns='http://www.w3.org/2000/svg' viewBox='0 0 511.626 511.627'%3E%3Cg fill='%231276CE'%3E%3Cpath d='M392.857 292.354h-18.274c-2.669 0-4.859.855-6.563 2.573-1.718 1.708-2.573 3.897-2.573 6.563v91.361c0 12.563-4.47 23.315-13.415 32.262-8.945 8.945-19.701 13.414-32.264 13.414H82.224c-12.562 0-23.317-4.469-32.264-13.414-8.945-8.946-13.417-19.698-13.417-32.262V155.31c0-12.562 4.471-23.313 13.417-32.259 8.947-8.947 19.702-13.418 32.264-13.418h200.994c2.669 0 4.859-.859 6.57-2.57 1.711-1.713 2.566-3.9 2.566-6.567V82.221c0-2.662-.855-4.853-2.566-6.563-1.711-1.713-3.901-2.568-6.57-2.568H82.224c-22.648 0-42.016 8.042-58.102 24.125C8.042 113.297 0 132.665 0 155.313v237.542c0 22.647 8.042 42.018 24.123 58.095 16.086 16.084 35.454 24.13 58.102 24.13h237.543c22.647 0 42.017-8.046 58.101-24.13 16.085-16.077 24.127-35.447 24.127-58.095v-91.358c0-2.669-.856-4.859-2.574-6.57-1.713-1.718-3.903-2.573-6.565-2.573z'/%3E%3Cpath d='M506.199 41.971c-3.617-3.617-7.905-5.424-12.85-5.424H347.171c-4.948 0-9.233 1.807-12.847 5.424-3.617 3.615-5.428 7.898-5.428 12.847s1.811 9.233 5.428 12.85l50.247 50.248-186.147 186.151c-1.906 1.903-2.856 4.093-2.856 6.563 0 2.479.953 4.668 2.856 6.571l32.548 32.544c1.903 1.903 4.093 2.852 6.567 2.852s4.665-.948 6.567-2.852l186.148-186.148 50.251 50.248c3.614 3.617 7.898 5.426 12.847 5.426s9.233-1.809 12.851-5.426c3.617-3.616 5.424-7.898 5.424-12.847V54.818c-.001-4.952-1.814-9.232-5.428-12.847z'/%3E%3C/g%3E%3C/svg%3E")}#onetrust-pc-sdk .category-host-list-handler,#onetrust-pc-sdk .ot-vlst-cntr,#onetrust-pc-sdk #ot-pc-desc+.category-vendors-list-handler{margin-top:8px}#onetrust-pc-sdk .ot-grp-hdr1+.ot-vlst-cntr{margin-top:0px;margin-bottom:10px}#onetrust-pc-sdk .ot-always-active-group h3.ot-cat-header,#onetrust-pc-sdk .ot-subgrp.ot-always-active-group>h4{max-width:70%}#onetrust-pc-sdk .ot-always-active-group .ot-tgl-cntr{max-width:28%}#onetrust-pc-sdk .ot-grp-desc ul,#onetrust-pc-sdk li.ot-subgrp p ul{margin:0px;margin-left:15px;padding-bottom:8px}#onetrust-pc-sdk .ot-grp-desc ul li,#onetrust-pc-sdk li.ot-subgrp p ul li{font-size:inherit;padding-top:8px;display:list-item;list-style:disc}#onetrust-pc-sdk ul.ot-subgrps{margin:0;font-size:inherit}#onetrust-pc-sdk ul.ot-subgrps li{padding:0;border:none;position:relative}#onetrust-pc-sdk ul.ot-subgrps li h4,#onetrust-pc-sdk ul.ot-subgrps li p{font-size:.82em;line-height:1.4}#onetrust-pc-sdk ul.ot-subgrps li p{color:dimgray;clear:both;float:left;margin-top:10px;margin-bottom:0;word-break:break-word;word-wrap:break-word}#onetrust-pc-sdk ul.ot-subgrps li h4{color:#263238;font-weight:bold;margin-bottom:0;float:left;position:relative;top:3px}#onetrust-pc-sdk li.ot-subgrp{margin-left:30px;display:inline-block;width:calc(100% - 30px)}#onetrust-pc-sdk .ot-subgrp-tgl{float:right}#onetrust-pc-sdk .ot-subgrp-tgl.ot-always-active-subgroup{width:auto}#onetrust-pc-sdk .ot-pc-footer-logo{height:30px;width:100%;text-align:right;background:#f4f4f4;border-radius:0 0 2px 2px}#onetrust-pc-sdk .ot-pc-footer-logo a{display:inline-block;margin-top:5px;margin-right:10px}#onetrust-pc-sdk #accept-recommended-btn-handler{float:right;text-align:center}#onetrust-pc-sdk .save-preference-btn-handler{min-width:155px;background-color:#68b631;border-radius:2px;color:#fff;font-size:.9em;line-height:1.1;text-align:center;margin-left:15px;margin-right:15px}#onetrust-pc-sdk .ot-btn-subcntr button{margin-right:16px}#onetrust-pc-sdk.ot-ftr-stacked .save-preference-btn-handler,#onetrust-pc-sdk.ot-ftr-stacked .ot-btn-subcntr{max-width:40%;white-space:normal;text-align:center}#onetrust-pc-sdk.ot-ftr-stacked .ot-btn-subcntr button{margin-left:auto;margin-right:auto;min-width:60%;max-width:90%}#onetrust-pc-sdk.ot-ftr-stacked .ot-btn-subcntr button:nth-child(2){margin-top:0}#onetrust-pc-sdk.ot-ftr-stacked #accept-recommended-btn-handler{float:none}#onetrust-pc-sdk.ot-ftr-stacked .ot-btn-container{overflow:hidden}#onetrust-pc-sdk #ot-pc-title{margin:0px;overflow:hidden;position:relative;line-height:1.2;max-height:2.4em;padding-right:1em;font-size:1.37em;text-overflow:ellipsis;white-space:nowrap;display:block;max-width:90%}#onetrust-pc-sdk #ot-pc-title.ot-pc-title-shrink{max-width:70%}#onetrust-pc-sdk #ot-pc-lst{width:100%;position:relative}#onetrust-pc-sdk #ot-pc-lst .ot-acc-hdr{padding-top:17px;padding-right:15px;padding-bottom:17px;padding-left:20px;display:inline-block;width:calc(100% - 35px);vertical-align:middle}#onetrust-pc-sdk #ot-pc-lst .ot-acc-txt{padding-top:6px;padding-right:15px;padding-bottom:10px;padding-left:20px}#onetrust-pc-sdk .ot-lst-cntr{height:100%}#onetrust-pc-sdk #ot-pc-hdr{padding-top:15px;padding-right:30px;padding-bottom:15px;padding-left:20px;display:inline-block;width:calc(100% - 50px);height:20px;border-bottom:1px solid #d8d8d8}#onetrust-pc-sdk #ot-pc-hdr input{height:32px;width:100%;border-radius:50px;font-size:.8em;padding-right:35px;padding-left:15px;float:left}#onetrust-pc-sdk #ot-pc-hdr input::placeholder{color:#d4d4d4;font-style:italic}#onetrust-pc-sdk #ot-lst-cnt{height:calc(100% - 86px);padding-left:30px;padding-right:27px;padding-top:20px;margin-top:8px;margin-right:3px;margin-bottom:4px;margin-left:0;overflow-x:hidden;overflow-y:auto;transform:translate3d(0, 0, 0)}#onetrust-pc-sdk #ot-back-arw{height:12px;width:12px}#onetrust-pc-sdk #ot-lst-title{display:inline-block;font-size:1em}#onetrust-pc-sdk #ot-lst-title span{color:dimgray;font-weight:bold;margin-left:10px}#onetrust-pc-sdk #ot-lst-title span *{font-size:inherit}#onetrust-pc-sdk .ot-lst-subhdr{float:right;position:relative;bottom:6px}#onetrust-pc-sdk #ot-search-cntr{display:inline-block;vertical-align:middle;position:relative;width:300px}#onetrust-pc-sdk #ot-search-cntr svg{position:absolute;right:0px;width:30px;height:30px;font-size:1em;line-height:1;top:2px}#onetrust-pc-sdk #ot-fltr-cntr{display:inline-block;position:relative;margin-left:20px;vertical-align:middle;font-size:0}#onetrust-pc-sdk #filter-btn-handler{background-color:#3860be;border-radius:17px;-moz-transition:.1s ease;-o-transition:.1s ease;-webkit-transition:1s ease;transition:.1s ease;width:32px;height:32px;padding:0;margin:0;position:relative}#onetrust-pc-sdk #filter-btn-handler svg{cursor:pointer;width:15px;height:15px;position:absolute;left:50%;top:50%;transform:translate(-50%, -50%);padding-top:5px}#onetrust-pc-sdk #filter-btn-handler path{fill:#fff}#onetrust-pc-sdk #ot-sel-blk{min-width:200px;min-height:30px;padding-left:20px}#onetrust-pc-sdk #ot-selall-vencntr,#onetrust-pc-sdk #ot-selall-adtlvencntr{float:left;height:100%}#onetrust-pc-sdk #ot-selall-vencntr label,#onetrust-pc-sdk #ot-selall-adtlvencntr label{height:100%;padding-left:0}#onetrust-pc-sdk #ot-selall-hostcntr{width:21px;height:21px;position:relative;left:20px}#onetrust-pc-sdk #ot-selall-vencntr.line-through label::after,#onetrust-pc-sdk #ot-selall-adtlvencntr.line-through label::after,#onetrust-pc-sdk #ot-selall-licntr.line-through label::after,#onetrust-pc-sdk #ot-selall-hostcntr.line-through label::after,#onetrust-pc-sdk #ot-selall-gnvencntr.line-through label::after{height:auto;border-left:0;left:5px;top:10.5px;transform:none;-o-transform:none;-ms-transform:none;-webkit-transform:none}#onetrust-pc-sdk .ot-ven-name,#onetrust-pc-sdk .ot-host-name{color:#2c3643;font-weight:bold;font-size:.813em;line-height:1.2;margin:0;height:auto;text-align:left;word-break:break-word;word-wrap:break-word}#onetrust-pc-sdk .ot-ven-name *,#onetrust-pc-sdk .ot-host-name *{font-size:inherit}#onetrust-pc-sdk .ot-host-desc{font-size:.69em;line-height:1.4;margin-top:5px;margin-bottom:5px;color:dimgray}#onetrust-pc-sdk .ot-host-name>a{text-decoration:underline;position:relative;z-index:2;margin-bottom:5px;font-weight:bold}#onetrust-pc-sdk .ot-host-hdr{float:left;width:calc(100% - 50px);pointer-events:none;position:relative;z-index:1}#onetrust-pc-sdk .ot-host-hdr .ot-host-name{pointer-events:none}#onetrust-pc-sdk .ot-host-hdr a{pointer-events:initial}#onetrust-pc-sdk .ot-host-hdr .ot-host-name~a{margin-top:5px;font-size:.813em;text-decoration:underline}#onetrust-pc-sdk .ot-ven-hdr{width:88%;float:right}#onetrust-pc-sdk input:focus+.ot-acc-hdr{outline:#000 solid 1px !important}#onetrust-pc-sdk #ot-selall-hostcntr input[type=checkbox],#onetrust-pc-sdk #ot-selall-vencntr input[type=checkbox],#onetrust-pc-sdk #ot-selall-adtlvencntr input[type=checkbox]{position:absolute}#onetrust-pc-sdk .ot-host-item .ot-chkbox{float:left}#onetrust-pc-sdk.ot-addtl-vendors #ot-lst-cnt:not(.ot-host-cnt) .ot-sel-all-hdr{right:38px}#onetrust-pc-sdk.ot-addtl-vendors #ot-lst-cnt:not(.ot-host-cnt) #ot-sel-blk{background-color:#f9f9fc;border:1px solid #e2e2e2;width:auto;padding-bottom:5px;padding-top:5px}#onetrust-pc-sdk.ot-addtl-vendors #ot-lst-cnt:not(.ot-host-cnt) .ot-sel-all-chkbox{right:2px;width:auto}#onetrust-pc-sdk #ot-pc-lst .ot-acc-cntr{position:relative;border-left:1px solid #e2e2e2;border-right:1px solid #e2e2e2;border-bottom:1px solid #e2e2e2}#onetrust-pc-sdk #ot-pc-lst .ot-acc-cntr input{z-index:1}#onetrust-pc-sdk #ot-pc-lst .ot-acc-cntr>.ot-acc-hdr{background:#f9f9fc;padding-top:10px;padding-bottom:10px;background-color:#f9f9fc}#onetrust-pc-sdk #ot-pc-lst .ot-acc-cntr>.ot-acc-hdr input{z-index:2}#onetrust-pc-sdk #ot-pc-lst .ot-acc-cntr>input[type=checkbox]:checked~.ot-acc-hdr{border-bottom:1px solid #e2e2e2}#onetrust-pc-sdk #ot-pc-lst .ot-acc-cntr .ot-addtl-venbox{display:none}#onetrust-pc-sdk #ot-addtl-venlst .ot-tgl-cntr{margin-right:13px}#onetrust-pc-sdk .ot-vensec-title{font-size:.813em;display:inline-block}#onetrust-pc-sdk .ot-ven-item>button:focus,#onetrust-pc-sdk .ot-host-item>button:focus,#onetrust-pc-sdk .ot-acc-cntr>button:focus{outline:#000 solid 2px}#onetrust-pc-sdk .ot-ven-item>button,#onetrust-pc-sdk .ot-host-item>button,#onetrust-pc-sdk .ot-acc-cntr>button{position:absolute;cursor:pointer;width:100%;height:100%;border:0;opacity:0;margin:0;top:0;left:0}#onetrust-pc-sdk .ot-ven-item>button~.ot-acc-hdr,#onetrust-pc-sdk .ot-host-item>button~.ot-acc-hdr,#onetrust-pc-sdk .ot-acc-cntr>button~.ot-acc-hdr{cursor:pointer}#onetrust-pc-sdk .ot-ven-item>button[aria-expanded=false]~.ot-acc-txt,#onetrust-pc-sdk .ot-host-item>button[aria-expanded=false]~.ot-acc-txt,#onetrust-pc-sdk .ot-acc-cntr>button[aria-expanded=false]~.ot-acc-txt{margin-top:0;max-height:0;opacity:0;overflow:hidden;width:100%;transition:.25s ease-out;display:none}#onetrust-pc-sdk .ot-ven-item>button[aria-expanded=true]~.ot-acc-txt,#onetrust-pc-sdk .ot-host-item>button[aria-expanded=true]~.ot-acc-txt,#onetrust-pc-sdk .ot-acc-cntr>button[aria-expanded=true]~.ot-acc-txt{transition:.1s ease-in;display:block}#onetrust-pc-sdk .ot-hide-acc>button{pointer-events:none}#onetrust-pc-sdk .ot-hide-acc .ot-arw-cntr>*{visibility:hidden}#onetrust-pc-sdk #ot-ven-lst,#onetrust-pc-sdk #ot-host-lst,#onetrust-pc-sdk #ot-addtl-venlst,#onetrust-pc-sdk #ot-gn-venlst{width:100%}#onetrust-pc-sdk #ot-ven-lst li,#onetrust-pc-sdk #ot-host-lst li,#onetrust-pc-sdk #ot-addtl-venlst li,#onetrust-pc-sdk #ot-gn-venlst li{border:1px solid #d7d7d7;border-radius:2px;position:relative;margin-top:10px}#onetrust-pc-sdk #ot-gn-venlst li.ot-host-info{padding:.5rem;overflow-y:hidden}#onetrust-pc-sdk #ot-ven-lst .ot-tgl-cntr{width:65%}#onetrust-pc-sdk #ot-host-lst .ot-tgl-cntr{width:65%;float:left}#onetrust-pc-sdk label{margin-bottom:0}#onetrust-pc-sdk .ot-host-notice{float:right}#onetrust-pc-sdk .ot-ven-link,#onetrust-pc-sdk .ot-host-expand{color:dimgray;font-size:.75em;line-height:.9;display:inline-block}#onetrust-pc-sdk .ot-ven-link *,#onetrust-pc-sdk .ot-host-expand *{font-size:inherit}#onetrust-pc-sdk .ot-ven-link{position:relative;z-index:2}#onetrust-pc-sdk .ot-ven-link:hover{text-decoration:underline}#onetrust-pc-sdk .ot-ven-dets{border-radius:2px;background-color:#f8f8f8}#onetrust-pc-sdk .ot-ven-dets div:first-child p:first-child{border-top:none}#onetrust-pc-sdk .ot-ven-dets .ot-ven-disc:not(:first-child){border-top:1px solid #e9e9e9}#onetrust-pc-sdk .ot-ven-dets .ot-ven-disc:nth-child(n+3) p{display:inline-block}#onetrust-pc-sdk .ot-ven-dets .ot-ven-disc:nth-child(n+3) p:nth-of-type(odd){width:30%}#onetrust-pc-sdk .ot-ven-dets .ot-ven-disc:nth-child(n+3) p:nth-of-type(even){width:50%;word-break:break-word;word-wrap:break-word}#onetrust-pc-sdk .ot-ven-dets .ot-ven-disc p{padding-top:5px;padding-bottom:5px;display:block}#onetrust-pc-sdk .ot-ven-dets p{font-size:.69em;text-align:left;vertical-align:middle;word-break:break-word;word-wrap:break-word;margin:0;padding-bottom:10px;padding-left:15px;color:#2e3644}#onetrust-pc-sdk .ot-ven-dets p:first-child{padding-top:5px}#onetrust-pc-sdk .ot-ven-dets .ot-ven-pur p:first-child{border-top:1px solid #e9e9e9;border-bottom:1px solid #e9e9e9;padding-bottom:5px;margin-bottom:5px;font-weight:bold}#onetrust-pc-sdk .ot-host-opt{display:inline-block;width:100%;margin:0;font-size:inherit}#onetrust-pc-sdk .ot-host-opt li>div div{font-size:.81em;padding:5px 0}#onetrust-pc-sdk .ot-host-opt li>div div:nth-child(1){width:30%;float:left}#onetrust-pc-sdk .ot-host-opt li>div div:nth-child(2){width:70%;float:left;word-break:break-word;word-wrap:break-word}#onetrust-pc-sdk #ot-host-lst li.ot-host-info{border:none;font-size:.8em;color:dimgray;float:left;text-align:left;padding:10px;margin-bottom:10px;width:calc(100% - 10px);background-color:#f8f8f8}#onetrust-pc-sdk #ot-host-lst li.ot-host-info a{color:dimgray}#onetrust-pc-sdk #ot-host-lst li.ot-host-info>div{overflow:auto}#onetrust-pc-sdk #no-results{text-align:center;margin-top:30px}#onetrust-pc-sdk #no-results p{font-size:1em;color:#2e3644;word-break:break-word;word-wrap:break-word}#onetrust-pc-sdk #no-results p span{font-weight:bold}#onetrust-pc-sdk .ot-tgl-cntr{display:inline-block;vertical-align:middle}#onetrust-pc-sdk .ot-arw-cntr,#onetrust-pc-sdk .ot-tgl-cntr{float:right}#onetrust-pc-sdk .ot-desc-cntr{padding-top:0px;margin-top:20px;padding-right:0px;border-radius:3px;overflow:hidden;padding-bottom:10px}#onetrust-pc-sdk .ot-desc-cntr:focus,#onetrust-pc-sdk .ot-desc-cntr:active,#onetrust-pc-sdk .ot-desc-cntr:focus-visible{outline:2px solid #101010;border-radius:2px}#onetrust-pc-sdk .ot-leg-border-color{border:1px solid #e9e9e9}#onetrust-pc-sdk .ot-leg-border-color .ot-subgrp-cntr{border-top:1px solid #e9e9e9;padding-bottom:10px}#onetrust-pc-sdk .ot-category-desc{padding-bottom:10px}#onetrust-pc-sdk .ot-grp-hdr1{padding-left:10px;width:calc(100% - 20px);padding-top:10px;margin-bottom:0px;padding-bottom:8px}#onetrust-pc-sdk .ot-subgrp-cntr{padding-top:10px}#onetrust-pc-sdk .ot-desc-cntr>*:not(.ot-grp-hdr1){padding-left:10px;padding-right:10px}#onetrust-pc-sdk .ot-pli-hdr{overflow:hidden;padding-top:7.5px;padding-bottom:7.5px;background-color:#f8f8f8;border:none;border-bottom:1px solid #e9e9e9}#onetrust-pc-sdk .ot-pli-hdr span:first-child{text-align:left;max-width:80px;padding-right:5px}#onetrust-pc-sdk .ot-pli-hdr span:last-child{padding-right:20px;text-align:center}#onetrust-pc-sdk .ot-li-title{float:right;font-size:.813em}#onetrust-pc-sdk .ot-desc-cntr .ot-tgl-cntr:first-of-type,#onetrust-pc-sdk .ot-cat-header+.ot-tgl{padding-left:55px;padding-right:7px}#onetrust-pc-sdk .ot-always-active-group .ot-grp-hdr1 .ot-tgl-cntr:first-of-type{padding-left:0px}#onetrust-pc-sdk .ot-cat-header,#onetrust-pc-sdk .ot-subgrp h4{max-width:calc(100% - 133px)}#onetrust-pc-sdk #ot-lst-cnt #ot-sel-blk{width:100%;display:inline-block;padding:0}#onetrust-pc-sdk .ot-sel-all{display:inline-block;width:100%}#onetrust-pc-sdk .ot-sel-all-hdr,#onetrust-pc-sdk .ot-sel-all-chkbox{width:100%;float:right;position:relative}#onetrust-pc-sdk .ot-sel-all-chkbox{z-index:1}#onetrust-pc-sdk :not(.ot-hosts-ui) .ot-sel-all-hdr,#onetrust-pc-sdk :not(.ot-hosts-ui) .ot-sel-all-chkbox{right:23px;width:calc(100% - 23px)}#onetrust-pc-sdk .ot-consent-hdr,#onetrust-pc-sdk .ot-li-hdr{float:right;font-size:.813em;position:relative;line-height:normal;text-align:center;word-break:break-word;word-wrap:break-word}#onetrust-pc-sdk .ot-hosts-ui .ot-consent-hdr{float:left;position:relative;left:5px}#onetrust-pc-sdk .ot-li-hdr{max-width:100px;margin-right:10px}#onetrust-pc-sdk .ot-consent-hdr{max-width:55px}#onetrust-pc-sdk .ot-ven-ctgl{margin-left:10px}#onetrust-pc-sdk .ot-ven-litgl{margin-right:55px}#onetrust-pc-sdk .ot-ven-litgl.ot-ven-litgl-only{margin-right:86px}#onetrust-pc-sdk .ot-ven-ctgl,#onetrust-pc-sdk .ot-ven-litgl,#onetrust-pc-sdk .ot-ven-gvctgl{float:left}#onetrust-pc-sdk .ot-ven-ctgl label,#onetrust-pc-sdk .ot-ven-litgl label,#onetrust-pc-sdk .ot-ven-gvctgl label{width:22px;padding:0}#onetrust-pc-sdk #ot-selall-licntr{display:block;width:21px;height:21px;position:relative;float:right;right:80px}#onetrust-pc-sdk #ot-selall-licntr input{position:absolute}#onetrust-pc-sdk #ot-selall-vencntr,#onetrust-pc-sdk #ot-selall-adtlvencntr,#onetrust-pc-sdk #ot-selall-gnvencntr{float:right;width:21px;height:21px;position:relative;right:15px}#onetrust-pc-sdk #ot-ven-lst .ot-tgl-cntr{float:right;width:auto}#onetrust-pc-sdk .ot-ven-hdr{float:left;width:60%}#onetrust-pc-sdk #vdr-lst-dsc{font-size:.812em;line-height:1.5;padding:10px 15px 5px 15px}#onetrust-pc-sdk #ot-anchor{border:12px solid transparent;display:none;position:absolute;z-index:2147483647;top:40px;right:35px;transform:rotate(45deg);-o-transform:rotate(45deg);-ms-transform:rotate(45deg);-webkit-transform:rotate(45deg);background-color:#fff;-webkit-box-shadow:-3px -3px 5px -2px #c7c5c7;-moz-box-shadow:-3px -3px 5px -2px #c7c5c7;box-shadow:-3px -3px 5px -2px #c7c5c7}#onetrust-pc-sdk #ot-fltr-modal{width:300px;position:absolute;z-index:2147483646;top:46px;height:90%;max-height:350px;display:none;-moz-transition:.2s ease;-o-transition:.2s ease;-webkit-transition:2s ease;transition:.2s ease;opacity:1;right:0}#onetrust-pc-sdk #ot-fltr-modal button{max-width:200px;line-height:1;word-break:break-word;white-space:normal;height:auto;font-weight:bold}#onetrust-pc-sdk #ot-fltr-cnt{background-color:#fff;margin:5px;border-radius:3px;height:100%;margin-right:10px;padding-right:10px;-webkit-box-shadow:0px 0px 12px 2px #c7c5c7;-moz-box-shadow:0px 0px 12px 2px #c7c5c7;box-shadow:0px 0px 12px 2px #c7c5c7}#onetrust-pc-sdk .ot-fltr-scrlcnt{overflow-y:auto;overflow-x:hidden;clear:both;max-height:calc(100% - 60px)}#onetrust-pc-sdk .ot-fltr-opt{margin-bottom:25px;margin-left:15px;clear:both}#onetrust-pc-sdk .ot-fltr-opt label{height:auto}#onetrust-pc-sdk .ot-fltr-opt span{cursor:pointer;color:dimgray;font-size:.8em;line-height:1.1;font-weight:normal}#onetrust-pc-sdk #clear-filters-handler{float:right;margin-top:15px;margin-bottom:10px;text-decoration:none;color:#3860be;font-size:.9em;border:none;padding:1px}#onetrust-pc-sdk #clear-filters-handler:hover{color:#1883fd}#onetrust-pc-sdk #clear-filters-handler:focus{outline:#000 solid 1px}#onetrust-pc-sdk #filter-apply-handler{margin-right:10px}#onetrust-pc-sdk .ot-grp-desc+.ot-leg-btn-container{margin-top:0}#onetrust-pc-sdk .ot-leg-btn-container{display:inline-block;width:100%;margin-top:10px}#onetrust-pc-sdk .ot-leg-btn-container button{height:auto;padding:6.5px 8px;margin-bottom:0;line-height:normal;letter-spacing:0}#onetrust-pc-sdk .ot-leg-btn-container svg{display:none;height:14px;width:14px;padding-right:5px;vertical-align:sub}#onetrust-pc-sdk .ot-active-leg-btn{cursor:default;pointer-events:none}#onetrust-pc-sdk .ot-active-leg-btn svg{display:inline-block}#onetrust-pc-sdk .ot-remove-objection-handler{border:none;text-decoration:underline;padding:0;font-size:.82em;font-weight:600;line-height:1.4;padding-left:10px}#onetrust-pc-sdk .ot-obj-leg-btn-handler span{font-weight:bold;text-align:center;font-size:.91em;line-height:1.5}#onetrust-pc-sdk.ot-close-btn-link #close-pc-btn-handler{border:none;height:auto;line-height:1.5;text-decoration:underline;font-size:.69em;background:none;width:auto}#onetrust-pc-sdk.ot-close-btn-link .ot-close-cntr{right:5px;top:5px;transform:none}#onetrust-pc-sdk .ot-grps-cntr{overflow-y:hidden}#onetrust-pc-sdk.otPcTab[dir=rtl] input~.ot-acc-hdr .ot-arw,#onetrust-pc-sdk.otPcTab[dir=rtl] #ot-back-arw{transform:rotate(180deg);-o-transform:rotate(180deg);-ms-transform:rotate(180deg);-webkit-transform:rotate(180deg)}#onetrust-pc-sdk.otPcTab[dir=rtl] input:checked~.ot-acc-hdr .ot-arw{transform:rotate(270deg);-o-transform:rotate(270deg);-ms-transform:rotate(270deg);-webkit-transform:rotate(270deg)}#onetrust-pc-sdk.otPcTab[dir=rtl] #ot-search-cntr svg{right:15px}#onetrust-pc-sdk.otPcTab[dir=rtl] .ot-chkbox label::after{transform:rotate(45deg);-webkit-transform:rotate(45deg);-o-transform:rotate(45deg);-ms-transform:rotate(45deg);border-left:0;border-right:3px solid}#onetrust-pc-sdk #close-pc-btn-handler.ot-close-icon{padding:0;background-color:transparent;border:none;margin:0}@media(max-width: 767px){#onetrust-pc-sdk{width:100%;border:none}#onetrust-pc-sdk .ot-sdk-container,#onetrust-pc-sdk .ot-sdk-container{padding:0;margin:0}#onetrust-pc-sdk #ot-pc-title{margin-left:10px;max-width:60%}#onetrust-pc-sdk .ot-desc-cntr{margin:0;padding-top:20px;padding-right:20px;padding-bottom:15px;padding-left:20px;position:relative;left:auto}#onetrust-pc-sdk .ot-desc-cntr{margin-top:20px;margin-left:20px;padding:0;padding-bottom:10px}#onetrust-pc-sdk .ot-grps-cntr{max-height:none;overflow:hidden}#onetrust-pc-sdk #accept-recommended-btn-handler{float:none}}@media(min-width: 768px){#onetrust-pc-sdk.ot-tgl-with-label .ot-label-status{display:inline}#onetrust-pc-sdk.ot-tgl-with-label #ot-pc-lst .ot-label-status{display:none}#onetrust-pc-sdk.ot-tgl-with-label.ot-leg-opt-out .ot-pli-hdr{padding-right:8%}#onetrust-pc-sdk.ot-tgl-with-label .ot-cat-header{max-width:60%}#onetrust-pc-sdk.ot-tgl-with-label .ot-subgrp h4{max-width:58%}#onetrust-pc-sdk.ot-tgl-with-label .ot-desc-cntr .ot-tgl-cntr:first-of-type,#onetrust-pc-sdk.ot-tgl-with-label .ot-cat-header+.ot-tgl{padding-left:15px}}@media(max-width: 640px){#onetrust-pc-sdk{height:100%}#onetrust-pc-sdk .ot-pc-header{padding:10px;width:calc(100% - 20px)}#onetrust-pc-sdk #ot-pc-content{overflow:auto}#onetrust-pc-sdk .ot-sdk-row .ot-sdk-columns{width:100%}#onetrust-pc-sdk .ot-desc-cntr{margin:0;overflow:hidden}#onetrust-pc-sdk .ot-desc-cntr{margin-left:10px;width:calc(100% - 15px);margin-top:5px;margin-bottom:5px}#onetrust-pc-sdk .ot-ven-hdr{max-width:80%}#onetrust-pc-sdk #ot-lst-cnt{width:calc(100% - 18px);padding-top:13px;padding-right:5px;padding-left:10px}#onetrust-pc-sdk .ot-grps-cntr{width:100%}#onetrust-pc-sdk .ot-pc-footer{max-height:300px}#onetrust-pc-sdk #ot-pc-content,#onetrust-pc-sdk #ot-pc-lst{height:calc(100% - 322px)}#onetrust-pc-sdk.ot-close-btn-link #close-pc-btn-handler{position:fixed;top:10px;right:15px}#onetrust-pc-sdk.ot-close-btn-link .ot-pc-header{padding-top:25px}#onetrust-pc-sdk.ot-close-btn-link #ot-pc-title{max-width:100%}}@media(max-width: 640px)and (orientation: portrait){#onetrust-pc-sdk #ot-pc-hdr{height:70px;padding:15px 0;width:100%}#onetrust-pc-sdk .ot-lst-subhdr{width:calc(100% - 15px);float:none;bottom:auto;display:inline-block;padding-top:8px;padding-left:15px}#onetrust-pc-sdk .ot-btn-subcntr{float:none}#onetrust-pc-sdk #ot-search-cntr{display:inline-block;width:calc(100% - 55px);position:relative}#onetrust-pc-sdk #ot-anchor{top:75px;right:30px}#onetrust-pc-sdk #ot-fltr-modal{top:81px}#onetrust-pc-sdk #ot-fltr-cntr{float:right;right:15px}#onetrust-pc-sdk #ot-lst-title{padding-left:15px}#onetrust-pc-sdk .ot-lst-cntr{overflow-y:scroll}#onetrust-pc-sdk #ot-lst-cnt{height:auto;overflow:hidden}#onetrust-pc-sdk .save-preference-btn-handler,#onetrust-pc-sdk #accept-recommended-btn-handler,#onetrust-pc-sdk .ot-pc-refuse-all-handler{width:calc(100% - 33px)}#onetrust-pc-sdk.ot-ftr-stacked .save-preference-btn-handler,#onetrust-pc-sdk.ot-ftr-stacked .ot-btn-subcntr{max-width:none}#onetrust-pc-sdk.ot-ftr-stacked .ot-pc-footer button{margin:15px}#onetrust-pc-sdk.ot-ftr-stacked .ot-btn-subcntr button{min-width:none;max-width:none}#onetrust-pc-sdk.ot-ftr-stacked .ot-btn-subcntr button:nth-child(2){margin-top:15px}#onetrust-pc-sdk.ot-ftr-stacked .ot-btn-container button:not(:last-child){margin-bottom:0}}@media(max-width: 425px){#onetrust-pc-sdk #ot-pc-lst .ot-acc-txt{padding-top:6px;padding-bottom:10px}#onetrust-pc-sdk #ot-pc-lst .ot-host-notice{float:left;margin-left:30px}#onetrust-pc-sdk #ot-pc-lst .ot-arw-cntr{float:none;display:inline}#onetrust-pc-sdk #ot-pc-lst .ot-ven-hdr{float:left;width:100%;max-width:85%}#onetrust-pc-sdk.ot-addtl-vendors #ot-pc-lst .ot-acc-cntr .ot-arw-cntr:first-of-type{float:right}#onetrust-pc-sdk #ot-pc-title{max-width:100%}#onetrust-pc-sdk .ot-subgrp-cntr li.ot-subgrp{margin-left:10px;width:calc(100% - 10px)}#onetrust-pc-sdk #ot-ven-lst .ot-tgl-cntr{width:auto;float:right}#onetrust-pc-sdk #ot-ven-lst .ot-arw-cntr{float:right}#onetrust-pc-sdk .ot-ven-hdr{max-width:47%}#onetrust-pc-sdk .ot-always-active-group .ot-tgl-cntr:first-of-type{max-width:none;padding-left:20px}}@media only screen and (max-height: 425px)and (max-width: 896px)and (orientation: landscape){#onetrust-pc-sdk{height:100%;width:100%;max-width:none}#onetrust-pc-sdk .ot-always-active-group .ot-tgl-cntr{max-width:none}#onetrust-pc-sdk .ot-pc-header{padding:10px;width:calc(100% - 20px)}#onetrust-pc-sdk .ot-lst-cntr{overflow-y:scroll}#onetrust-pc-sdk #ot-lst-cnt{height:auto;overflow:hidden}#onetrust-pc-sdk #accept-recommended-btn-handler{float:right}#onetrust-pc-sdk .save-preference-btn-handler,#onetrust-pc-sdk #accept-recommended-btn-handler,#onetrust-pc-sdk .ot-pc-refuse-all-handler{width:auto}#onetrust-pc-sdk #ot-pc-content,#onetrust-pc-sdk #ot-pc-lst{height:calc(100% - 155px)}#onetrust-pc-sdk.ot-shw-fltr .ot-lst-cntr{overflow:hidden}#onetrust-pc-sdk.ot-shw-fltr #ot-pc-lst{position:static}#onetrust-pc-sdk.ot-shw-fltr #ot-fltr-modal{top:0;width:100%;height:100%;max-height:none}#onetrust-pc-sdk.ot-shw-fltr #ot-fltr-modal>div{margin:0;box-sizing:initial;height:100%;max-height:none}#onetrust-pc-sdk.ot-shw-fltr #clear-filters-handler{padding-right:20px}#onetrust-pc-sdk.ot-shw-fltr #ot-anchor{display:none !important}#onetrust-pc-sdk .ot-pc-footer button{margin:10px}}@media(max-width: 425px),(max-width: 896px)and (max-height: 425px)and (orientation: landscape){#onetrust-pc-sdk .ot-pc-header{padding-right:20px}#onetrust-pc-sdk .ot-pc-logo{margin-left:0px;margin-top:5px;width:150px}#onetrust-pc-sdk .ot-close-icon{width:44px;height:44px;background-size:12px}#onetrust-pc-sdk .ot-grp-hdr1{float:right;margin-left:10px;width:auto}#onetrust-pc-sdk .ot-grp-hdr1{margin-left:0px;padding-right:10px}#onetrust-pc-sdk #ot-pvcy-hdr,#onetrust-pc-sdk .ot-grp-hdr1 .ot-cat-header{display:none}#onetrust-pc-sdk .ot-grp-hdr1+.ot-vlst-cntr{padding-top:10px}}@media only screen and (max-height: 610px){#onetrust-pc-sdk{max-height:100%}}
            #onetrust-consent-sdk #onetrust-pc-sdk,
                #onetrust-consent-sdk #ot-search-cntr,
                #onetrust-consent-sdk #onetrust-pc-sdk .ot-switch.ot-toggle,
                #onetrust-consent-sdk #onetrust-pc-sdk ot-grp-hdr1 .checkbox,
                #onetrust-consent-sdk #onetrust-pc-sdk #ot-pc-title:after
                ,#onetrust-consent-sdk #onetrust-pc-sdk #ot-sel-blk,
                        #onetrust-consent-sdk #onetrust-pc-sdk #ot-fltr-cnt,
                        #onetrust-consent-sdk #onetrust-pc-sdk #ot-anchor {
                    background-color: #FFFFFF;
                }
               
            #onetrust-consent-sdk #onetrust-pc-sdk h3,
                #onetrust-consent-sdk #onetrust-pc-sdk h4,
                #onetrust-consent-sdk #onetrust-pc-sdk h5,
                #onetrust-consent-sdk #onetrust-pc-sdk h6,
                #onetrust-consent-sdk #onetrust-pc-sdk p,
                #onetrust-consent-sdk #onetrust-pc-sdk #ot-ven-lst .ot-ven-opts p,
                #onetrust-consent-sdk #onetrust-pc-sdk #ot-pc-desc,
                #onetrust-consent-sdk #onetrust-pc-sdk #ot-pc-title,
                #onetrust-consent-sdk #onetrust-pc-sdk .ot-li-title,
                #onetrust-consent-sdk #onetrust-pc-sdk .ot-sel-all-hdr span,
                #onetrust-consent-sdk #onetrust-pc-sdk #ot-host-lst .ot-host-info,
                #onetrust-consent-sdk #onetrust-pc-sdk #ot-fltr-modal #modal-header,
                #onetrust-consent-sdk #onetrust-pc-sdk .ot-checkbox label span,
                #onetrust-consent-sdk #onetrust-pc-sdk #ot-pc-lst #ot-sel-blk p,
                #onetrust-consent-sdk #onetrust-pc-sdk #ot-pc-lst #ot-lst-title span,
                #onetrust-consent-sdk #onetrust-pc-sdk #ot-pc-lst .back-btn-handler p,
                #onetrust-consent-sdk #onetrust-pc-sdk #ot-pc-lst .ot-ven-name,
                #onetrust-consent-sdk #onetrust-pc-sdk #ot-pc-lst #ot-ven-lst .consent-category,
                #onetrust-consent-sdk #onetrust-pc-sdk .ot-leg-btn-container .ot-inactive-leg-btn,
                #onetrust-consent-sdk #onetrust-pc-sdk .ot-label-status,
                #onetrust-consent-sdk #onetrust-pc-sdk .ot-chkbox label span,
                #onetrust-consent-sdk #onetrust-pc-sdk #clear-filters-handler 
                {
                    color: #696969;
                }
             #onetrust-consent-sdk #onetrust-pc-sdk .privacy-notice-link,
                    #onetrust-consent-sdk #onetrust-pc-sdk .category-vendors-list-handler,
                    #onetrust-consent-sdk #onetrust-pc-sdk .category-vendors-list-handler + a,
                    #onetrust-consent-sdk #onetrust-pc-sdk .category-host-list-handler,
                    #onetrust-consent-sdk #onetrust-pc-sdk .ot-ven-link,
                    #onetrust-consent-sdk #onetrust-pc-sdk #ot-host-lst .ot-host-name a,
                    #onetrust-consent-sdk #onetrust-pc-sdk #ot-host-lst .ot-acc-hdr .ot-host-expand,
                    #onetrust-consent-sdk #onetrust-pc-sdk #ot-host-lst .ot-host-info a
                    {
                        color: #3860BE;
                    }
            #onetrust-consent-sdk #onetrust-pc-sdk .category-vendors-list-handler:hover { opacity: .7;}
            #onetrust-consent-sdk #onetrust-pc-sdk .ot-acc-grpcntr.ot-acc-txt,
            #onetrust-consent-sdk #onetrust-pc-sdk .ot-acc-txt .ot-subgrp-tgl .ot-switch.ot-toggle
             {
                background-color: #F8F8F8;
            }
             #onetrust-consent-sdk #onetrust-pc-sdk #ot-host-lst .ot-host-info,
                    #onetrust-consent-sdk #onetrust-pc-sdk .ot-acc-txt .ot-ven-dets
                            {
                                background-color: #F8F8F8;
                            }
        #onetrust-consent-sdk #onetrust-pc-sdk 
            button:not(#clear-filters-handler):not(.ot-close-icon):not(#filter-btn-handler):not(.ot-remove-objection-handler):not(.ot-obj-leg-btn-handler):not([aria-expanded]):not(.ot-link-btn),
            #onetrust-consent-sdk #onetrust-pc-sdk .ot-leg-btn-container .ot-active-leg-btn {
                background-color: #01893f;border-color: #01893f;
                color: #FFFFFF;
            }
            #onetrust-consent-sdk #onetrust-pc-sdk .ot-active-menu {
                border-color: #01893f;
            }
            
            #onetrust-consent-sdk #onetrust-pc-sdk .ot-leg-btn-container .ot-remove-objection-handler{
                background-color: transparent;
                border: 1px solid transparent;
            }
            #onetrust-consent-sdk #onetrust-pc-sdk .ot-leg-btn-container .ot-inactive-leg-btn {
                background-color: #FFFFFF;
                color: #78808E; border-color: #78808E;
            }
            
            #onetrust-consent-sdk #onetrust-pc-sdk .ot-tgl input:focus + .ot-switch, .ot-switch .ot-switch-nob, .ot-switch .ot-switch-nob:before,
            #onetrust-pc-sdk .ot-checkbox input[type="checkbox"]:focus + label::before,
            #onetrust-pc-sdk .ot-chkbox input[type="checkbox"]:focus + label::before {
                outline-color: #000000;
                outline-width: 1px;
            }
            #onetrust-pc-sdk .ot-host-item > button:focus, #onetrust-pc-sdk .ot-ven-item > button:focus {
                border: 1px solid #000000;
            }
            #onetrust-consent-sdk #onetrust-pc-sdk *:focus,
            #onetrust-consent-sdk #onetrust-pc-sdk .ot-vlst-cntr > a:focus {
               outline: 1px solid #000000;
            }#onetrust-consent-sdk #onetrust-pc-sdk .category-menu-switch-handler {
                    background-color: #F4F4F4
                }#onetrust-consent-sdk #onetrust-pc-sdk .ot-active-menu {
                    background-color: #FFFFFF
                }.ot-sdk-cookie-policy{font-family:inherit;font-size:16px}.ot-sdk-cookie-policy.otRelFont{font-size:1rem}.ot-sdk-cookie-policy h3,.ot-sdk-cookie-policy h4,.ot-sdk-cookie-policy h6,.ot-sdk-cookie-policy p,.ot-sdk-cookie-policy li,.ot-sdk-cookie-policy a,.ot-sdk-cookie-policy th,.ot-sdk-cookie-policy #cookie-policy-description,.ot-sdk-cookie-policy .ot-sdk-cookie-policy-group,.ot-sdk-cookie-policy #cookie-policy-title{color:dimgray}.ot-sdk-cookie-policy #cookie-policy-description{margin-bottom:1em}.ot-sdk-cookie-policy h4{font-size:1.2em}.ot-sdk-cookie-policy h6{font-size:1em;margin-top:2em}.ot-sdk-cookie-policy th{min-width:75px}.ot-sdk-cookie-policy a,.ot-sdk-cookie-policy a:hover{background:#fff}.ot-sdk-cookie-policy thead{background-color:#f6f6f4;font-weight:bold}.ot-sdk-cookie-policy .ot-mobile-border{display:none}.ot-sdk-cookie-policy section{margin-bottom:2em}.ot-sdk-cookie-policy table{border-collapse:inherit}#ot-sdk-cookie-policy-v2.ot-sdk-cookie-policy{font-family:inherit;font-size:1rem}#ot-sdk-cookie-policy-v2.ot-sdk-cookie-policy h3,#ot-sdk-cookie-policy-v2.ot-sdk-cookie-policy h4,#ot-sdk-cookie-policy-v2.ot-sdk-cookie-policy h6,#ot-sdk-cookie-policy-v2.ot-sdk-cookie-policy p,#ot-sdk-cookie-policy-v2.ot-sdk-cookie-policy li,#ot-sdk-cookie-policy-v2.ot-sdk-cookie-policy a,#ot-sdk-cookie-policy-v2.ot-sdk-cookie-policy th,#ot-sdk-cookie-policy-v2.ot-sdk-cookie-policy #cookie-policy-description,#ot-sdk-cookie-policy-v2.ot-sdk-cookie-policy .ot-sdk-cookie-policy-group,#ot-sdk-cookie-policy-v2.ot-sdk-cookie-policy #cookie-policy-title{color:dimgray}#ot-sdk-cookie-policy-v2.ot-sdk-cookie-policy #cookie-policy-description{margin-bottom:1em}#ot-sdk-cookie-policy-v2.ot-sdk-cookie-policy .ot-sdk-subgroup{margin-left:1.5em}#ot-sdk-cookie-policy-v2.ot-sdk-cookie-policy #cookie-policy-description,#ot-sdk-cookie-policy-v2.ot-sdk-cookie-policy .ot-sdk-cookie-policy-group-desc,#ot-sdk-cookie-policy-v2.ot-sdk-cookie-policy .ot-table-header,#ot-sdk-cookie-policy-v2.ot-sdk-cookie-policy a,#ot-sdk-cookie-policy-v2.ot-sdk-cookie-policy span,#ot-sdk-cookie-policy-v2.ot-sdk-cookie-policy td{font-size:.9em}#ot-sdk-cookie-policy-v2.ot-sdk-cookie-policy td span,#ot-sdk-cookie-policy-v2.ot-sdk-cookie-policy td a{font-size:inherit}#ot-sdk-cookie-policy-v2.ot-sdk-cookie-policy .ot-sdk-cookie-policy-group{font-size:1em;margin-bottom:.6em}#ot-sdk-cookie-policy-v2.ot-sdk-cookie-policy .ot-sdk-cookie-policy-title{margin-bottom:1.2em}#ot-sdk-cookie-policy-v2.ot-sdk-cookie-policy>section{margin-bottom:1em}#ot-sdk-cookie-policy-v2.ot-sdk-cookie-policy th{min-width:75px}#ot-sdk-cookie-policy-v2.ot-sdk-cookie-policy a,#ot-sdk-cookie-policy-v2.ot-sdk-cookie-policy a:hover{background:#fff}#ot-sdk-cookie-policy-v2.ot-sdk-cookie-policy thead{background-color:#f6f6f4;font-weight:bold}#ot-sdk-cookie-policy-v2.ot-sdk-cookie-policy .ot-mobile-border{display:none}#ot-sdk-cookie-policy-v2.ot-sdk-cookie-policy section{margin-bottom:2em}#ot-sdk-cookie-policy-v2.ot-sdk-cookie-policy .ot-sdk-subgroup ul li{list-style:disc;margin-left:1.5em}#ot-sdk-cookie-policy-v2.ot-sdk-cookie-policy .ot-sdk-subgroup ul li h4{display:inline-block}#ot-sdk-cookie-policy-v2.ot-sdk-cookie-policy table{border-collapse:inherit;margin:auto;border:1px solid #d7d7d7;border-radius:5px;border-spacing:initial;width:100%;overflow:hidden}#ot-sdk-cookie-policy-v2.ot-sdk-cookie-policy table th,#ot-sdk-cookie-policy-v2.ot-sdk-cookie-policy table td{border-bottom:1px solid #d7d7d7;border-right:1px solid #d7d7d7}#ot-sdk-cookie-policy-v2.ot-sdk-cookie-policy table tr:last-child td{border-bottom:0px}#ot-sdk-cookie-policy-v2.ot-sdk-cookie-policy table tr th:last-child,#ot-sdk-cookie-policy-v2.ot-sdk-cookie-policy table tr td:last-child{border-right:0px}#ot-sdk-cookie-policy-v2.ot-sdk-cookie-policy table .ot-host,#ot-sdk-cookie-policy-v2.ot-sdk-cookie-policy table .ot-cookies-type{width:25%}.ot-sdk-cookie-policy[dir=rtl]{text-align:left}#ot-sdk-cookie-policy h3{font-size:1.5em}@media only screen and (max-width: 530px){.ot-sdk-cookie-policy:not(#ot-sdk-cookie-policy-v2) table,.ot-sdk-cookie-policy:not(#ot-sdk-cookie-policy-v2) thead,.ot-sdk-cookie-policy:not(#ot-sdk-cookie-policy-v2) tbody,.ot-sdk-cookie-policy:not(#ot-sdk-cookie-policy-v2) th,.ot-sdk-cookie-policy:not(#ot-sdk-cookie-policy-v2) td,.ot-sdk-cookie-policy:not(#ot-sdk-cookie-policy-v2) tr{display:block}.ot-sdk-cookie-policy:not(#ot-sdk-cookie-policy-v2) thead tr{position:absolute;top:-9999px;left:-9999px}.ot-sdk-cookie-policy:not(#ot-sdk-cookie-policy-v2) tr{margin:0 0 1em 0}.ot-sdk-cookie-policy:not(#ot-sdk-cookie-policy-v2) tr:nth-child(odd),.ot-sdk-cookie-policy:not(#ot-sdk-cookie-policy-v2) tr:nth-child(odd) a{background:#f6f6f4}.ot-sdk-cookie-policy:not(#ot-sdk-cookie-policy-v2) td{border:none;border-bottom:1px solid #eee;position:relative;padding-left:50%}.ot-sdk-cookie-policy:not(#ot-sdk-cookie-policy-v2) td:before{position:absolute;height:100%;left:6px;width:40%;padding-right:10px}.ot-sdk-cookie-policy:not(#ot-sdk-cookie-policy-v2) .ot-mobile-border{display:inline-block;background-color:#e4e4e4;position:absolute;height:100%;top:0;left:45%;width:2px}.ot-sdk-cookie-policy:not(#ot-sdk-cookie-policy-v2) td:before{content:attr(data-label);font-weight:bold}.ot-sdk-cookie-policy:not(#ot-sdk-cookie-policy-v2) li{word-break:break-word;word-wrap:break-word}#ot-sdk-cookie-policy-v2.ot-sdk-cookie-policy table{overflow:hidden}#ot-sdk-cookie-policy-v2.ot-sdk-cookie-policy table td{border:none;border-bottom:1px solid #d7d7d7}#ot-sdk-cookie-policy-v2.ot-sdk-cookie-policy table,#ot-sdk-cookie-policy-v2.ot-sdk-cookie-policy thead,#ot-sdk-cookie-policy-v2.ot-sdk-cookie-policy tbody,#ot-sdk-cookie-policy-v2.ot-sdk-cookie-policy th,#ot-sdk-cookie-policy-v2.ot-sdk-cookie-policy td,#ot-sdk-cookie-policy-v2.ot-sdk-cookie-policy tr{display:block}#ot-sdk-cookie-policy-v2.ot-sdk-cookie-policy table .ot-host,#ot-sdk-cookie-policy-v2.ot-sdk-cookie-policy table .ot-cookies-type{width:auto}#ot-sdk-cookie-policy-v2.ot-sdk-cookie-policy tr{margin:0 0 1em 0}#ot-sdk-cookie-policy-v2.ot-sdk-cookie-policy td:before{height:100%;width:40%;padding-right:10px}#ot-sdk-cookie-policy-v2.ot-sdk-cookie-policy td:before{content:attr(data-label);font-weight:bold}#ot-sdk-cookie-policy-v2.ot-sdk-cookie-policy li{word-break:break-word;word-wrap:break-word}#ot-sdk-cookie-policy-v2.ot-sdk-cookie-policy thead tr{position:absolute;top:-9999px;left:-9999px;z-index:-9999}#ot-sdk-cookie-policy-v2.ot-sdk-cookie-policy table tr:last-child td{border-bottom:1px solid #d7d7d7;border-right:0px}#ot-sdk-cookie-policy-v2.ot-sdk-cookie-policy table tr:last-child td:last-child{border-bottom:0px}}
                
                    #ot-sdk-cookie-policy-v2.ot-sdk-cookie-policy h5,
                    #ot-sdk-cookie-policy-v2.ot-sdk-cookie-policy h6,
                    #ot-sdk-cookie-policy-v2.ot-sdk-cookie-policy li,
                    #ot-sdk-cookie-policy-v2.ot-sdk-cookie-policy p,
                    #ot-sdk-cookie-policy-v2.ot-sdk-cookie-policy a,
                    #ot-sdk-cookie-policy-v2.ot-sdk-cookie-policy span,
                    #ot-sdk-cookie-policy-v2.ot-sdk-cookie-policy td,
                    #ot-sdk-cookie-policy-v2.ot-sdk-cookie-policy #cookie-policy-description {
                        color: #696969;
                    }
                    #ot-sdk-cookie-policy-v2.ot-sdk-cookie-policy th {
                        color: #696969;
                    }
                    #ot-sdk-cookie-policy-v2.ot-sdk-cookie-policy .ot-sdk-cookie-policy-group {
                        color: #696969;
                    }
                    
                    #ot-sdk-cookie-policy-v2.ot-sdk-cookie-policy #cookie-policy-title {
                            color: #696969;
                        }
                    
            
                    #ot-sdk-cookie-policy-v2.ot-sdk-cookie-policy table th {
                            background-color: #F8F8F8;
                        }
                    
            
                      @keyframes slide-down-custom {
                          0% {
                              bottom: 927px !important;
                          }
                          100% {
                              bottom: 0px;
                          }
                      }
                      @-webkit-keyframes slide-down-custom {
                          0% {
                              bottom: 927px !important;
                          }
                          100% {
                              bottom: 0px;
                          }
                      }
                      @-moz-keyframes slide-down-custom {
                          0% {
                              bottom: 927px !important;
                          }
                          100% {
                              bottom: 0px;
                          }
                      }
                      </style></head><body class="app-page"><div id="react-view" class="main-app-view"><div id="root-view" class="gn-body"><header class="hd-header hd-header--loggedOut"><div class="hd-topTabs"><ul class="hd-topTabs__list" data-title="Explore our sites"><li class="hd-topTabs__item" data-name="Groceries"><a class="hd-topTabs__link" href="https://groceries.morrisons.com/webshop/startWebshop.do">Groceries</a></li><li class="hd-topTabs__item" data-name="Food To Order"><a class="hd-topTabs__link" href="https://my.morrisons.com/foodtoorder/">Food To Order</a></li><li class="hd-topTabs__item" data-name="Nutmeg"><a class="hd-topTabs__link" href="https://my.morrisons.com/nutmeg/">Nutmeg</a></li><li class="hd-topTabs__item" data-name="Morrisons More"><a class="hd-topTabs__link" href="https://www.morrisons.com/more/?clkInTab=Morrisons+More">Morrisons More</a></li><li class="hd-topTabs__item" data-name="GoodToKnow"><a class="hd-topTabs__link" href="https://my.morrisons.com/">Blog</a></li><li class="hd-topTabs__item" data-name="StoreFinder"><a class="hd-topTabs__link" href="https://my.morrisons.com/storefinder/?utm_source=Groceries&amp;utm_medium=Internal&amp;utm_campaign=HeaderTab">Store Finder</a></li><li class="hd-topTabs__item" data-name="ContactUs"><a class="hd-topTabs__link" href="https://www.morrisons.com/help/">Contact Us</a></li></ul></div><div class="hd-header__wrapper rs-stickyHeader"><div class="hd-header__content"><div class="hd-header__logo"><a title="Home" class="hd-header__logoLink" href="/"><img src="/static/morrisonslogo-white-06c44.svg" alt="Morrisons Logo" class="hd-header__logoImgMobile"><img src="/static/morrisonslogo-fe24a.svg" alt="Morrisons Logo" class="hd-header__logoImgDesktop"></a></div><div class="hd-search__wrapper hd-searchProminent__wrapper"><div class="hd-search__singleSearch"><form class="hd-search__form hd-searchProminent__form"><input type="text" id="search" autocapitalize="none" autocomplete="off" autocorrect="off" class="hd-search__inputField hd-searchProminent__inputField" maxlength="50" name="entry" placeholder="Find a product" title="Find a product" value="" aria-autocomplete="list" aria-haspopup="false"><button type="button" class="hd-search__clear hd-searchProminent__clear" aria-label="Clear"></button><span class="hd-search__submit"><input type="submit" class="hd-search__submitButton hd-searchProminent__submitButton" aria-label="Search" value="GO"></span><button type="button" class="hd-search__cancel hd-searchProminent__cancel">Cancel</button></form></div></div><div class="hd-orderOptions"><div class="deliveryContainer"><a class="bookDelivery button standardBookDelivery" href="/webshop/getAddressesForDelivery.do">Book a delivery</a></div><a class="viewTrolley button" href="/webshop/displayLoggedOutSmartBasket.do">View trolley</a><button type="button" class="hd-checkoutBtn continue" disabled=""><span class="hd-checkoutBtn__label">Checkout</span><span class="hd-checkoutBtn__minOrder">Minimum spend of <!-- -->£40</span></button></div><div class="hd-authButtons"><div class="btn-wrapper"><a class="btn-secondary" href="/login">Log in</a><a class="btn-primary" href="/register">Register</a></div></div></div><div class="primaryBar"><div class="primaryBar__content"><ul class="primaryBar__list primaryBar__list--withCustomItem"><li class="primaryBar__item primaryBar__item--shop"><div class="primaryBarDropdown"><a class="primaryBar__link primaryBar__link--withDropDown" title="Shop Groceries" href="/browse"><span class="primaryBar__icon"></span>Shop Groceries</a><div class="dropdown-menu"><div class="folded-nav browse-shop-nav mouse-events-visible"><div class="level-base"><div class="base-level promo-section"><ul><li class="level-item promotion has-children"><a class="level-item-link level-item-link--promo" href="#">Inspiration &amp; Events</a></li></ul></div><div class="grocery-section level-0"><ul><li class="level-item has-children"><a class="level-item-link" href="/browse/more-card-points-188711">More Card Points </a></li><li class="level-item leaf"><a class="level-item-link" href="/browse/more-card-exclusives-187918">More Card Exclusives</a></li><li class="level-item has-children"><a class="level-item-link" href="/browse/meat-poultry-179549">Meat &amp; Poultry</a></li><li class="level-item has-children"><a class="level-item-link" href="/browse/fish-seafood-184367">Fish &amp; Seafood</a></li><li class="level-item has-children"><a class="level-item-link" href="/browse/fruit-veg-176738">Fruit &amp; Veg</a></li><li class="level-item has-children"><a class="level-item-link" href="/browse/fresh-176739">Fresh</a></li><li class="level-item has-children"><a class="level-item-link" href="/browse/bakery-cakes-102210">Bakery &amp; Cakes</a></li><li class="level-item has-children"><a class="level-item-link" href="/browse/food-cupboard-102705">Food Cupboard</a></li><li class="level-item has-children"><a class="level-item-link" href="/browse/frozen-180331">Frozen</a></li><li class="level-item has-children"><a class="level-item-link" href="/browse/drinks-103644">Drinks</a></li><li class="level-item has-children"><a class="level-item-link" href="/browse/beer-wines-spirits-103120">Beer, Wines &amp; Spirits</a></li><li class="level-item has-children"><a class="level-item-link" href="/browse/toiletries-beauty-102838">Toiletries &amp; Beauty</a></li><li class="level-item has-children"><a class="level-item-link" href="/browse/household-102063">Household</a></li><li class="level-item has-children"><a class="level-item-link" href="/browse/home-garden-166274">Home &amp; Garden</a></li><li class="level-item has-children"><a class="level-item-link" href="/browse/health-wellbeing-medicines-103497">Health, Wellbeing &amp; Medicines</a></li><li class="level-item has-children"><a class="level-item-link" href="/browse/baby-toddler-177598">Baby &amp; Toddler</a></li><li class="level-item has-children"><a class="level-item-link" href="/browse/toys-entertainment-166275">Toys &amp; Entertainment</a></li><li class="level-item has-children"><a class="level-item-link" href="/browse/pet-shop-102207">Pet Shop</a></li><li class="level-item has-children"><a class="level-item-link" href="/browse/free-from-175652">Free From</a></li><li class="level-item has-children"><a class="level-item-link" href="/browse/world-foods-182137">World Foods</a></li></ul></div><div class="base-level personal-section"><ul><li class="level-item personal-favourites leaf"><a class="level-item-link" href="/webshop/displayPrevPurchases.do?from=nav">Favourites</a></li><li class="level-item personal-orders leaf"><a class="level-item-link" href="/webshop/displayAllOrders.do?from=nav">Orders</a></li></ul></div></div><div class="level-nested-wrapper"><div class="grocery-section level-1 level-nested"><ul><li class="level-item highlight new leaf"><a class="level-item-link" href="/browse?filters=new-19999">New</a></li><li class="level-item highlight other leaf"><a class="level-item-link" href="/on-offer">All offers</a></li><li class="level-item highlight other leaf"><a class="level-item-link" href="/webshop/displayBundles.do?mealDealBundles=true">Meal deals</a></li><li class="level-item highlight other leaf"><a class="level-item-link" href="/webshop/displayBundles.do">Bundle offers</a></li><li class="level-item has-children"><a class="level-item-link" href="/browse/market-street-184295">Market Street</a></li><li class="level-item has-children"><a class="level-item-link" href="/browse/more-ways-to-save-186031">More Ways To Save</a></li><li class="level-item has-children"><a class="level-item-link" href="/browse/the-best-178974">The Best</a></li><li class="level-item has-children"><a class="level-item-link" href="/browse/vegan-173637">Vegan</a></li><li class="level-item has-children"><a class="level-item-link" href="/browse/eat-out-at-home-186440">Eat Out At Home</a></li><li class="level-item leaf"><a class="level-item-link" href="/browse/donate-to-charity-181960">Donate to Charity</a></li><li class="level-item leaf"><a class="level-item-link" href="/browse/national-lottery-scratchcards-183808">National Lottery Scratchcards</a></li><li class="level-item has-children"><a class="level-item-link" href="/browse/party-shop-162462">Party Shop</a></li><li class="level-item has-children"><a class="level-item-link" href="/browse/bigger-pack-better-value-182598">Bigger Pack, Better Value </a></li><li class="level-item has-children"><a class="level-item-link" href="/browse/feel-good-187771">Feel Good</a></li><li class="level-item has-children"><a class="level-item-link" href="/browse/summer-shop-188448">Summer Shop</a></li><li class="level-item has-children"><a class="level-item-link" href="/browse/the-smile-shop-sponsored-188783">The Smile Shop - Sponsored</a></li><li class="level-item has-children"><a class="level-item-link" href="/browse/pet-event-188834">Pet Event</a></li><li class="level-item has-children"><a class="level-item-link" href="/browse/back-to-school-event-188889">Back To School Event</a></li><li class="level-item leaf"><a class="level-item-link" href="/browse/thank-you-teacher-188897">Thank You Teacher</a></li><li class="level-item leaf"><a class="level-item-link" href="/browse/nhs-big-tea-event-188898">NHS Big Tea Event</a></li><li class="level-item has-children"><a class="level-item-link" href="/browse/great-summer-stunnerr-event-188905">Great Summer Stunnerr Event</a></li></ul></div><div class="navigationBanners"><h3 class="navBanners__heading">Selected shops</h3><ul class="navBanners__list"><li class="navBanners__item"><a class="navBanners__link" href="/webshop/getBrandShop.go?shopId=119951"><img src="/cmscontent/elp_logo_image/1152134.jpg?dGXp" class="navBanners__img"></a></li><li class="navBanners__item"><a class="navBanners__link" href="/webshop/getBrandShop.go?shopId=117721"><img src="/cmscontent/elp_logo_image/1151606.jpg?dE-s" class="navBanners__img"></a></li><li class="navBanners__item"><a class="navBanners__link" href="/webshop/getBrandShop.go?shopId=117605"><img src="/cmscontent/elp_logo_image/1147205.jpg?c1el" class="navBanners__img"></a></li></ul></div></div></div></div></div></li><li class="primaryBar__item primaryBar__item--favourites"><a class="primaryBar__link primaryBar__link--simple" title="My Favourites" href="/webshop/displayPrevPurchases.do"><span class="primaryBar__icon"></span>Favourites</a></li><li class="primaryBar__item primaryBar__item--offers"><a class="primaryBar__link primaryBar__link--simple" title="Offers" href="/on-offer"><span class="primaryBar__icon"></span>Offers</a></li><li class="primaryBar__item primaryBar__item--events"><div class="primaryBarDropdown"><a class="primaryBar__link primaryBar__link--withDropDown" title="Inspiration" href="#"><span class="primaryBar__icon" style="background-image:url(/cmscontent/event_nav_item_icon/504555.png?QxES)"></span>Inspiration</a></div></li><li class="primaryBar__item primaryBar__item--recipes"><a class="primaryBar__link primaryBar__link--simple" title="Recipes" href="/content/recipes-by-morrisons-33805?clkInTab=Recipes"><span class="primaryBar__icon"></span>Recipes</a></li><li class="primaryBar__item primaryBar__item--deliveryPass"><a class="primaryBar__link primaryBar__link--simple" title="Delivery Pass" href="/webshop/displayDeliveryPass.do"><span class="primaryBar__icon"></span>Delivery Pass</a></li><li class="primaryBar__item primaryBar__item--custom"><a class="primaryBar__link primaryBar__link--simple" title="Summer Shop" href="https://groceries.morrisons.com/browse/188448?fromSeasonalTab=yes&amp;dnr=y"><span class="primaryBar__icon" style="background-image:url(/cmscontent/custom_nav_item_icon/1042486.png?ZI9H)"></span>Summer Shop</a></li></ul></div></div></div><button class="hd-mainMenuToggleBtn" aria-label="Menu" aria-owns="navigation-menu" aria-haspopup="false"></button></header><div class="navigation-menu-wrapper"><div class="gn-mobileSidebar gn-mobileSidebar--left"><span></span></div></div><div class="gn-mobileSidebar gn-mobileSidebar--right"><span></span></div><noscript class="browserWarnings stickToTop browserWarnings--disabledJs"><section class="browserWarnings__container"><div class="browserWarnings__content"><h2 class="browserWarnings__heading">Hello there. Please enable JavaScript.</h2><p>We regularly develop our site to make it simpler and better. Please <a class="browserWarnings__link" href="http://www.enable-javascript.com/en" target="_blank" rel="noopener noreferrer">enable JavaScript</a> in your browser to make sure you can always use our site.</p><p>Why not use our award-winning <a class="browserWarnings__link" href="/webshop/getMobileApp.do">tablet and smartphone app</a>?</p><img class="u-hiddenVisually" src="/webshop/api/v1/wa/pv/9097ed6f-f7ab-4ee2-ab8a-9e13f234152c/no-js" alt="" aria-hidden="true"/></div></section></noscript><div id="main-content" class="mainContent mainContent--withSidebarLeft"><div></div><div><div class="sidebar"><div class="sticky-outer-wrapper released" style="height: 1367.33px;"><div class="sticky-inner-wrapper" style="position: relative; top: 58449px; z-index: 21; width: 250px;"><div class="sidebar-element sub-nav"><div class="folded-nav sidebar-nav mouse-events-visible"><div class="level-base"><div class="grocery-section level-0"><ul><li class="level-item has-children"><a class="level-item-link" href="/browse/frozen-180331/ice-cream-180396?sort=PRICE_ASC">Ice Cream</a></li><li class="level-item has-children"><a class="level-item-link" href="/browse/frozen-180331/fish-seafood-180364?sort=PRICE_ASC">Fish &amp; Seafood</a></li><li class="level-item has-children"><a class="level-item-link" href="/browse/frozen-180331/chicken-meat-180333?sort=PRICE_ASC">Chicken &amp; Meat</a></li><li class="level-item has-children"><a class="level-item-link" href="/browse/frozen-180331/vegetarian-vegan-185018?sort=PRICE_ASC">Vegetarian &amp; Vegan</a></li><li class="level-item has-children"><a class="level-item-link" href="/browse/frozen-180331/free-from-185019?sort=PRICE_ASC">Free From</a></li><li class="level-item has-children"><a class="level-item-link" href="/browse/frozen-180331/vegetables-sides-185020?sort=PRICE_ASC">Vegetables &amp; Sides</a></li><li class="level-item has-children"><a class="level-item-link" href="/browse/frozen-180331/chips-potatoes-185021?sort=PRICE_ASC">Chips &amp; Potatoes</a></li><li class="level-item has-children"><a class="level-item-link" href="/browse/frozen-180331/yorkshire-puddings-sides-185022?sort=PRICE_ASC">Yorkshire Puddings &amp; Sides</a></li><li class="level-item has-children"><a class="level-item-link" href="/browse/frozen-180331/pies-185023?sort=PRICE_ASC">Pies</a></li><li class="level-item has-children"><a class="level-item-link" href="/browse/frozen-180331/ready-meals-185055?sort=PRICE_ASC">Ready Meals</a></li><li class="level-item leaf"><a class="level-item-link" href="/browse/frozen-180331/party-food-185069?sort=PRICE_ASC">Party Food</a></li><li class="level-item leaf"><a class="level-item-link" href="/browse/frozen-180331/snacking-180424?sort=PRICE_ASC">Snacking</a></li><li class="level-item has-children"><a class="level-item-link" href="/browse/frozen-180331/pizza-180426?sort=PRICE_ASC">Pizza</a></li><li class="level-item leaf"><a class="level-item-link" href="/browse/frozen-180331/garlic-bread-180425?sort=PRICE_ASC">Garlic Bread</a></li><li class="level-item has-children"><a class="level-item-link" href="/browse/frozen-180331/easy-meal-times-180464?sort=PRICE_ASC">Easy Meal Times</a></li><li class="level-item leaf"><a class="level-item-link" href="/browse/frozen-180331/world-foods-180463?sort=PRICE_ASC">World Foods</a></li><li class="level-item has-children"><a class="level-item-link" href="/browse/frozen-180331/mccain-shop-sponsored-186855?sort=PRICE_ASC">McCain Shop - Sponsored</a></li><li class="level-item has-children"><a class="level-item-link" href="/browse/frozen-180331/desserts-180395?sort=PRICE_ASC">Desserts</a></li><li class="level-item leaf"><a class="level-item-link" href="/browse/frozen-180331/fruit-180403?sort=PRICE_ASC">Fruit</a></li></ul></div></div><div class="level-nested-wrapper"></div></div></div><div class="sidebar-element filter-list"><div class="gn-mobileSidebar gn-mobileSidebar--right gn-mobileSidebar--alwaysRender"><div class="gn-mobileSidebar__content gn-mobileSidebar__content-enter"><div class="sidebar-item filter-actions"><span class="filter-by show-for-xlarge">Filter by</span><button class="done-link sidebar-link hide-for-xlarge">Done</button></div><div style="display:none"></div><button class="filter-header"><h3>Brands</h3><div class="chevron-collapse-icon"></div></button><ul class="collapse in"><li class="filter-select"><a href="/browse/frozen-180331?sort=PRICE_ASC&amp;filters=morrisons-108397">Morrisons</a></li><li class="filter-select"><a href="/browse/frozen-180331?sort=PRICE_ASC&amp;filters=birds-eye-107530">Birds Eye</a></li><li class="filter-select"><a href="/browse/frozen-180331?sort=PRICE_ASC&amp;filters=mccain-108380">McCain</a></li><li class="filter-select"><a href="/browse/frozen-180331?sort=PRICE_ASC&amp;filters=young-s-108455">Young's</a></li><li class="sb-seeMore"><button class="sb-seeMore__link">See more</button></li></ul><button class="filter-header"><h3>Options</h3><div class="chevron-collapse-icon"></div></button><ul class="collapse in"><li class="filter-select"><a href="/browse/frozen-180331?sort=PRICE_ASC&amp;filters=on-offer-19998">On Offer</a></li><li class="filter-select"><a href="/browse/frozen-180331?sort=PRICE_ASC&amp;filters=new-19999">New</a></li></ul><button class="filter-header"><h3>Dietary &amp; Lifestyle</h3><div class="chevron-collapse-icon"></div></button><ul class="collapse in"><li class="filter-select"><a href="/browse/frozen-180331?sort=PRICE_ASC&amp;filters=vegetarian-19996">Vegetarian</a></li><li class="filter-select"><a href="/browse/frozen-180331?sort=PRICE_ASC&amp;filters=vegan-20011">Vegan</a></li><li class="filter-select"><a href="/browse/frozen-180331?sort=PRICE_ASC&amp;filters=gluten-free-19993">Gluten Free</a></li><li class="filter-select"><a href="/browse/frozen-180331?sort=PRICE_ASC&amp;filters=nut-free-19990">Nut Free</a></li><li class="sb-seeMore"><button class="sb-seeMore__link">See more</button></li></ul></div></div></div><div class="sidebar-element recommended-fops"><div class="sidebar-item filter-actions"><span class="filter-by show-for-xlarge">Recommended to you</span></div><ul class="fops fops-yml"><li class="fops-item"><div class="fop-item fop-item-offer" data-sku="603668011"><div class="fop-contentWrapper" role="presentation"><a href="/products/morrisons-breaded-buttermilk-chicken-mini-fillets-603668011"><span class="fop-mark-offer fop-image-corner">Offer</span><div class="fop-content"><div class="fop-img-wrapper"><div><img alt="Morrisons Breaded Buttermilk Chicken Mini Fillets" class="fop-img" src="/productImages/603/603668011_0_150x150.jpg?identifier=97ecfba6b3053c3205fb50b16b56e65d" srcset="/productImages/603/603668011_0_150x150.jpg?identifier=97ecfba6b3053c3205fb50b16b56e65d 1x, /productImages/603/603668011_0_280x280.jpg?identifier=97ecfba6b3053c3205fb50b16b56e65d 2x" aria-hidden="true"></div><div class="fop-pack-info"><span class="fop-life" title="Product life guaranteed for 4 days including delivery day, with an average of 5.5 days.">LIFE 4d+</span></div></div><div class="fop-description"><h4 class="fop-title" title="Morrisons Breaded Buttermilk Chicken Mini Fillets"><span>Morrisons Bre…</span><span class="fop-catch-weight-inline">300g</span></h4><span class="fop-catch-weight">300g</span></div></div><div class="price-group-wrapper"><span class="fop-price">£3.99</span><span class="fop-unit-price">£13.30 per kg</span></div><div class="review-wrapper"></div><a class="fop-row-promo promotion-offer" href="/offers/buy-3-for-10-1007570656"><span>Buy 3 for £10</span></a></a></div><div class="fop-add-default"><div class="button-wrapper"><div class="button-section"><button type="submit" class="fop-btn-add fop-btn-add-single fop-btn-add-to-trolley" name="addproduct" aria-label="Add to trolley"><span class="add-to-trolley">Add to trolley</span></button></div></div></div></div></li><li class="fops-item"><div class="fop-item" data-sku="610266011"><div class="fop-contentWrapper" role="presentation"><a href="/products/morrisons-greengrocer-sweet-mixed-peppers-610266011"><span class="fop-mark-new fop-image-corner">New</span><div class="fop-content"><div class="fop-img-wrapper"><div><img alt="Morrisons Greengrocer Sweet Mixed Peppers" class="fop-img" src="/productImages/610/610266011_0_150x150.jpg?identifier=731f2d16104567c2ebdcf3ae3cb6d429" srcset="/productImages/610/610266011_0_150x150.jpg?identifier=731f2d16104567c2ebdcf3ae3cb6d429 1x, /productImages/610/610266011_0_280x280.jpg?identifier=731f2d16104567c2ebdcf3ae3cb6d429 2x" aria-hidden="true"></div><div class="fop-pack-info"><span class="fop-life" title="Product life guaranteed for 2 days including delivery day, with an average of 6 days.">LIFE 2d+</span></div></div><div class="fop-description"><h4 class="fop-title" title="Morrisons Greengrocer Sweet Mixed Peppers"><span>Morrisons Green…</span><span class="fop-catch-weight-inline">3 per pack</span></h4><span class="fop-catch-weight">3 per pack</span></div></div><div class="price-group-wrapper"><span class="fop-price">£1.75</span><span class="fop-unit-price">58.3p each</span></div><div class="review-wrapper"></div></a></div><div class="fop-add-default"><div class="button-wrapper"><div class="button-section"><button type="submit" class="fop-btn-add fop-btn-add-single fop-btn-add-to-trolley" name="addproduct" aria-label="Add to trolley"><span class="add-to-trolley">Add to trolley</span></button></div></div></div></div></li><li class="fops-item"><div class="fop-item" data-sku="612375011"><div class="fop-contentWrapper" role="presentation"><a href="/products/morrisons-broccoli-612375011"><span class="fop-mark-new fop-image-corner">New</span><div class="fop-content"><div class="fop-img-wrapper"><div><img alt="Morrisons Broccoli" class="fop-img" src="/productImages/612/612375011_0_150x150.jpg?identifier=0367c07f04da4e2b7cc7082f5aa4ef53" srcset="/productImages/612/612375011_0_150x150.jpg?identifier=0367c07f04da4e2b7cc7082f5aa4ef53 1x, /productImages/612/612375011_0_280x280.jpg?identifier=0367c07f04da4e2b7cc7082f5aa4ef53 2x" aria-hidden="true"></div><div class="fop-pack-info"><span class="fop-life" title="Product life guaranteed for 3 days including delivery day, with an average of 5 days.">LIFE 3d+</span></div></div><div class="fop-description"><h4 class="fop-title" title="Morrisons Broccoli"><span>Morrisons Broccoli</span><span class="fop-catch-weight-inline">500g</span></h4><span class="fop-catch-weight">500g</span></div></div><div class="price-group-wrapper"><span class="fop-price">99p</span><span class="fop-unit-price">£1.98 per kg</span></div><div class="review-wrapper"></div></a></div><div class="fop-add-default"><div class="button-wrapper"><div class="button-section"><button type="submit" class="fop-btn-add fop-btn-add-single fop-btn-add-to-trolley" name="addproduct" aria-label="Add to trolley"><span class="add-to-trolley">Add to trolley</span></button></div></div></div></div></li></ul></div></div></div></div><div class="main-column"><nav class="bc-desktopBreadcrumbsWithMenu bc-desktopBreadcrumbs--newUI" aria-label="Breadcrumb"><ul class="bc-desktopBreadcrumbsWithMenu__breadcrumbs"><li class="bc-desktopBreadcrumbsWithMenu__breadcrumbWithMenu"><a class="bc-desktopBreadcrumbsWithMenu__linkWithMenu" href="/browse">Browse</a></li><li class="bc-desktopBreadcrumbsWithMenu__breadcrumbWithMenu"><a class="bc-desktopBreadcrumbsWithMenu__linkWithMenu" href="/browse/frozen-180331">Frozen</a></li></ul></nav><div class="supplierBanner supplierBanner2b "><div class="supFund"><a href="https://groceries.morrisons.com/browse/more-card-points-188711/ice-cream-100-points-188911"><img src="/cmscontent/graphic_banner_background_image/1151889.jpg?dF-q"></a></div></div><div class="catHeaderBar"><div class="bc-mobileBreadcrumbs"><button class="bc-mobileBreadcrumbs__backButton" aria-label="Go back">Back</button><span class="bc-mobileBreadcrumbs__text">Frozen</span><span class="bc-mobileBreadcrumbs__itemsCount">(<!-- -->955<!-- -->)</span></div><div class="desktop-product-count show-for-xlarge"><div class="total-product-number"><span>955 products</span><div class="total-product-category"> <!-- -->in <h1>Frozen</h1></div></div></div><div class="display-options"><button class="refine-by btn-tertiary hide-for-xlarge ">Filter (1)</button><div class="sorting"><form class="sortBy"><span class="sort-wrapper"><select name="sortBy"><option selected="" value="DEFAULT">Favourites first</option><option value="PRICE_ASC">Total price: Low to High</option><option value="PRICE_DESC">Total price: High to Low</option><option value="NAME_ASC">Product name: A-Z</option><option value="NAME_DESC">Product name: Z-A</option><option value="SHELF_LIFE">Life: Short to Long</option><option value="CUSTOMER_RATING">Customer rating</option></select></span></form></div><div class="fop-view-switch"><fieldset><legend>View:</legend><button class="list" title="List view"></button><button class="shelf" disabled="" title="Shelf view"></button></fieldset></div></div></div><div class="rc-stickyHorizontalBar rc-stickyHorizontalBar--sticky"><div class="rc-stickyHorizontalBar__content" style="top: 135px;"><div class="rc-relatedCategories"><button class="rc-relatedCategories__button rc-relatedCategories__button--previous" disabled="" aria-label="Previous">❮</button><div class="rc-relatedCategories__items-wrapper"><ol class="rc-relatedCategories__items"><li class="rc-relatedCategories__listItem"><a class="rc-relatedCategories__item" href="/browse/frozen-180331/ice-cream-180396?sort=PRICE_ASC">ice cream</a></li><li class="rc-relatedCategories__listItem"><a class="rc-relatedCategories__item" href="/browse/frozen-180331/fish-seafood-180364?sort=PRICE_ASC">fish &amp; seafood</a></li><li class="rc-relatedCategories__listItem"><a class="rc-relatedCategories__item" href="/browse/frozen-180331/chicken-meat-180333?sort=PRICE_ASC">chicken &amp; meat</a></li><li class="rc-relatedCategories__listItem"><a class="rc-relatedCategories__item" href="/browse/frozen-180331/vegetarian-vegan-185018?sort=PRICE_ASC">vegetarian &amp; vegan</a></li><li class="rc-relatedCategories__listItem"><a class="rc-relatedCategories__item" href="/browse/frozen-180331/free-from-185019?sort=PRICE_ASC">free from</a></li><li class="rc-relatedCategories__listItem"><a class="rc-relatedCategories__item" href="/browse/frozen-180331/vegetables-sides-185020?sort=PRICE_ASC">vegetables &amp; sides</a></li><li class="rc-relatedCategories__listItem"><a class="rc-relatedCategories__item" href="/browse/frozen-180331/chips-potatoes-185021?sort=PRICE_ASC">chips &amp; potatoes</a></li><li class="rc-relatedCategories__listItem"><a class="rc-relatedCategories__item" href="/browse/frozen-180331/yorkshire-puddings-sides-185022?sort=PRICE_ASC">yorkshire puddings &amp; sides</a></li><li class="rc-relatedCategories__listItem"><a class="rc-relatedCategories__item" href="/browse/frozen-180331/pies-185023?sort=PRICE_ASC">pies</a></li><li class="rc-relatedCategories__listItem"><a class="rc-relatedCategories__item" href="/browse/frozen-180331/ready-meals-185055?sort=PRICE_ASC">ready meals</a></li><li class="rc-relatedCategories__listItem"><a class="rc-relatedCategories__item" href="/browse/frozen-180331/party-food-185069?sort=PRICE_ASC">party food</a></li><li class="rc-relatedCategories__listItem"><a class="rc-relatedCategories__item" href="/browse/frozen-180331/snacking-180424?sort=PRICE_ASC">snacking</a></li><li class="rc-relatedCategories__listItem"><a class="rc-relatedCategories__item" href="/browse/frozen-180331/pizza-180426?sort=PRICE_ASC">pizza</a></li><li class="rc-relatedCategories__listItem"><a class="rc-relatedCategories__item" href="/browse/frozen-180331/garlic-bread-180425?sort=PRICE_ASC">garlic bread</a></li><li class="rc-relatedCategories__listItem"><a class="rc-relatedCategories__item" href="/browse/frozen-180331/easy-meal-times-180464?sort=PRICE_ASC">easy meal times</a></li><li class="rc-relatedCategories__listItem"><a class="rc-relatedCategories__item" href="/browse/frozen-180331/world-foods-180463?sort=PRICE_ASC">world foods</a></li><li class="rc-relatedCategories__listItem"><a class="rc-relatedCategories__item" href="/browse/frozen-180331/mccain-shop-sponsored-186855?sort=PRICE_ASC">mccain shop - sponsored</a></li><li class="rc-relatedCategories__listItem"><a class="rc-relatedCategories__item" href="/browse/frozen-180331/desserts-180395?sort=PRICE_ASC">desserts</a></li><li class="rc-relatedCategories__listItem"><a class="rc-relatedCategories__item" href="/browse/frozen-180331/fruit-180403?sort=PRICE_ASC">fruit</a></li></ol></div><button class="rc-relatedCategories__button rc-relatedCategories__button--next" aria-label="Next">❯</button></div></div></div><ul class="fops fops-regular fops-shelf"><li class="fops-item"><div class="fop-item"></div></li><li class="fops-item"><div class="fop-item"></div></li><li class="fops-item"><div class="fop-item"></div></li><li class="fops-item"><div class="fop-item"></div></li><li class="fops-item"><div class="fop-item"></div></li><li class="fops-item"><div class="fop-item"></div></li><li class="fops-item"><div class="fop-item"></div></li><li class="fops-item"><div class="fop-item"></div></li><li class="fops-item"><div class="fop-item"></div></li><li class="fops-item"><div class="fop-item"></div></li><li class="fops-item"><div class="fop-item"></div></li><li class="fops-item"><div class="fop-item"></div></li><li class="fops-item"><div class="fop-item"></div></li><li class="fops-item"><div class="fop-item"></div></li><li class="fops-item"><div class="fop-item"></div></li><li class="fops-item"><div class="fop-item"></div></li><li class="fops-item"><div class="fop-item"></div></li><li class="fops-item"><div class="fop-item"></div></li><li class="fops-item"><div class="fop-item"></div></li><li class="fops-item"><div class="fop-item"></div></li><li class="fops-item"><div class="fop-item"></div></li><li class="fops-item"><div class="fop-item"></div></li><li class="fops-item"><div class="fop-item"></div></li><li class="fops-item"><div class="fop-item"></div></li><li class="fops-item"><div class="fop-item"></div></li><li class="fops-item"><div class="fop-item"></div></li><li class="fops-item"><div class="fop-item"></div></li><li class="fops-item"><div class="fop-item"></div></li><li class="fops-item"><div class="fop-item"></div></li><li class="fops-item"><div class="fop-item"></div></li><li class="fops-item"><div class="fop-item"></div></li><li class="fops-item"><div class="fop-item"></div></li><li class="fops-item"><div class="fop-item"></div></li><li class="fops-item"><div class="fop-item"></div></li><li class="fops-item"><div class="fop-item"></div></li><li class="fops-item"><div class="fop-item"></div></li><li class="fops-item"><div class="fop-item"></div></li><li class="fops-item"><div class="fop-item"></div></li><li class="fops-item"><div class="fop-item"></div></li><li class="fops-item"><div class="fop-item"></div></li><li class="fops-item"><div class="fop-item"></div></li><li class="fops-item"><div class="fop-item"></div></li><li class="fops-item"><div class="fop-item"></div></li><li class="fops-item"><div class="fop-item"></div></li><li class="fops-item"><div class="fop-item"></div></li><li class="fops-item"><div class="fop-item"></div></li><li class="fops-item"><div class="fop-item"></div></li><li class="fops-item"><div class="fop-item"></div></li><li class="fops-item"><div class="fop-item"></div></li><li class="fops-item"><div class="fop-item"></div></li><li class="fops-item"><div class="fop-item"></div></li><li class="fops-item"><div class="fop-item"></div></li><li class="fops-item"><div class="fop-item"></div></li><li class="fops-item"><div class="fop-item"></div></li><li class="fops-item"><div class="fop-item"></div></li><li class="fops-item"><div class="fop-item"></div></li><li class="fops-item"><div class="fop-item"></div></li><li class="fops-item"><div class="fop-item"></div></li><li class="fops-item"><div class="fop-item"></div></li><li class="fops-item"><div class="fop-item"></div></li><li class="fops-item"><div class="fop-item"></div></li><li class="fops-item"><div class="fop-item"></div></li><li class="fops-item"><div class="fop-item"></div></li><li class="fops-item"><div class="fop-item"></div></li><li class="fops-item"><div class="fop-item"></div></li><li class="fops-item"><div class="fop-item"></div></li><li class="fops-item"><div class="fop-item"></div></li><li class="fops-item"><div class="fop-item"></div></li><li class="fops-item"><div class="fop-item"></div></li><li class="fops-item"><div class="fop-item"></div></li><li class="fops-item"><div class="fop-item"></div></li><li class="fops-item"><div class="fop-item"></div></li><li class="fops-item"><div class="fop-item"></div></li><li class="fops-item"><div class="fop-item"></div></li><li class="fops-item"><div class="fop-item"></div></li><li class="fops-item"><div class="fop-item"></div></li><li class="fops-item"><div class="fop-item"></div></li><li class="fops-item"><div class="fop-item"></div></li><li class="fops-item"><div class="fop-item"></div></li><li class="fops-item"><div class="fop-item"></div></li><li class="fops-item"><div class="fop-item"></div></li><li class="fops-item"><div class="fop-item"></div></li><li class="fops-item"><div class="fop-item"></div></li><li class="fops-item"><div class="fop-item"></div></li><li class="fops-item"><div class="fop-item"></div></li><li class="fops-item"><div class="fop-item"></div></li><li class="fops-item"><div class="fop-item"></div></li><li class="fops-item"><div class="fop-item"></div></li><li class="fops-item"><div class="fop-item"></div></li><li class="fops-item"><div class="fop-item"></div></li><li class="fops-item"><div class="fop-item"></div></li><li class="fops-item"><div class="fop-item"></div></li><li class="fops-item"><div class="fop-item"></div></li><li class="fops-item"><div class="fop-item"></div></li><li class="fops-item"><div class="fop-item"></div></li><li class="fops-item"><div class="fop-item"></div></li><li class="fops-item"><div class="fop-item"></div></li><li class="fops-item"><div class="fop-item"></div></li><li class="fops-item"><div class="fop-item"></div></li><li class="fops-item"><div class="fop-item"></div></li><li class="fops-item"><div class="fop-item"></div></li><li class="fops-item"><div class="fop-item"></div></li><li class="fops-item"><div class="fop-item"></div></li><li class="fops-item"><div class="fop-item"></div></li><li class="fops-item"><div class="fop-item"></div></li><li class="fops-item"><div class="fop-item"></div></li><li class="fops-item"><div class="fop-item"></div></li><li class="fops-item"><div class="fop-item"></div></li><li class="fops-item"><div class="fop-item"></div></li><li class="fops-item"><div class="fop-item"></div></li><li class="fops-item"><div class="fop-item"></div></li><li class="fops-item"><div class="fop-item"></div></li><li class="fops-item"><div class="fop-item"></div></li><li class="fops-item"><div class="fop-item"></div></li><li class="fops-item"><div class="fop-item"></div></li><li class="fops-item"><div class="fop-item"></div></li><li class="fops-item"><div class="fop-item"></div></li><li class="fops-item"><div class="fop-item"></div></li><li class="fops-item"><div class="fop-item"></div></li><li class="fops-item"><div class="fop-item"></div></li><li class="fops-item"><div class="fop-item"></div></li><li class="fops-item"><div class="fop-item"></div></li><li class="fops-item"><div class="fop-item"></div></li><li class="fops-item"><div class="fop-item"></div></li><li class="fops-item"><div class="fop-item"></div></li><li class="fops-item"><div class="fop-item"></div></li><li class="fops-item"><div class="fop-item"></div></li><li class="fops-item"><div class="fop-item"></div></li><li class="fops-item"><div class="fop-item"></div></li><li class="fops-item"><div class="fop-item"></div></li><li class="fops-item"><div class="fop-item"></div></li><li class="fops-item"><div class="fop-item"></div></li><li class="fops-item"><div class="fop-item"></div></li><li class="fops-item"><div class="fop-item"></div></li><li class="fops-item"><div class="fop-item"></div></li><li class="fops-item"><div class="fop-item"></div></li><li class="fops-item"><div class="fop-item"></div></li><li class="fops-item"><div class="fop-item"></div></li><li class="fops-item"><div class="fop-item"></div></li><li class="fops-item"><div class="fop-item"></div></li><li class="fops-item"><div class="fop-item"></div></li><li class="fops-item"><div class="fop-item"></div></li><li class="fops-item"><div class="fop-item"></div></li><li class="fops-item"><div class="fop-item"></div></li><li class="fops-item"><div class="fop-item"></div></li><li class="fops-item"><div class="fop-item"></div></li><li class="fops-item"><div class="fop-item"></div></li><li class="fops-item"><div class="fop-item"></div></li><li class="fops-item"><div class="fop-item"></div></li><li class="fops-item"><div class="fop-item"></div></li><li class="fops-item"><div class="fop-item"></div></li><li class="fops-item"><div class="fop-item"></div></li><li class="fops-item"><div class="fop-item"></div></li><li class="fops-item"><div class="fop-item"></div></li><li class="fops-item"><div class="fop-item"></div></li><li class="fops-item"><div class="fop-item"></div></li><li class="fops-item"><div class="fop-item"></div></li><li class="fops-item"><div class="fop-item"></div></li><li class="fops-item"><div class="fop-item"></div></li><li class="fops-item"><div class="fop-item"></div></li><li class="fops-item"><div class="fop-item"></div></li><li class="fops-item"><div class="fop-item"></div></li><li class="fops-item"><div class="fop-item"></div></li><li class="fops-item"><div class="fop-item"></div></li><li class="fops-item"><div class="fop-item"></div></li><li class="fops-item"><div class="fop-item"></div></li><li class="fops-item"><div class="fop-item"></div></li><li class="fops-item"><div class="fop-item"></div></li><li class="fops-item"><div class="fop-item"></div></li><li class="fops-item"><div class="fop-item"></div></li><li class="fops-item"><div class="fop-item"></div></li><li class="fops-item"><div class="fop-item"></div></li><li class="fops-item"><div class="fop-item"></div></li><li class="fops-item"><div class="fop-item"></div></li><li class="fops-item"><div class="fop-item"></div></li><li class="fops-item"><div class="fop-item"></div></li><li class="fops-item"><div class="fop-item"></div></li><li class="fops-item"><div class="fop-item"></div></li><li class="fops-item"><div class="fop-item"></div></li><li class="fops-item"><div class="fop-item"></div></li><li class="fops-item"><div class="fop-item"></div></li><li class="fops-item"><div class="fop-item"></div></li><li class="fops-item"><div class="fop-item"></div></li><li class="fops-item"><div class="fop-item"></div></li><li class="fops-item"><div class="fop-item"></div></li><li class="fops-item"><div class="fop-item"></div></li><li class="fops-item"><div class="fop-item"></div></li><li class="fops-item"><div class="fop-item"></div></li><li class="fops-item"><div class="fop-item"></div></li><li class="fops-item"><div class="fop-item"></div></li><li class="fops-item"><div class="fop-item"></div></li><li class="fops-item"><div class="fop-item"></div></li><li class="fops-item"><div class="fop-item"></div></li><li class="fops-item"><div class="fop-item"></div></li><li class="fops-item"><div class="fop-item"></div></li><li class="fops-item"><div class="fop-item"></div></li><li class="fops-item"><div class="fop-item"></div></li><li class="fops-item"><div class="fop-item"></div></li><li class="fops-item"><div class="fop-item"></div></li><li class="fops-item"><div class="fop-item"></div></li><li class="fops-item"><div class="fop-item"></div></li><li class="fops-item"><div class="fop-item"></div></li><li class="fops-item"><div class="fop-item"></div></li><li class="fops-item"><div class="fop-item"></div></li><li class="fops-item"><div class="fop-item"></div></li><li class="fops-item"><div class="fop-item"></div></li><li class="fops-item"><div class="fop-item"></div></li><li class="fops-item"><div class="fop-item"></div></li><li class="fops-item"><div class="fop-item"></div></li><li class="fops-item"><div class="fop-item"></div></li><li class="fops-item"><div class="fop-item"></div></li><li class="fops-item"><div class="fop-item"></div></li><li class="fops-item"><div class="fop-item"></div></li><li class="fops-item"><div class="fop-item"></div></li><li class="fops-item"><div class="fop-item"></div></li><li class="fops-item"><div class="fop-item"></div></li><li class="fops-item"><div class="fop-item"></div></li><li class="fops-item"><div class="fop-item"></div></li><li class="fops-item"><div class="fop-item"></div></li><li class="fops-item"><div class="fop-item"></div></li><li class="fops-item"><div class="fop-item"></div></li><li class="fops-item"><div class="fop-item"></div></li><li class="fops-item"><div class="fop-item"></div></li><li class="fops-item"><div class="fop-item"></div></li><li class="fops-item"><div class="fop-item"></div></li><li class="fops-item"><div class="fop-item"></div></li><li class="fops-item"><div class="fop-item"></div></li><li class="fops-item"><div class="fop-item"></div></li><li class="fops-item"><div class="fop-item"></div></li><li class="fops-item"><div class="fop-item"></div></li><li class="fops-item"><div class="fop-item"></div></li><li class="fops-item"><div class="fop-item"></div></li><li class="fops-item"><div class="fop-item"></div></li><li class="fops-item"><div class="fop-item"></div></li><li class="fops-item"><div class="fop-item"></div></li><li class="fops-item"><div class="fop-item"></div></li><li class="fops-item"><div class="fop-item"></div></li><li class="fops-item"><div class="fop-item"></div></li><li class="fops-item"><div class="fop-item"></div></li><li class="fops-item"><div class="fop-item"></div></li><li class="fops-item"><div class="fop-item"></div></li><li class="fops-item"><div class="fop-item"></div></li><li class="fops-item"><div class="fop-item"></div></li><li class="fops-item"><div class="fop-item"></div></li><li class="fops-item"><div class="fop-item"></div></li><li class="fops-item"><div class="fop-item"></div></li><li class="fops-item"><div class="fop-item"></div></li><li class="fops-item"><div class="fop-item"></div></li><li class="fops-item"><div class="fop-item"></div></li><li class="fops-item"><div class="fop-item"></div></li><li class="fops-item"><div class="fop-item"></div></li><li class="fops-item"><div class="fop-item"></div></li><li class="fops-item"><div class="fop-item"></div></li><li class="fops-item"><div class="fop-item"></div></li><li class="fops-item"><div class="fop-item"></div></li><li class="fops-item"><div class="fop-item"></div></li><li class="fops-item"><div class="fop-item"></div></li><li class="fops-item"><div class="fop-item"></div></li><li class="fops-item"><div class="fop-item"></div></li><li class="fops-item"><div class="fop-item"></div></li><li class="fops-item"><div class="fop-item"></div></li><li class="fops-item"><div class="fop-item"></div></li><li class="fops-item"><div class="fop-item"></div></li><li class="fops-item"><div class="fop-item"></div></li><li class="fops-item"><div class="fop-item"></div></li><li class="fops-item"><div class="fop-item"></div></li><li class="fops-item"><div class="fop-item"></div></li><li class="fops-item"><div class="fop-item"></div></li><li class="fops-item"><div class="fop-item"></div></li><li class="fops-item"><div class="fop-item"></div></li><li class="fops-item"><div class="fop-item"></div></li><li class="fops-item"><div class="fop-item"></div></li><li class="fops-item"><div class="fop-item"></div></li><li class="fops-item"><div class="fop-item"></div></li><li class="fops-item"><div class="fop-item"></div></li><li class="fops-item"><div class="fop-item"></div></li><li class="fops-item"><div class="fop-item"></div></li><li class="fops-item"><div class="fop-item"></div></li><li class="fops-item"><div class="fop-item"></div></li><li class="fops-item"><div class="fop-item"></div></li><li class="fops-item"><div class="fop-item"></div></li><li class="fops-item"><div class="fop-item"></div></li><li class="fops-item"><div class="fop-item"></div></li><li class="fops-item"><div class="fop-item"></div></li><li class="fops-item"><div class="fop-item"></div></li><li class="fops-item"><div class="fop-item"></div></li><li class="fops-item"><div class="fop-item"></div></li><li class="fops-item"><div class="fop-item"></div></li><li class="fops-item"><div class="fop-item"></div></li><li class="fops-item"><div class="fop-item"></div></li><li class="fops-item"><div class="fop-item"></div></li><li class="fops-item"><div class="fop-item"></div></li><li class="fops-item"><div class="fop-item"></div></li><li class="fops-item"><div class="fop-item"></div></li><li class="fops-item"><div class="fop-item"></div></li><li class="fops-item"><div class="fop-item"></div></li><li class="fops-item"><div class="fop-item"></div></li><li class="fops-item"><div class="fop-item"></div></li><li class="fops-item"><div class="fop-item"></div></li><li class="fops-item"><div class="fop-item"></div></li><li class="fops-item"><div class="fop-item"></div></li><li class="fops-item"><div class="fop-item"></div></li><li class="fops-item"><div class="fop-item"></div></li><li class="fops-item"><div class="fop-item"></div></li><li class="fops-item"><div class="fop-item"></div></li><li class="fops-item"><div class="fop-item"></div></li><li class="fops-item"><div class="fop-item"></div></li><li class="fops-item"><div class="fop-item"></div></li><li class="fops-item"><div class="fop-item"></div></li><li class="fops-item"><div class="fop-item"></div></li><li class="fops-item"><div class="fop-item"></div></li><li class="fops-item"><div class="fop-item"></div></li><li class="fops-item"><div class="fop-item"></div></li><li class="fops-item"><div class="fop-item"></div></li><li class="fops-item"><div class="fop-item"></div></li><li class="fops-item"><div class="fop-item"></div></li><li class="fops-item"><div class="fop-item"></div></li><li class="fops-item"><div class="fop-item"></div></li><li class="fops-item"><div class="fop-item"></div></li><li class="fops-item"><div class="fop-item"></div></li><li class="fops-item"><div class="fop-item"></div></li><li class="fops-item"><div class="fop-item"></div></li><li class="fops-item"><div class="fop-item"></div></li><li class="fops-item"><div class="fop-item"></div></li><li class="fops-item"><div class="fop-item"></div></li><li class="fops-item"><div class="fop-item"></div></li><li class="fops-item"><div class="fop-item"></div></li><li class="fops-item"><div class="fop-item"></div></li><li class="fops-item"><div class="fop-item"></div></li><li class="fops-item"><div class="fop-item"></div></li><li class="fops-item"><div class="fop-item"></div></li><li class="fops-item"><div class="fop-item"></div></li><li class="fops-item"><div class="fop-item"></div></li><li class="fops-item"><div class="fop-item"></div></li><li class="fops-item"><div class="fop-item"></div></li><li class="fops-item"><div class="fop-item"></div></li><li class="fops-item"><div class="fop-item"></div></li><li class="fops-item"><div class="fop-item"></div></li><li class="fops-item"><div class="fop-item"></div></li><li class="fops-item"><div class="fop-item"></div></li><li class="fops-item"><div class="fop-item"></div></li><li class="fops-item"><div class="fop-item"></div></li><li class="fops-item"><div class="fop-item"></div></li><li class="fops-item"><div class="fop-item"></div></li><li class="fops-item"><div class="fop-item"></div></li><li class="fops-item"><div class="fop-item"></div></li><li class="fops-item"><div class="fop-item"></div></li><li class="fops-item"><div class="fop-item"></div></li><li class="fops-item"><div class="fop-item"></div></li><li class="fops-item"><div class="fop-item"></div></li><li class="fops-item"><div class="fop-item"></div></li><li class="fops-item"><div class="fop-item"></div></li><li class="fops-item"><div class="fop-item"></div></li><li class="fops-item"><div class="fop-item"></div></li><li class="fops-item"><div class="fop-item"></div></li><li class="fops-item"><div class="fop-item"></div></li><li class="fops-item"><div class="fop-item"></div></li><li class="fops-item"><div class="fop-item"></div></li><li class="fops-item"><div class="fop-item"></div></li><li class="fops-item"><div class="fop-item"></div></li><li class="fops-item"><div class="fop-item"></div></li><li class="fops-item"><div class="fop-item"></div></li><li class="fops-item"><div class="fop-item"></div></li><li class="fops-item"><div class="fop-item"></div></li><li class="fops-item"><div class="fop-item"></div></li><li class="fops-item"><div class="fop-item"></div></li><li class="fops-item"><div class="fop-item"></div></li><li class="fops-item"><div class="fop-item"></div></li><li class="fops-item"><div class="fop-item"></div></li><li class="fops-item"><div class="fop-item"></div></li><li class="fops-item"><div class="fop-item"></div></li><li class="fops-item"><div class="fop-item"></div></li><li class="fops-item"><div class="fop-item"></div></li><li class="fops-item"><div class="fop-item"></div></li><li class="fops-item"><div class="fop-item"></div></li><li class="fops-item"><div class="fop-item"></div></li><li class="fops-item"><div class="fop-item"></div></li><li class="fops-item"><div class="fop-item"></div></li><li class="fops-item"><div class="fop-item"></div></li><li class="fops-item"><div class="fop-item"></div></li><li class="fops-item"><div class="fop-item"></div></li><li class="fops-item"><div class="fop-item"></div></li><li class="fops-item"><div class="fop-item"></div></li><li class="fops-item"><div class="fop-item"></div></li><li class="fops-item"><div class="fop-item"></div></li><li class="fops-item"><div class="fop-item"></div></li><li class="fops-item"><div class="fop-item"></div></li><li class="fops-item"><div class="fop-item"></div></li><li class="fops-item"><div class="fop-item"></div></li><li class="fops-item"><div class="fop-item"></div></li><li class="fops-item"><div class="fop-item"></div></li><li class="fops-item"><div class="fop-item"></div></li><li class="fops-item"><div class="fop-item"></div></li><li class="fops-item"><div class="fop-item"></div></li><li class="fops-item"><div class="fop-item"></div></li><li class="fops-item"><div class="fop-item"></div></li><li class="fops-item"><div class="fop-item"></div></li><li class="fops-item"><div class="fop-item"></div></li><li class="fops-item"><div class="fop-item"></div></li><li class="fops-item"><div class="fop-item"></div></li><li class="fops-item"><div class="fop-item"></div></li><li class="fops-item"><div class="fop-item"></div></li><li class="fops-item"><div class="fop-item"></div></li><li class="fops-item"><div class="fop-item"></div></li><li class="fops-item"><div class="fop-item"></div></li><li class="fops-item"><div class="fop-item"></div></li><li class="fops-item"><div class="fop-item"></div></li><li class="fops-item"><div class="fop-item"></div></li><li class="fops-item"><div class="fop-item"></div></li><li class="fops-item"><div class="fop-item"></div></li><li class="fops-item"><div class="fop-item"></div></li><li class="fops-item"><div class="fop-item"></div></li><li class="fops-item"><div class="fop-item"></div></li><li class="fops-item"><div class="fop-item"></div></li><li class="fops-item"><div class="fop-item"></div></li><li class="fops-item"><div class="fop-item"></div></li><li class="fops-item"><div class="fop-item"></div></li><li class="fops-item"><div class="fop-item"></div></li><li class="fops-item"><div class="fop-item"></div></li><li class="fops-item"><div class="fop-item"></div></li><li class="fops-item"><div class="fop-item"></div></li><li class="fops-item"><div class="fop-item"></div></li><li class="fops-item"><div class="fop-item"></div></li><li class="fops-item"><div class="fop-item"></div></li><li class="fops-item"><div class="fop-item"></div></li><li class="fops-item"><div class="fop-item"></div></li><li class="fops-item"><div class="fop-item"></div></li><li class="fops-item"><div class="fop-item"></div></li><li class="fops-item"><div class="fop-item"></div></li><li class="fops-item"><div class="fop-item"></div></li><li class="fops-item"><div class="fop-item"></div></li><li class="fops-item"><div class="fop-item"></div></li><li class="fops-item"><div class="fop-item"></div></li><li class="fops-item"><div class="fop-item"></div></li><li class="fops-item"><div class="fop-item"></div></li><li class="fops-item"><div class="fop-item"></div></li><li class="fops-item"><div class="fop-item"></div></li><li class="fops-item"><div class="fop-item"></div></li><li class="fops-item"><div class="fop-item"></div></li><li class="fops-item"><div class="fop-item"></div></li><li class="fops-item"><div class="fop-item"></div></li><li class="fops-item"><div class="fop-item"></div></li><li class="fops-item"><div class="fop-item"></div></li><li class="fops-item"><div class="fop-item"></div></li><li class="fops-item"><div class="fop-item"></div></li><li class="fops-item"><div class="fop-item"></div></li><li class="fops-item"><div class="fop-item"></div></li><li class="fops-item"><div class="fop-item"></div></li><li class="fops-item"><div class="fop-item"></div></li><li class="fops-item"><div class="fop-item"></div></li><li class="fops-item"><div class="fop-item"></div></li><li class="fops-item"><div class="fop-item"></div></li><li class="fops-item"><div class="fop-item"></div></li><li class="fops-item"><div class="fop-item"></div></li><li class="fops-item"><div class="fop-item"></div></li><li class="fops-item"><div class="fop-item"></div></li><li class="fops-item"><div class="fop-item"></div></li><li class="fops-item"><div class="fop-item"></div></li><li class="fops-item"><div class="fop-item"></div></li><li class="fops-item"><div class="fop-item"></div></li><li class="fops-item"><div class="fop-item"></div></li><li class="fops-item"><div class="fop-item"></div></li><li class="fops-item"><div class="fop-item"></div></li><li class="fops-item"><div class="fop-item"></div></li><li class="fops-item"><div class="fop-item"></div></li><li class="fops-item"><div class="fop-item"></div></li><li class="fops-item"><div class="fop-item"></div></li><li class="fops-item"><div class="fop-item"></div></li><li class="fops-item"><div class="fop-item"></div></li><li class="fops-item"><div class="fop-item"></div></li><li class="fops-item"><div class="fop-item"></div></li><li class="fops-item"><div class="fop-item"></div></li><li class="fops-item"><div class="fop-item"></div></li><li class="fops-item"><div class="fop-item"></div></li><li class="fops-item"><div class="fop-item"></div></li><li class="fops-item"><div class="fop-item"></div></li><li class="fops-item"><div class="fop-item"></div></li><li class="fops-item"><div class="fop-item"></div></li><li class="fops-item"><div class="fop-item"></div></li><li class="fops-item"><div class="fop-item"></div></li><li class="fops-item"><div class="fop-item"></div></li><li class="fops-item"><div class="fop-item"></div></li><li class="fops-item"><div class="fop-item"></div></li><li class="fops-item"><div class="fop-item"></div></li><li class="fops-item"><div class="fop-item"></div></li><li class="fops-item"><div class="fop-item"></div></li><li class="fops-item"><div class="fop-item"></div></li><li class="fops-item"><div class="fop-item"></div></li><li class="fops-item"><div class="fop-item"></div></li><li class="fops-item"><div class="fop-item"></div></li><li class="fops-item"><div class="fop-item"></div></li><li class="fops-item"><div class="fop-item"></div></li><li class="fops-item"><div class="fop-item"></div></li><li class="fops-item"><div class="fop-item"></div></li><li class="fops-item"><div class="fop-item"></div></li><li class="fops-item"><div class="fop-item"></div></li><li class="fops-item"><div class="fop-item"></div></li><li class="fops-item"><div class="fop-item"></div></li><li class="fops-item"><div class="fop-item"></div></li><li class="fops-item"><div class="fop-item"></div></li><li class="fops-item"><div class="fop-item"></div></li><li class="fops-item"><div class="fop-item"></div></li><li class="fops-item"><div class="fop-item"></div></li><li class="fops-item"><div class="fop-item"></div></li><li class="fops-item"><div class="fop-item"></div></li><li class="fops-item"><div class="fop-item"></div></li><li class="fops-item"><div class="fop-item"></div></li><li class="fops-item"><div class="fop-item"></div></li><li class="fops-item"><div class="fop-item"></div></li><li class="fops-item"><div class="fop-item"></div></li><li class="fops-item"><div class="fop-item"></div></li><li class="fops-item"><div class="fop-item"></div></li><li class="fops-item"><div class="fop-item"></div></li><li class="fops-item"><div class="fop-item"></div></li><li class="fops-item"><div class="fop-item"></div></li><li class="fops-item"><div class="fop-item"></div></li><li class="fops-item"><div class="fop-item"></div></li><li class="fops-item"><div class="fop-item"></div></li><li class="fops-item"><div class="fop-item"></div></li><li class="fops-item"><div class="fop-item"></div></li><li class="fops-item"><div class="fop-item"></div></li><li class="fops-item"><div class="fop-item"></div></li><li class="fops-item"><div class="fop-item"></div></li><li class="fops-item"><div class="fop-item"></div></li><li class="fops-item"><div class="fop-item"></div></li><li class="fops-item"><div class="fop-item"></div></li><li class="fops-item"><div class="fop-item"></div></li><li class="fops-item"><div class="fop-item"></div></li><li class="fops-item"><div class="fop-item"></div></li><li class="fops-item"><div class="fop-item"></div></li><li class="fops-item"><div class="fop-item"></div></li><li class="fops-item"><div class="fop-item"></div></li><li class="fops-item"><div class="fop-item"></div></li><li class="fops-item"><div class="fop-item"></div></li><li class="fops-item"><div class="fop-item"></div></li><li class="fops-item"><div class="fop-item"></div></li><li class="fops-item"><div class="fop-item"></div></li><li class="fops-item"><div class="fop-item"></div></li><li class="fops-item"><div class="fop-item"></div></li><li class="fops-item"><div class="fop-item"></div></li><li class="fops-item"><div class="fop-item"></div></li><li class="fops-item"><div class="fop-item"></div></li><li class="fops-item"><div class="fop-item"></div></li><li class="fops-item"><div class="fop-item"></div></li><li class="fops-item"><div class="fop-item"></div></li><li class="fops-item"><div class="fop-item"></div></li><li class="fops-item"><div class="fop-item"></div></li><li class="fops-item"><div class="fop-item"></div></li><li class="fops-item"><div class="fop-item"></div></li><li class="fops-item"><div class="fop-item"></div></li><li class="fops-item"><div class="fop-item"></div></li><li class="fops-item"><div class="fop-item"></div></li><li class="fops-item"><div class="fop-item"></div></li><li class="fops-item"><div class="fop-item"></div></li><li class="fops-item"><div class="fop-item"></div></li><li class="fops-item"><div class="fop-item"></div></li><li class="fops-item"><div class="fop-item"></div></li><li class="fops-item"><div class="fop-item"></div></li><li class="fops-item"><div class="fop-item"></div></li><li class="fops-item"><div class="fop-item"></div></li><li class="fops-item"><div class="fop-item"></div></li><li class="fops-item"><div class="fop-item"></div></li><li class="fops-item"><div class="fop-item"></div></li><li class="fops-item"><div class="fop-item"></div></li><li class="fops-item"><div class="fop-item"></div></li><li class="fops-item"><div class="fop-item"></div></li><li class="fops-item"><div class="fop-item"></div></li><li class="fops-item"><div class="fop-item"></div></li><li class="fops-item"><div class="fop-item"></div></li><li class="fops-item"><div class="fop-item"></div></li><li class="fops-item"><div class="fop-item"></div></li><li class="fops-item"><div class="fop-item"></div></li><li class="fops-item"><div class="fop-item"></div></li><li class="fops-item"><div class="fop-item"></div></li><li class="fops-item"><div class="fop-item"></div></li><li class="fops-item"><div class="fop-item"></div></li><li class="fops-item"><div class="fop-item"></div></li><li class="fops-item"><div class="fop-item"></div></li><li class="fops-item"><div class="fop-item"></div></li><li class="fops-item"><div class="fop-item"></div></li><li class="fops-item"><div class="fop-item"></div></li><li class="fops-item"><div class="fop-item"></div></li><li class="fops-item"><div class="fop-item"></div></li><li class="fops-item"><div class="fop-item"></div></li><li class="fops-item"><div class="fop-item"></div></li><li class="fops-item"><div class="fop-item"></div></li><li class="fops-item"><div class="fop-item"></div></li><li class="fops-item"><div class="fop-item"></div></li><li class="fops-item"><div class="fop-item"></div></li><li class="fops-item"><div class="fop-item"></div></li><li class="fops-item"><div class="fop-item"></div></li><li class="fops-item"><div class="fop-item"></div></li><li class="fops-item"><div class="fop-item"></div></li><li class="fops-item"><div class="fop-item"></div></li><li class="fops-item"><div class="fop-item"></div></li><li class="fops-item"><div class="fop-item"></div></li><li class="fops-item"><div class="fop-item"></div></li><li class="fops-item"><div class="fop-item"></div></li><li class="fops-item"><div class="fop-item"></div></li><li class="fops-item"><div class="fop-item"></div></li><li class="fops-item"><div class="fop-item"></div></li><li class="fops-item"><div class="fop-item"></div></li><li class="fops-item"><div class="fop-item"></div></li><li class="fops-item"><div class="fop-item"></div></li><li class="fops-item"><div class="fop-item"></div></li><li class="fops-item"><div class="fop-item"></div></li><li class="fops-item"><div class="fop-item"></div></li><li class="fops-item"><div class="fop-item"></div></li><li class="fops-item"><div class="fop-item"></div></li><li class="fops-item"><div class="fop-item"></div></li><li class="fops-item"><div class="fop-item"></div></li><li class="fops-item"><div class="fop-item"></div></li><li class="fops-item"><div class="fop-item"></div></li><li class="fops-item"><div class="fop-item"></div></li><li class="fops-item"><div class="fop-item"></div></li><li class="fops-item"><div class="fop-item"></div></li><li class="fops-item"><div class="fop-item"></div></li><li class="fops-item"><div class="fop-item"></div></li><li class="fops-item"><div class="fop-item"></div></li><li class="fops-item"><div class="fop-item"></div></li><li class="fops-item"><div class="fop-item"></div></li><li class="fops-item"><div class="fop-item"></div></li><li class="fops-item"><div class="fop-item"></div></li><li class="fops-item"><div class="fop-item"></div></li><li class="fops-item"><div class="fop-item"></div></li><li class="fops-item"><div class="fop-item"></div></li><li class="fops-item"><div class="fop-item"></div></li><li class="fops-item"><div class="fop-item"></div></li><li class="fops-item"><div class="fop-item"></div></li><li class="fops-item"><div class="fop-item"></div></li><li class="fops-item"><div class="fop-item"></div></li><li class="fops-item"><div class="fop-item"></div></li><li class="fops-item"><div class="fop-item"></div></li><li class="fops-item"><div class="fop-item"></div></li><li class="fops-item"><div class="fop-item"></div></li><li class="fops-item"><div class="fop-item"></div></li><li class="fops-item"><div class="fop-item"></div></li><li class="fops-item"><div class="fop-item"></div></li><li class="fops-item"><div class="fop-item"></div></li><li class="fops-item"><div class="fop-item"></div></li><li class="fops-item"><div class="fop-item"></div></li><li class="fops-item"><div class="fop-item"></div></li><li class="fops-item"><div class="fop-item"></div></li><li class="fops-item"><div class="fop-item"></div></li><li class="fops-item"><div class="fop-item"></div></li><li class="fops-item"><div class="fop-item"></div></li><li class="fops-item"><div class="fop-item"></div></li><li class="fops-item"><div class="fop-item"></div></li><li class="fops-item"><div class="fop-item"></div></li><li class="fops-item"><div class="fop-item"></div></li><li class="fops-item"><div class="fop-item"></div></li><li class="fops-item"><div class="fop-item"></div></li><li class="fops-item"><div class="fop-item"></div></li><li class="fops-item"><div class="fop-item"></div></li><li class="fops-item"><div class="fop-item"></div></li><li class="fops-item"><div class="fop-item"></div></li><li class="fops-item"><div class="fop-item"></div></li><li class="fops-item"><div class="fop-item"></div></li><li class="fops-item"><div class="fop-item"></div></li><li class="fops-item"><div class="fop-item"></div></li><li class="fops-item"><div class="fop-item"></div></li><li class="fops-item"><div class="fop-item"></div></li><li class="fops-item"><div class="fop-item"></div></li><li class="fops-item"><div class="fop-item"></div></li><li class="fops-item"><div class="fop-item"></div></li><li class="fops-item"><div class="fop-item"></div></li><li class="fops-item"><div class="fop-item"></div></li><li class="fops-item"><div class="fop-item"></div></li><li class="fops-item"><div class="fop-item"></div></li><li class="fops-item"><div class="fop-item"></div></li><li class="fops-item"><div class="fop-item"></div></li><li class="fops-item"><div class="fop-item"></div></li><li class="fops-item"><div class="fop-item"></div></li><li class="fops-item"><div class="fop-item"></div></li><li class="fops-item"><div class="fop-item"></div></li><li class="fops-item"><div class="fop-item"></div></li><li class="fops-item"><div class="fop-item"></div></li><li class="fops-item"><div class="fop-item"></div></li><li class="fops-item"><div class="fop-item"></div></li><li class="fops-item"><div class="fop-item"></div></li><li class="fops-item"><div class="fop-item"></div></li><li class="fops-item"><div class="fop-item"></div></li><li class="fops-item"><div class="fop-item"></div></li><li class="fops-item"><div class="fop-item"></div></li><li class="fops-item"><div class="fop-item"></div></li><li class="fops-item"><div class="fop-item"></div></li><li class="fops-item"><div class="fop-item"></div></li><li class="fops-item"><div class="fop-item"></div></li><li class="fops-item"><div class="fop-item"></div></li><li class="fops-item"><div class="fop-item"></div></li><li class="fops-item"><div class="fop-item"></div></li><li class="fops-item"><div class="fop-item"></div></li><li class="fops-item"><div class="fop-item"></div></li><li class="fops-item"><div class="fop-item"></div></li><li class="fops-item"><div class="fop-item"></div></li><li class="fops-item"><div class="fop-item"></div></li><li class="fops-item"><div class="fop-item"></div></li><li class="fops-item"><div class="fop-item"></div></li><li class="fops-item"><div class="fop-item"></div></li><li class="fops-item"><div class="fop-item"></div></li><li class="fops-item"><div class="fop-item"></div></li><li class="fops-item"><div class="fop-item"></div></li><li class="fops-item"><div class="fop-item"></div></li><li class="fops-item"><div class="fop-item"></div></li><li class="fops-item"><div class="fop-item"></div></li><li class="fops-item"><div class="fop-item"></div></li><li class="fops-item"><div class="fop-item"></div></li><li class="fops-item"><div class="fop-item"></div></li><li class="fops-item"><div class="fop-item"></div></li><li class="fops-item"><div class="fop-item"></div></li><li class="fops-item"><div class="fop-item"></div></li><li class="fops-item"><div class="fop-item"></div></li><li class="fops-item"><div class="fop-item"></div></li><li class="fops-item"><div class="fop-item"></div></li><li class="fops-item"><div class="fop-item"></div></li><li class="fops-item"><div class="fop-item"></div></li><li class="fops-item"><div class="fop-item"></div></li><li class="fops-item"><div class="fop-item"></div></li><li class="fops-item"><div class="fop-item"></div></li><li class="fops-item"><div class="fop-item"></div></li><li class="fops-item"><div class="fop-item"></div></li><li class="fops-item"><div class="fop-item"></div></li><li class="fops-item"><div class="fop-item"></div></li><li class="fops-item"><div class="fop-item"></div></li><li class="fops-item"><div class="fop-item"></div></li><li class="fops-item"><div class="fop-item"></div></li><li class="fops-item"><div class="fop-item"></div></li><li class="fops-item"><div class="fop-item"></div></li><li class="fops-item"><div class="fop-item"></div></li><li class="fops-item"><div class="fop-item"></div></li><li class="fops-item"><div class="fop-item"></div></li><li class="fops-item"><div class="fop-item"></div></li><li class="fops-item"><div class="fop-item"></div></li><li class="fops-item"><div class="fop-item"></div></li><li class="fops-item"><div class="fop-item"></div></li><li class="fops-item"><div class="fop-item"></div></li><li class="fops-item"><div class="fop-item"></div></li><li class="fops-item"><div class="fop-item"></div></li><li class="fops-item"><div class="fop-item"></div></li><li class="fops-item"><div class="fop-item"></div></li><li class="fops-item"><div class="fop-item"></div></li><li class="fops-item"><div class="fop-item"></div></li><li class="fops-item"><div class="fop-item"></div></li><li class="fops-item"><div class="fop-item"></div></li><li class="fops-item"><div class="fop-item"></div></li><li class="fops-item"><div class="fop-item"></div></li><li class="fops-item"><div class="fop-item"></div></li><li class="fops-item"><div class="fop-item"></div></li><li class="fops-item"><div class="fop-item"></div></li><li class="fops-item"><div class="fop-item"></div></li><li class="fops-item"><div class="fop-item"></div></li><li class="fops-item"><div class="fop-item"></div></li><li class="fops-item"><div class="fop-item"></div></li><li class="fops-item"><div class="fop-item"></div></li><li class="fops-item"><div class="fop-item"></div></li><li class="fops-item"><div class="fop-item"></div></li><li class="fops-item"><div class="fop-item"></div></li><li class="fops-item"><div class="fop-item"></div></li><li class="fops-item"><div class="fop-item"></div></li><li class="fops-item"><div class="fop-item"></div></li><li class="fops-item"><div class="fop-item"></div></li><li class="fops-item"><div class="fop-item"></div></li><li class="fops-item"><div class="fop-item"></div></li><li class="fops-item"><div class="fop-item"></div></li><li class="fops-item"><div class="fop-item"></div></li><li class="fops-item"><div class="fop-item"></div></li><li class="fops-item"><div class="fop-item"></div></li><li class="fops-item"><div class="fop-item"></div></li><li class="fops-item"><div class="fop-item"></div></li><li class="fops-item"><div class="fop-item"></div></li><li class="fops-item"><div class="fop-item"></div></li><li class="fops-item"><div class="fop-item"></div></li><li class="fops-item"><div class="fop-item"></div></li><li class="fops-item"><div class="fop-item"></div></li><li class="fops-item"><div class="fop-item"></div></li><li class="fops-item"><div class="fop-item"></div></li><li class="fops-item"><div class="fop-item"></div></li><li class="fops-item"><div class="fop-item"></div></li><li class="fops-item"><div class="fop-item"></div></li><li class="fops-item"><div class="fop-item"></div></li><li class="fops-item"><div class="fop-item"></div></li><li class="fops-item"><div class="fop-item"></div></li><li class="fops-item"><div class="fop-item"></div></li><li class="fops-item"><div class="fop-item"></div></li><li class="fops-item"><div class="fop-item"></div></li><li class="fops-item"><div class="fop-item"></div></li><li class="fops-item"><div class="fop-item"></div></li><li class="fops-item"><div class="fop-item"></div></li><li class="fops-item"><div class="fop-item"></div></li><li class="fops-item"><div class="fop-item"></div></li><li class="fops-item"><div class="fop-item"></div></li><li class="fops-item"><div class="fop-item"></div></li><li class="fops-item"><div class="fop-item"></div></li><li class="fops-item"><div class="fop-item"></div></li><li class="fops-item"><div class="fop-item"></div></li><li class="fops-item"><div class="fop-item"></div></li><li class="fops-item"><div class="fop-item"></div></li><li class="fops-item"><div class="fop-item"></div></li><li class="fops-item"><div class="fop-item"></div></li><li class="fops-item"><div class="fop-item"></div></li><li class="fops-item"><div class="fop-item"></div></li><li class="fops-item"><div class="fop-item"></div></li><li class="fops-item"><div class="fop-item"></div></li><li class="fops-item"><div class="fop-item"></div></li><li class="fops-item"><div class="fop-item"></div></li><li class="fops-item"><div class="fop-item"></div></li><li class="fops-item"><div class="fop-item"></div></li><li class="fops-item"><div class="fop-item"></div></li><li class="fops-item"><div class="fop-item"></div></li><li class="fops-item"><div class="fop-item"></div></li><li class="fops-item"><div class="fop-item"></div></li><li class="fops-item"><div class="fop-item"></div></li><li class="fops-item"><div class="fop-item"></div></li><li class="fops-item"><div class="fop-item"></div></li><li class="fops-item"><div class="fop-item"></div></li><li class="fops-item"><div class="fop-item"></div></li><li class="fops-item"><div class="fop-item"></div></li><li class="fops-item"><div class="fop-item"></div></li><li class="fops-item"><div class="fop-item"></div></li><li class="fops-item"><div class="fop-item"></div></li><li class="fops-item"><div class="fop-item"></div></li><li class="fops-item"><div class="fop-item"></div></li><li class="fops-item"><div class="fop-item"></div></li><li class="fops-item"><div class="fop-item"></div></li><li class="fops-item"><div class="fop-item"></div></li><li class="fops-item"><div class="fop-item"></div></li><li class="fops-item"><div class="fop-item"></div></li><li class="fops-item"><div class="fop-item"></div></li><li class="fops-item"><div class="fop-item"></div></li><li class="fops-item"><div class="fop-item"></div></li><li class="fops-item"><div class="fop-item"></div></li><li class="fops-item"><div class="fop-item"></div></li><li class="fops-item"><div class="fop-item"></div></li><li class="fops-item"><div class="fop-item"></div></li><li class="fops-item"><div class="fop-item"></div></li><li class="fops-item"><div class="fop-item"></div></li><li class="fops-item"><div class="fop-item"></div></li><li class="fops-item"><div class="fop-item"></div></li><li class="fops-item"><div class="fop-item"></div></li><li class="fops-item"><div class="fop-item"></div></li><li class="fops-item"><div class="fop-item"></div></li><li class="fops-item"><div class="fop-item"></div></li><li class="fops-item"><div class="fop-item"></div></li><li class="fops-item"><div class="fop-item"></div></li><li class="fops-item"><div class="fop-item"></div></li><li class="fops-item"><div class="fop-item"></div></li><li class="fops-item"><div class="fop-item"></div></li><li class="fops-item"><div class="fop-item"></div></li><li class="fops-item"><div class="fop-item"></div></li><li class="fops-item"><div class="fop-item"></div></li><li class="fops-item"><div class="fop-item"></div></li><li class="fops-item"><div class="fop-item"></div></li><li class="fops-item"><div class="fop-item" data-sku="537195011"><div class="fop-contentWrapper" role="presentation"><a href="/products/morrisons-family-lasagne-1-4kg-537195011"><div class="fop-content"><div class="fop-img-wrapper"><div><img alt="Morrisons Family Lasagne 1.4Kg" class="fop-img" src="/productImages/537/537195011_0_150x150.jpg?identifier=d3e53b69c1d5599fb629d39e1351fc0a" srcset="/productImages/537/537195011_0_150x150.jpg?identifier=d3e53b69c1d5599fb629d39e1351fc0a 1x, /productImages/537/537195011_0_280x280.jpg?identifier=d3e53b69c1d5599fb629d39e1351fc0a 2x" aria-hidden="true"></div><div class="fop-pack-info"><span class="fop-dietary-frozen fop-life">frozen</span></div></div><div class="fop-description"><h4 class="fop-title" title="Morrisons Family Lasagne 1.4Kg"><span>Morrisons Family Lasagne 1.4Kg</span><span class="fop-catch-weight-inline">1.4g</span></h4><span class="fop-catch-weight">1.4g</span></div></div><div class="price-group-wrapper"><span class="fop-price">£4.99</span><span class="fop-unit-price">£356.43 per 100g</span></div><div class="review-wrapper"><span class="fop-rating"><span class="fop-rating-inner" style="width: 68%;" title="Reviews 3.40 out of 5"></span></span></div></a></div><div class="fop-add-default"><div class="button-wrapper"><div class="button-section"><button type="submit" class="fop-btn-add fop-btn-add-single fop-btn-add-to-trolley" name="addproduct" aria-label="Add to trolley"><span class="add-to-trolley">Add to trolley</span></button></div></div></div></div></li><li class="fops-item"><div class="fop-item" data-sku="547094011"><div class="fop-contentWrapper" role="presentation"><a href="/products/morrisons-the-best-sticky-toffee-pudding-547094011"><div class="fop-content"><div class="fop-img-wrapper"><div><img alt="Morrisons The Best Sticky Toffee Pudding" class="fop-img" src="/productImages/547/547094011_0_150x150.jpg?identifier=5f27df0835d8b70d244b39135e1a6499" srcset="/productImages/547/547094011_0_150x150.jpg?identifier=5f27df0835d8b70d244b39135e1a6499 1x, /productImages/547/547094011_0_280x280.jpg?identifier=5f27df0835d8b70d244b39135e1a6499 2x" aria-hidden="true"></div><div class="fop-pack-info"><div class="fop-dietary"><span class="fop-dietary-vegetarian" title="Suitable for vegetarians"></span></div><span class="fop-dietary-frozen fop-life">frozen</span></div></div><div class="fop-description"><h4 class="fop-title" title="Morrisons The Best Sticky Toffee Pudding"><span>Morrisons The Best Sticky Toffee Pudding</span><span class="fop-catch-weight-inline">400g</span></h4><span class="fop-catch-weight">400g</span></div></div><div class="price-group-wrapper"><span class="fop-price">£4.99</span><span class="fop-unit-price">£1.25 per 100g</span></div><div class="review-wrapper"><span class="fop-rating"><span class="fop-rating-inner" style="width: 100%;" title="Reviews 5.00 out of 5"></span></span></div></a></div><div class="fop-add-default"><div class="button-wrapper"><div class="button-section"><button type="submit" class="fop-btn-add fop-btn-add-single fop-btn-add-to-trolley" name="addproduct" aria-label="Add to trolley"><span class="add-to-trolley">Add to trolley</span></button></div></div></div></div></li><li class="fops-item"><div class="fop-item" data-sku="554173011"><div class="fop-contentWrapper" role="presentation"><a href="/products/little-moons-passionfruit-mango-mochi-ice-cream-554173011"><div class="fop-content"><div class="fop-img-wrapper"><div><img alt="Little Moons Passionfruit &amp; Mango Mochi Ice Cream" class="fop-img" src="/productImages/554/554173011_0_150x150.jpg?identifier=572d40faa0de00a1dd2caae3d319285d" srcset="/productImages/554/554173011_0_150x150.jpg?identifier=572d40faa0de00a1dd2caae3d319285d 1x, /productImages/554/554173011_0_280x280.jpg?identifier=572d40faa0de00a1dd2caae3d319285d 2x" aria-hidden="true"></div><div class="fop-pack-info"><span class="fop-dietary-frozen fop-life">frozen</span></div></div><div class="fop-description"><h4 class="fop-title" title="Little Moons Passionfruit &amp; Mango Mochi Ice Cream"><span>Little Moons Passionfruit &amp; Mango Mochi Ice Cream</span><span class="fop-catch-weight-inline">6 x 32g</span></h4><span class="fop-catch-weight">6 x 32g</span></div></div><div class="price-group-wrapper"><span class="fop-price">£4.99</span><span class="fop-unit-price">£2.60 per 100g</span></div><div class="review-wrapper"><span class="fop-rating"><span class="fop-rating-inner" style="width: 78%;" title="Reviews 3.90 out of 5"></span></span></div></a></div><div class="fop-add-default"><div class="button-wrapper"><div class="button-section"><button type="submit" class="fop-btn-add fop-btn-add-single fop-btn-add-to-trolley" name="addproduct" aria-label="Add to trolley"><span class="add-to-trolley">Add to trolley</span></button></div></div></div></div></li><li class="fops-item"><div class="fop-item" data-sku="554174011"><div class="fop-contentWrapper" role="presentation"><a href="/products/little-moons-honey-roasted-pistachio-mochi-ice-cream-554174011"><div class="fop-content"><div class="fop-img-wrapper"><div><img alt="Little Moons Honey Roasted Pistachio Mochi Ice Cream" class="fop-img" src="/productImages/554/554174011_0_150x150.jpg?identifier=0e7d6b28686bbaef3eafb16db990714a" srcset="/productImages/554/554174011_0_150x150.jpg?identifier=0e7d6b28686bbaef3eafb16db990714a 1x, /productImages/554/554174011_0_280x280.jpg?identifier=0e7d6b28686bbaef3eafb16db990714a 2x" aria-hidden="true"></div><div class="fop-pack-info"><span class="fop-dietary-frozen fop-life">frozen</span></div></div><div class="fop-description"><h4 class="fop-title" title="Little Moons Honey Roasted Pistachio Mochi Ice Cream"><span>Little Moons Honey Roasted Pi…</span><span class="fop-catch-weight-inline">6 x 32g</span></h4><span class="fop-catch-weight">6 x 32g</span></div></div><div class="price-group-wrapper"><span class="fop-price">£4.99</span><span class="fop-unit-price">£2.60 per 100g</span></div><div class="review-wrapper"><span class="fop-rating"><span class="fop-rating-inner" style="width: 68%;" title="Reviews 3.40 out of 5"></span></span></div></a></div><div class="fop-add-default"><div class="button-wrapper"><div class="button-section"><button type="submit" class="fop-btn-add fop-btn-add-single fop-btn-add-to-trolley" name="addproduct" aria-label="Add to trolley"><span class="add-to-trolley">Add to trolley</span></button></div></div></div></div></li><li class="fops-item"><div class="fop-item" data-sku="554175011"><div class="fop-contentWrapper" role="presentation"><a href="/products/little-moons-coconut-mochi-ice-cream-554175011"><div class="fop-content"><div class="fop-img-wrapper"><div><img alt="Little Moons Coconut Mochi Ice Cream" class="fop-img" src="/productImages/554/554175011_0_150x150.jpg?identifier=8d321a601dd56a9417770c940c63817e" srcset="/productImages/554/554175011_0_150x150.jpg?identifier=8d321a601dd56a9417770c940c63817e 1x, /productImages/554/554175011_0_280x280.jpg?identifier=8d321a601dd56a9417770c940c63817e 2x" aria-hidden="true"></div><div class="fop-pack-info"><span class="fop-dietary-frozen fop-life">frozen</span></div></div><div class="fop-description"><h4 class="fop-title" title="Little Moons Coconut Mochi Ice Cream"><span>Little Moons Coconut Mochi Ice Cream</span><span class="fop-catch-weight-inline">6 x 32g</span></h4><span class="fop-catch-weight">6 x 32g</span></div></div><div class="price-group-wrapper"><span class="fop-price">£4.99</span><span class="fop-unit-price">£2.60 per 100g</span></div><div class="review-wrapper"><span class="fop-rating"><span class="fop-rating-inner" style="width: 68%;" title="Reviews 3.40 out of 5"></span></span></div></a></div><div class="fop-add-default"><div class="button-wrapper"><div class="button-section"><button type="submit" class="fop-btn-add fop-btn-add-single fop-btn-add-to-trolley" name="addproduct" aria-label="Add to trolley"><span class="add-to-trolley">Add to trolley</span></button></div></div></div></div></li><li class="fops-item"><div class="fop-item" data-sku="565820011"><div class="fop-contentWrapper" role="presentation"><a href="/products/little-moons-mochi-ice-cream-italian-hazelnut-565820011"><div class="fop-content"><div class="fop-img-wrapper"><div><img alt="Little Moons Mochi Ice Cream Italian Hazelnut" class="fop-img" src="/productImages/565/565820011_0_150x150.jpg?identifier=6014ea399955f9da34646783a4361b65" srcset="/productImages/565/565820011_0_150x150.jpg?identifier=6014ea399955f9da34646783a4361b65 1x, /productImages/565/565820011_0_280x280.jpg?identifier=6014ea399955f9da34646783a4361b65 2x" aria-hidden="true"></div><div class="fop-pack-info"><span class="fop-dietary-frozen fop-life">frozen</span></div></div><div class="fop-description"><h4 class="fop-title" title="Little Moons Mochi Ice Cream Italian Hazelnut"><span>Little Moons Mochi Ice Cream Italian Hazelnut</span><span class="fop-catch-weight-inline">192g</span></h4><span class="fop-catch-weight">192g</span></div></div><div class="price-group-wrapper"><span class="fop-price">£4.99</span><span class="fop-unit-price">£2.60 per 100g</span></div><div class="review-wrapper"><span class="fop-rating"><span class="fop-rating-inner" style="width: 62%;" title="Reviews 3.10 out of 5"></span></span></div></a></div><div class="fop-add-default"><div class="button-wrapper"><div class="button-section"><button type="submit" class="fop-btn-add fop-btn-add-single fop-btn-add-to-trolley" name="addproduct" aria-label="Add to trolley"><span class="add-to-trolley">Add to trolley</span></button></div></div></div></div></li><li class="fops-item"><div class="fop-item" data-sku="573704011"><div class="fop-contentWrapper" role="presentation"><a href="/products/little-moons-himalayan-salted-caramel-ice-cream-mochi-573704011"><div class="fop-content"><div class="fop-img-wrapper"><div><img alt="Little Moons Himalayan Salted Caramel Ice Cream Mochi" class="fop-img" src="/productImages/573/573704011_0_150x150.jpg?identifier=06b2c520d56fb2d0b5d2748236771699" srcset="/productImages/573/573704011_0_150x150.jpg?identifier=06b2c520d56fb2d0b5d2748236771699 1x, /productImages/573/573704011_0_280x280.jpg?identifier=06b2c520d56fb2d0b5d2748236771699 2x" aria-hidden="true"></div><div class="fop-pack-info"><span class="fop-dietary-frozen fop-life">frozen</span></div></div><div class="fop-description"><h4 class="fop-title" title="Little Moons Himalayan Salted Caramel Ice Cream Mochi"><span>Little Moons Himalayan Salted…</span><span class="fop-catch-weight-inline">6 x 32g</span></h4><span class="fop-catch-weight">6 x 32g</span></div></div><div class="price-group-wrapper"><span class="fop-price">£4.99</span><span class="fop-unit-price">£2.60 per 100g</span></div><div class="review-wrapper"><span class="fop-rating"><span class="fop-rating-inner" style="width: 74%;" title="Reviews 3.70 out of 5"></span></span></div></a></div><div class="fop-add-default"><div class="button-wrapper"><div class="button-section"><button type="submit" class="fop-btn-add fop-btn-add-single fop-btn-add-to-trolley" name="addproduct" aria-label="Add to trolley"><span class="add-to-trolley">Add to trolley</span></button></div></div></div></div></li><li class="fops-item"><div class="fop-item" data-sku="573869011"><div class="fop-contentWrapper" role="presentation"><a href="/products/little-moons-raspberry-ice-cream-mochi-573869011"><div class="fop-content"><div class="fop-img-wrapper"><div><img alt="Little Moons Raspberry Ice Cream Mochi" class="fop-img" src="/productImages/573/573869011_0_150x150.jpg?identifier=6cb9e2a88b13e6cf43e39060b13073f0" srcset="/productImages/573/573869011_0_150x150.jpg?identifier=6cb9e2a88b13e6cf43e39060b13073f0 1x, /productImages/573/573869011_0_280x280.jpg?identifier=6cb9e2a88b13e6cf43e39060b13073f0 2x" aria-hidden="true"></div><div class="fop-pack-info"><span class="fop-dietary-frozen fop-life">frozen</span></div></div><div class="fop-description"><h4 class="fop-title" title="Little Moons Raspberry Ice Cream Mochi"><span>Little Moons Raspberry Ice Cream Mochi</span><span class="fop-catch-weight-inline">6 x 32g</span></h4><span class="fop-catch-weight">6 x 32g</span></div></div><div class="price-group-wrapper"><span class="fop-price">£4.99</span><span class="fop-unit-price">£2.60 per 100g</span></div><div class="review-wrapper"><span class="fop-rating"><span class="fop-rating-inner" style="width: 80%;" title="Reviews 4.00 out of 5"></span></span></div></a></div><div class="fop-add-default"><div class="button-wrapper"><div class="button-section"><button type="submit" class="fop-btn-add fop-btn-add-single fop-btn-add-to-trolley" name="addproduct" aria-label="Add to trolley"><span class="add-to-trolley">Add to trolley</span></button></div></div></div></div></li><li class="fops-item"><div class="fop-item" data-sku="591321011"><div class="fop-contentWrapper" role="presentation"><a href="/products/little-moons-mochi-ice-cream-golden-blond-chocolate-591321011"><div class="fop-content"><div class="fop-img-wrapper"><div><img alt="Little Moons Mochi Ice Cream Golden Blond Chocolate " class="fop-img" src="/productImages/591/591321011_0_150x150.jpg?identifier=2bd949cf98cd0d65e295c7901066b171" srcset="/productImages/591/591321011_0_150x150.jpg?identifier=2bd949cf98cd0d65e295c7901066b171 1x, /productImages/591/591321011_0_280x280.jpg?identifier=2bd949cf98cd0d65e295c7901066b171 2x" aria-hidden="true"></div><div class="fop-pack-info"><span class="fop-dietary-frozen fop-life">frozen</span></div></div><div class="fop-description"><h4 class="fop-title" title="Little Moons Mochi Ice Cream Golden Blond Chocolate "><span>Little Moons Mochi Ice Cream…</span><span class="fop-catch-weight-inline">192g</span></h4><span class="fop-catch-weight">192g</span></div></div><div class="price-group-wrapper"><span class="fop-price">£4.99</span><span class="fop-unit-price">£2.60 per 100g</span></div><div class="review-wrapper"><span class="fop-rating"><span class="fop-rating-inner" style="width: 100%;" title="Reviews 5.00 out of 5"></span></span></div></a></div><div class="fop-add-default"><div class="button-wrapper"><div class="button-section"><button type="submit" class="fop-btn-add fop-btn-add-single fop-btn-add-to-trolley" name="addproduct" aria-label="Add to trolley"><span class="add-to-trolley">Add to trolley</span></button></div></div></div></div></li><li class="fops-item"><div class="fop-item" data-sku="602651011"><div class="fop-contentWrapper" role="presentation"><a href="/products/little-moons-mochi-ice-cream-iced-latte-602651011"><div class="fop-content"><div class="fop-img-wrapper"><div><img alt="Little Moons Mochi Ice Cream Iced Latte" class="fop-img" src="/productImages/602/602651011_0_150x150.jpg?identifier=5b765f8bab61b1fbbc75d7891ec5d80d" srcset="/productImages/602/602651011_0_150x150.jpg?identifier=5b765f8bab61b1fbbc75d7891ec5d80d 1x, /productImages/602/602651011_0_280x280.jpg?identifier=5b765f8bab61b1fbbc75d7891ec5d80d 2x" aria-hidden="true"></div><div class="fop-pack-info"><span class="fop-dietary-frozen fop-life">frozen</span></div></div><div class="fop-description"><h4 class="fop-title" title="Little Moons Mochi Ice Cream Iced Latte"><span>Little Moons Mochi Ice Cream Iced Latte</span><span class="fop-catch-weight-inline">6 x 32g</span></h4><span class="fop-catch-weight">6 x 32g</span></div></div><div class="price-group-wrapper"><span class="fop-price">£4.99</span><span class="fop-unit-price">£2.60 per 100g</span></div><div class="review-wrapper"></div></a></div><div class="fop-add-default"><div class="button-wrapper"><div class="button-section"><button type="submit" class="fop-btn-add fop-btn-add-single fop-btn-add-to-trolley" name="addproduct" aria-label="Add to trolley"><span class="add-to-trolley">Add to trolley</span></button></div></div></div></div></li><li class="fops-item"><div class="fop-item" data-sku="602656011"><div class="fop-contentWrapper" role="presentation"><a href="/products/ferrero-rocher-classic-milk-chocolate-hazelnut-ice-cream-sticks-multipack-602656011"><div class="fop-content"><div class="fop-img-wrapper"><div><img alt="Ferrero Rocher Classic Milk Chocolate &amp; Hazelnut Ice Cream Sticks Multipack" class="fop-img" src="/productImages/602/602656011_0_150x150.jpg?identifier=c1dfe90c96a3d15a1724f254cdb3ed6b" srcset="/productImages/602/602656011_0_150x150.jpg?identifier=c1dfe90c96a3d15a1724f254cdb3ed6b 1x, /productImages/602/602656011_0_280x280.jpg?identifier=c1dfe90c96a3d15a1724f254cdb3ed6b 2x" aria-hidden="true"></div><div class="fop-pack-info"><span class="fop-dietary-frozen fop-life">frozen</span></div></div><div class="fop-description"><h4 class="fop-title" title="Ferrero Rocher Classic Milk Chocolate &amp; Hazelnut Ice Cream Sticks Multipack"><span>Ferrero Rocher Classic Milk Chocolate &amp; Hazel…</span><span class="fop-catch-weight-inline">4 x 50g</span></h4><span class="fop-catch-weight">4 x 50g</span></div></div><div class="price-group-wrapper"><span class="fop-price">£5</span><span class="fop-unit-price">£2.50 per 100g</span></div><div class="review-wrapper"><span class="fop-rating"><span class="fop-rating-inner" style="width: 60%;" title="Reviews 3.00 out of 5"></span></span></div></a></div><div class="fop-add-default"><div class="button-wrapper"><div class="button-section"><button type="submit" class="fop-btn-add fop-btn-add-single fop-btn-add-to-trolley" name="addproduct" aria-label="Add to trolley"><span class="add-to-trolley">Add to trolley</span></button></div></div></div></div></li><li class="fops-item"><div class="fop-item" data-sku="602657011"><div class="fop-contentWrapper" role="presentation"><a href="/products/ferrero-rocher-dark-chocolate-hazelnut-ice-cream-sticks-multipack-602657011"><div class="fop-content"><div class="fop-img-wrapper"><div><img alt="Ferrero Rocher Dark Chocolate &amp; Hazelnut Ice Cream Sticks Multipack" class="fop-img" src="/productImages/602/602657011_0_150x150.jpg?identifier=40e4f14877296318db9283f8320cd66a" srcset="/productImages/602/602657011_0_150x150.jpg?identifier=40e4f14877296318db9283f8320cd66a 1x, /productImages/602/602657011_0_280x280.jpg?identifier=40e4f14877296318db9283f8320cd66a 2x" aria-hidden="true"></div><div class="fop-pack-info"><span class="fop-dietary-frozen fop-life">frozen</span></div></div><div class="fop-description"><h4 class="fop-title" title="Ferrero Rocher Dark Chocolate &amp; Hazelnut Ice Cream Sticks Multipack"><span>Ferrero Rocher Dark Chocolate &amp; Hazelnu…</span><span class="fop-catch-weight-inline">4 x 50g</span></h4><span class="fop-catch-weight">4 x 50g</span></div></div><div class="price-group-wrapper"><span class="fop-price">£5</span><span class="fop-unit-price">£2.50 per 100g</span></div><div class="review-wrapper"><span class="fop-rating"><span class="fop-rating-inner" style="width: 70%;" title="Reviews 3.50 out of 5"></span></span></div></a></div><div class="fop-add-default"><div class="button-wrapper"><div class="button-section"><button type="submit" class="fop-btn-add fop-btn-add-single fop-btn-add-to-trolley" name="addproduct" aria-label="Add to trolley"><span class="add-to-trolley">Add to trolley</span></button></div></div></div></div></li><li class="fops-item"><div class="fop-item" data-sku="602658011"><div class="fop-contentWrapper" role="presentation"><a href="/products/ferrero-raffaello-coconut-ice-cream-sticks-multipack-602658011"><div class="fop-content"><div class="fop-img-wrapper"><div><img alt="Ferrero Raffaello Coconut Ice Cream Sticks Multipack" class="fop-img" src="/productImages/602/602658011_0_150x150.jpg?identifier=3811c31036fabc18bd136b43144f9d51" srcset="/productImages/602/602658011_0_150x150.jpg?identifier=3811c31036fabc18bd136b43144f9d51 1x, /productImages/602/602658011_0_280x280.jpg?identifier=3811c31036fabc18bd136b43144f9d51 2x" aria-hidden="true"></div><div class="fop-pack-info"><span class="fop-dietary-frozen fop-life">frozen</span></div></div><div class="fop-description"><h4 class="fop-title" title="Ferrero Raffaello Coconut Ice Cream Sticks Multipack"><span>Ferrero Raffaello Coconut Ice Cream Sticks Multipack</span><span class="fop-catch-weight-inline">4 x 47g</span></h4><span class="fop-catch-weight">4 x 47g</span></div></div><div class="price-group-wrapper"><span class="fop-price">£5</span><span class="fop-unit-price">£2.66 per 100g</span></div><div class="review-wrapper"><span class="fop-rating"><span class="fop-rating-inner" style="width: 60%;" title="Reviews 3.00 out of 5"></span></span></div></a></div><div class="fop-add-default"><div class="button-wrapper"><div class="button-section"><button type="submit" class="fop-btn-add fop-btn-add-single fop-btn-add-to-trolley" name="addproduct" aria-label="Add to trolley"><span class="add-to-trolley">Add to trolley</span></button></div></div></div></div></li><li class="fops-item"><div class="fop-item" data-sku="609648011"><div class="fop-contentWrapper" role="presentation"><a href="/products/morrisons-fish-pie-mix-609648011"><span class="fop-mark-new fop-image-corner">New</span><div class="fop-content"><div class="fop-img-wrapper"><div><img alt="Morrisons Fish Pie Mix" class="fop-img" src="/productImages/609/609648011_0_150x150.jpg?identifier=fb54f5d9397902cfb1f9a839a3449d58" srcset="/productImages/609/609648011_0_150x150.jpg?identifier=fb54f5d9397902cfb1f9a839a3449d58 1x, /productImages/609/609648011_0_280x280.jpg?identifier=fb54f5d9397902cfb1f9a839a3449d58 2x" aria-hidden="true"></div><div class="fop-pack-info"><span class="fop-dietary-frozen fop-life">frozen</span></div></div><div class="fop-description"><h4 class="fop-title" title="Morrisons Fish Pie Mix"><span>Morrisons Fish Pie Mix</span><span class="fop-catch-weight-inline">360g</span></h4><span class="fop-catch-weight">360g</span></div></div><div class="price-group-wrapper"><span class="fop-price">£5</span><span class="fop-unit-price">£1.39 per 100g</span></div><div class="review-wrapper"></div></a></div><div class="fop-add-default"><div class="button-wrapper"><div class="button-section"><button type="submit" class="fop-btn-add fop-btn-add-single fop-btn-add-to-trolley" name="addproduct" aria-label="Add to trolley"><span class="add-to-trolley">Add to trolley</span></button></div></div></div></div></li><li class="fops-item"><div class="fop-item" data-sku="406092011"><div class="fop-contentWrapper" role="presentation"><a href="/products/haagen-dazs-salted-caramel-ice-cream-406092011"><div class="fop-content"><div class="fop-img-wrapper"><div><img alt="Haagen-Dazs Salted Caramel Ice Cream" class="fop-img" src="/productImages/406/406092011_0_150x150.jpg?identifier=aa7775e4b203a952fad2a79c9deb3379" srcset="/productImages/406/406092011_0_150x150.jpg?identifier=aa7775e4b203a952fad2a79c9deb3379 1x, /productImages/406/406092011_0_280x280.jpg?identifier=aa7775e4b203a952fad2a79c9deb3379 2x" aria-hidden="true"></div><div class="fop-pack-info"><span class="fop-dietary-frozen fop-life">frozen</span></div></div><div class="fop-description"><h4 class="fop-title" title="Haagen-Dazs Salted Caramel Ice Cream"><span>Haagen-Dazs Salted Caramel Ice Cream</span><span class="fop-catch-weight-inline">460ml</span></h4><span class="fop-catch-weight">460ml</span></div></div><div class="price-group-wrapper"><span class="fop-price">£5.19</span><span class="fop-unit-price">£1.13 per 100ml</span></div><div class="review-wrapper"><span class="fop-rating"><span class="fop-rating-inner" style="width: 94%;" title="Reviews 4.70 out of 5"></span></span></div></a></div><div class="fop-add-default"><div class="button-wrapper"><div class="button-section"><button type="submit" class="fop-btn-add fop-btn-add-single fop-btn-add-to-trolley" name="addproduct" aria-label="Add to trolley"><span class="add-to-trolley">Add to trolley</span></button></div></div></div></div></li><li class="fops-item"><div class="fop-item" data-sku="406093011"><div class="fop-contentWrapper" role="presentation"><a href="/products/haagen-dazs-strawberry-cream-ice-cream-406093011"><div class="fop-content"><div class="fop-img-wrapper"><div><img alt="Haagen-Dazs Strawberry &amp; Cream Ice Cream" class="fop-img" src="/productImages/406/406093011_0_150x150.jpg?identifier=4679f38db0f8557a1d00f7c79af70935" srcset="/productImages/406/406093011_0_150x150.jpg?identifier=4679f38db0f8557a1d00f7c79af70935 1x, /productImages/406/406093011_0_280x280.jpg?identifier=4679f38db0f8557a1d00f7c79af70935 2x" aria-hidden="true"></div><div class="fop-pack-info"><span class="fop-dietary-frozen fop-life">frozen</span></div></div><div class="fop-description"><h4 class="fop-title" title="Haagen-Dazs Strawberry &amp; Cream Ice Cream"><span>Haagen-Dazs Strawberry &amp; Cream Ice Cream</span><span class="fop-catch-weight-inline">460ml</span></h4><span class="fop-catch-weight">460ml</span></div></div><div class="price-group-wrapper"><span class="fop-price">£5.19</span><span class="fop-unit-price">£1.13 per 100ml</span></div><div class="review-wrapper"><span class="fop-rating"><span class="fop-rating-inner" style="width: 80%;" title="Reviews 4.00 out of 5"></span></span></div></a></div><div class="fop-add-default"><div class="button-wrapper"><div class="button-section"><button type="submit" class="fop-btn-add fop-btn-add-single fop-btn-add-to-trolley" name="addproduct" aria-label="Add to trolley"><span class="add-to-trolley">Add to trolley</span></button></div></div></div></div></li><li class="fops-item"><div class="fop-item" data-sku="406096011"><div class="fop-contentWrapper" role="presentation"><a href="/products/haagen-dazs-vanilla-ice-cream-406096011"><div class="fop-content"><div class="fop-img-wrapper"><div><img alt="Haagen-Dazs Vanilla Ice Cream" class="fop-img" src="/productImages/406/406096011_0_150x150.jpg?identifier=9ab93a3b22359c53623ef3a825cb2110" srcset="/productImages/406/406096011_0_150x150.jpg?identifier=9ab93a3b22359c53623ef3a825cb2110 1x, /productImages/406/406096011_0_280x280.jpg?identifier=9ab93a3b22359c53623ef3a825cb2110 2x" aria-hidden="true"></div><div class="fop-pack-info"><span class="fop-dietary-frozen fop-life">frozen</span></div></div><div class="fop-description"><h4 class="fop-title" title="Haagen-Dazs Vanilla Ice Cream"><span>Haagen-Dazs Vanilla Ice Cream</span><span class="fop-catch-weight-inline">460ml</span></h4><span class="fop-catch-weight">460ml</span></div></div><div class="price-group-wrapper"><span class="fop-price">£5.19</span><span class="fop-unit-price">£1.13 per 100ml</span></div><div class="review-wrapper"><span class="fop-rating"><span class="fop-rating-inner" style="width: 98%;" title="Reviews 4.90 out of 5"></span></span></div></a></div><div class="fop-add-default"><div class="button-wrapper"><div class="button-section"><button type="submit" class="fop-btn-add fop-btn-add-single fop-btn-add-to-trolley" name="addproduct" aria-label="Add to trolley"><span class="add-to-trolley">Add to trolley</span></button></div></div></div></div></li><li class="fops-item"><div class="fop-item" data-sku="537936011"><div class="fop-contentWrapper" role="presentation"><a href="/products/haagen-dazs-belgian-chocolate-ice-cream-537936011"><div class="fop-content"><div class="fop-img-wrapper"><div><img alt="Haagen-Dazs Belgian Chocolate Ice Cream" class="fop-img" src="/productImages/537/537936011_0_150x150.jpg?identifier=48fa32424d8c3edacf1a0e755ebca7b0" srcset="/productImages/537/537936011_0_150x150.jpg?identifier=48fa32424d8c3edacf1a0e755ebca7b0 1x, /productImages/537/537936011_0_280x280.jpg?identifier=48fa32424d8c3edacf1a0e755ebca7b0 2x" aria-hidden="true"></div><div class="fop-pack-info"><span class="fop-dietary-frozen fop-life">frozen</span></div></div><div class="fop-description"><h4 class="fop-title" title="Haagen-Dazs Belgian Chocolate Ice Cream"><span>Haagen-Dazs Belgian Chocolate Ice Cream</span><span class="fop-catch-weight-inline">460ml</span></h4><span class="fop-catch-weight">460ml</span></div></div><div class="price-group-wrapper"><span class="fop-price">£5.19</span><span class="fop-unit-price">£1.13 per 100ml</span></div><div class="review-wrapper"><span class="fop-rating"><span class="fop-rating-inner" style="width: 98%;" title="Reviews 4.90 out of 5"></span></span></div></a></div><div class="fop-add-default"><div class="button-wrapper"><div class="button-section"><button type="submit" class="fop-btn-add fop-btn-add-single fop-btn-add-to-trolley" name="addproduct" aria-label="Add to trolley"><span class="add-to-trolley">Add to trolley</span></button></div></div></div></div></li><li class="fops-item"><div class="fop-item" data-sku="602652011"><div class="fop-contentWrapper" role="presentation"><a href="/products/haagen-dazs-watermelon-strawberry-602652011"><div class="fop-content"><div class="fop-img-wrapper"><div><img alt="Haagen Dazs Watermelon &amp; Strawberry" class="fop-img" src="/productImages/602/602652011_0_150x150.jpg?identifier=95cf3cdd4890d124cdcc19fdef0a6020" srcset="/productImages/602/602652011_0_150x150.jpg?identifier=95cf3cdd4890d124cdcc19fdef0a6020 1x, /productImages/602/602652011_0_280x280.jpg?identifier=95cf3cdd4890d124cdcc19fdef0a6020 2x" aria-hidden="true"></div><div class="fop-pack-info"><span class="fop-dietary-frozen fop-life">frozen</span></div></div><div class="fop-description"><h4 class="fop-title" title="Haagen Dazs Watermelon &amp; Strawberry"><span>Haagen Dazs Watermelon &amp; Strawberry</span><span class="fop-catch-weight-inline">460g</span></h4><span class="fop-catch-weight">460g</span></div></div><div class="price-group-wrapper"><span class="fop-price">£5.19</span><span class="fop-unit-price">£1.13 per 100g</span></div><div class="review-wrapper"><span class="fop-rating"><span class="fop-rating-inner" style="width: 70%;" title="Reviews 3.50 out of 5"></span></span></div></a></div><div class="fop-add-default"><div class="button-wrapper"><div class="button-section"><button type="submit" class="fop-btn-add fop-btn-add-single fop-btn-add-to-trolley" name="addproduct" aria-label="Add to trolley"><span class="add-to-trolley">Add to trolley</span></button></div></div></div></div></li><li class="fops-item"><div class="fop-item" data-sku="430976011"><div class="fop-contentWrapper" role="presentation"><a href="/products/halo-top-sea-salt-caramel-ice-cream-430976011"><div class="fop-content"><div class="fop-img-wrapper"><div><img alt="Halo Top Sea Salt Caramel Ice Cream" class="fop-img" src="/productImages/430/430976011_0_150x150.jpg?identifier=7ec774c0255ae6895c94f7e1172b9971" srcset="/productImages/430/430976011_0_150x150.jpg?identifier=7ec774c0255ae6895c94f7e1172b9971 1x, /productImages/430/430976011_0_280x280.jpg?identifier=7ec774c0255ae6895c94f7e1172b9971 2x" aria-hidden="true"></div><div class="fop-pack-info"><span class="fop-dietary-frozen fop-life">frozen</span></div></div><div class="fop-description"><h4 class="fop-title" title="Halo Top Sea Salt Caramel Ice Cream"><span>Halo Top Sea Salt Caramel Ice Cream</span><span class="fop-catch-weight-inline">473ml</span></h4><span class="fop-catch-weight">473ml</span></div></div><div class="price-group-wrapper"><span class="fop-price">£5.25</span><span class="fop-unit-price">£11.10 per litre</span></div><div class="review-wrapper"><span class="fop-rating"><span class="fop-rating-inner" style="width: 68%;" title="Reviews 3.40 out of 5"></span></span></div></a></div><div class="fop-add-default"><div class="button-wrapper"><div class="button-section"><button type="submit" class="fop-btn-add fop-btn-add-single fop-btn-add-to-trolley" name="addproduct" aria-label="Add to trolley"><span class="add-to-trolley">Add to trolley</span></button></div></div></div></div></li><li class="fops-item"><div class="fop-item" data-sku="517914011"><div class="fop-contentWrapper" role="presentation"><a href="/products/morrisons-lean-beef-mince-5-fat-517914011"><div class="fop-content"><div class="fop-img-wrapper"><div><img alt="Morrisons Lean Beef Mince 5% Fat " class="fop-img" src="/productImages/517/517914011_0_150x150.jpg?identifier=9ef22c568a2f912f5fcbf9ee117193da" srcset="/productImages/517/517914011_0_150x150.jpg?identifier=9ef22c568a2f912f5fcbf9ee117193da 1x, /productImages/517/517914011_0_280x280.jpg?identifier=9ef22c568a2f912f5fcbf9ee117193da 2x" aria-hidden="true"></div><div class="fop-pack-info"><span class="fop-dietary-frozen fop-life">frozen</span></div></div><div class="fop-description"><h4 class="fop-title" title="Morrisons Lean Beef Mince 5% Fat "><span>Morrisons Lean Beef Mince 5% Fat </span><span class="fop-catch-weight-inline">500g</span></h4><span class="fop-catch-weight">500g</span></div></div><div class="price-group-wrapper"><span class="fop-price">£5.25</span><span class="fop-unit-price">£10.50 per kg</span></div><div class="review-wrapper"><span class="fop-rating"><span class="fop-rating-inner" style="width: 100%;" title="Reviews 5.00 out of 5"></span></span></div></a></div><div class="fop-add-default"><div class="button-wrapper"><div class="button-section"><button type="submit" class="fop-btn-add fop-btn-add-single fop-btn-add-to-trolley" name="addproduct" aria-label="Add to trolley"><span class="add-to-trolley">Add to trolley</span></button></div></div></div></div></li><li class="fops-item"><div class="fop-item" data-sku="537473011"><div class="fop-contentWrapper" role="presentation"><a href="/products/birds-eye-26-battered-fish-fingers-537473011"><div class="fop-content"><div class="fop-img-wrapper"><div><img alt="Birds Eye 26 Battered Fish Fingers" class="fop-img" src="/productImages/537/537473011_0_150x150.jpg?identifier=40edc682697f196f893618550152beed" srcset="/productImages/537/537473011_0_150x150.jpg?identifier=40edc682697f196f893618550152beed 1x, /productImages/537/537473011_0_280x280.jpg?identifier=40edc682697f196f893618550152beed 2x" aria-hidden="true"></div><div class="fop-pack-info"><span class="fop-dietary-frozen fop-life">frozen</span></div></div><div class="fop-description"><h4 class="fop-title" title="Birds Eye 26 Battered Fish Fingers"><span>Birds Eye 26 Battered Fish Fingers</span><span class="fop-catch-weight-inline">728g</span></h4><span class="fop-catch-weight">728g</span></div></div><div class="price-group-wrapper"><span class="fop-price">£5.25</span><span class="fop-unit-price">£7.21 per kg</span></div><div class="review-wrapper"><span class="fop-rating"><span class="fop-rating-inner" style="width: 70%;" title="Reviews 3.50 out of 5"></span></span></div></a></div><div class="fop-add-default"><div class="button-wrapper"><div class="button-section"><button type="submit" class="fop-btn-add fop-btn-add-single fop-btn-add-to-trolley" name="addproduct" aria-label="Add to trolley"><span class="add-to-trolley">Add to trolley</span></button></div></div></div></div></li><li class="fops-item"><div class="fop-item" data-sku="546689011"><div class="fop-contentWrapper" role="presentation"><a href="/products/halo-top-gooey-brownie-ice-cream-546689011"><div class="fop-content"><div class="fop-img-wrapper"><div><img alt="Halo Top Gooey Brownie Ice Cream" class="fop-img" src="/productImages/546/546689011_0_150x150.jpg?identifier=ee1691cc8fdc663ce90bb4dce466630b" srcset="/productImages/546/546689011_0_150x150.jpg?identifier=ee1691cc8fdc663ce90bb4dce466630b 1x, /productImages/546/546689011_0_280x280.jpg?identifier=ee1691cc8fdc663ce90bb4dce466630b 2x" aria-hidden="true"></div><div class="fop-pack-info"><span class="fop-dietary-frozen fop-life">frozen</span></div></div><div class="fop-description"><h4 class="fop-title" title="Halo Top Gooey Brownie Ice Cream"><span>Halo Top Gooey Brownie Ice Cream</span><span class="fop-catch-weight-inline">473ml</span></h4><span class="fop-catch-weight">473ml</span></div></div><div class="price-group-wrapper"><span class="fop-price">£5.25</span><span class="fop-unit-price">£1.11 per 100ml</span></div><div class="review-wrapper"><span class="fop-rating"><span class="fop-rating-inner" style="width: 100%;" title="Reviews 5.00 out of 5"></span></span></div></a></div><div class="fop-add-default"><div class="button-wrapper"><div class="button-section"><button type="submit" class="fop-btn-add fop-btn-add-single fop-btn-add-to-trolley" name="addproduct" aria-label="Add to trolley"><span class="add-to-trolley">Add to trolley</span></button></div></div></div></div></li><li class="fops-item"><div class="fop-item" data-sku="585213011"><div class="fop-contentWrapper" role="presentation"><a href="/products/crosta-mollica-stromboli-sour-dough-pizza-585213011"><div class="fop-content"><div class="fop-img-wrapper"><div><img alt="Crosta &amp; Mollica Stromboli Sour Dough Pizza" class="fop-img" src="/productImages/585/585213011_0_150x150.jpg?identifier=8c8b3037f14752792128d821950d3624" srcset="/productImages/585/585213011_0_150x150.jpg?identifier=8c8b3037f14752792128d821950d3624 1x, /productImages/585/585213011_0_280x280.jpg?identifier=8c8b3037f14752792128d821950d3624 2x" aria-hidden="true"></div><div class="fop-pack-info"><span class="fop-dietary-frozen fop-life">frozen</span></div></div><div class="fop-description"><h4 class="fop-title" title="Crosta &amp; Mollica Stromboli Sour Dough Pizza"><span>Crosta &amp; Mollica Stromboli Sour Dough Pizza</span><span class="fop-catch-weight-inline">2 per pack</span></h4><span class="fop-catch-weight">2 per pack</span></div></div><div class="price-group-wrapper"><span class="fop-price">£5.25</span><span class="fop-unit-price">£2.63 each</span></div><div class="review-wrapper"><span class="fop-rating"><span class="fop-rating-inner" style="width: 66%;" title="Reviews 3.30 out of 5"></span></span></div></a></div><div class="fop-add-default"><div class="button-wrapper"><div class="button-section"><button type="submit" class="fop-btn-add fop-btn-add-single fop-btn-add-to-trolley" name="addproduct" aria-label="Add to trolley"><span class="add-to-trolley">Add to trolley</span></button></div></div></div></div></li><li class="fops-item"><div class="fop-item" data-sku="585217011"><div class="fop-contentWrapper" role="presentation"><a href="/products/crosta-mollica-margherita-sour-dough-pizza-585217011"><div class="fop-content"><div class="fop-img-wrapper"><div><img alt="Crosta &amp; Mollica Margherita Sour Dough Pizza" class="fop-img" src="/productImages/585/585217011_0_150x150.jpg?identifier=6999d647b701134e2184fe4c7705f959" srcset="/productImages/585/585217011_0_150x150.jpg?identifier=6999d647b701134e2184fe4c7705f959 1x, /productImages/585/585217011_0_280x280.jpg?identifier=6999d647b701134e2184fe4c7705f959 2x" aria-hidden="true"></div><div class="fop-pack-info"><span class="fop-dietary-frozen fop-life">frozen</span></div></div><div class="fop-description"><h4 class="fop-title" title="Crosta &amp; Mollica Margherita Sour Dough Pizza"><span>Crosta &amp; Mollica Margherita Sour Dough Pizza</span><span class="fop-catch-weight-inline">2 per pack</span></h4><span class="fop-catch-weight">2 per pack</span></div></div><div class="price-group-wrapper"><span class="fop-price">£5.25</span><span class="fop-unit-price">£2.63 each</span></div><div class="review-wrapper"><span class="fop-rating"><span class="fop-rating-inner" style="width: 100%;" title="Reviews 5.00 out of 5"></span></span></div></a></div><div class="fop-add-default"><div class="button-wrapper"><div class="button-section"><button type="submit" class="fop-btn-add fop-btn-add-single fop-btn-add-to-trolley" name="addproduct" aria-label="Add to trolley"><span class="add-to-trolley">Add to trolley</span></button></div></div></div></div></li><li class="fops-item"><div class="fop-item" data-sku="492981011"><div class="fop-contentWrapper" role="presentation"><a href="/products/mccain-baked-frozen-jacket-potatoes-8-pack-492981011"><div class="fop-content"><div class="fop-img-wrapper"><div><img alt="Mccain Baked Frozen Jacket Potatoes 8 Pack" class="fop-img" src="/productImages/492/492981011_0_150x150.jpg?identifier=93608da1b4c3479318d299899b49fa91" srcset="/productImages/492/492981011_0_150x150.jpg?identifier=93608da1b4c3479318d299899b49fa91 1x, /productImages/492/492981011_0_280x280.jpg?identifier=93608da1b4c3479318d299899b49fa91 2x" aria-hidden="true"></div><div class="fop-pack-info"><div class="fop-dietary"><span class="fop-dietary-vegetarian" title="Suitable for vegetarians"></span></div><span class="fop-dietary-frozen fop-life">frozen</span></div></div><div class="fop-description"><h4 class="fop-title" title="Mccain Baked Frozen Jacket Potatoes 8 Pack"><span>Mccain Baked Frozen Jacket Potatoes 8 Pack</span><span class="fop-catch-weight-inline">1.6kg</span></h4><span class="fop-catch-weight">1.6kg</span></div></div><div class="price-group-wrapper"><span class="fop-price">£5.29</span><span class="fop-unit-price">£3.31 per kg</span></div><div class="review-wrapper"><span class="fop-rating"><span class="fop-rating-inner" style="width: 76%;" title="Reviews 3.80 out of 5"></span></span></div></a></div><div class="fop-add-default"><div class="button-wrapper"><div class="button-section"><button type="submit" class="fop-btn-add fop-btn-add-single fop-btn-add-to-trolley" name="addproduct" aria-label="Add to trolley"><span class="add-to-trolley">Add to trolley</span></button></div></div></div></div></li><li class="fops-item"><div class="fop-item" data-sku="568590011"><div class="fop-contentWrapper" role="presentation"><a href="/products/birds-eye-chicken-shop-buttermilk-chicken-strips-568590011"><div class="fop-content"><div class="fop-img-wrapper"><div><img alt="Birds Eye Chicken Shop Buttermilk Chicken Strips" class="fop-img" src="/productImages/568/568590011_0_150x150.jpg?identifier=7846359399bd83b88dd6e6732d881d99" srcset="/productImages/568/568590011_0_150x150.jpg?identifier=7846359399bd83b88dd6e6732d881d99 1x, /productImages/568/568590011_0_280x280.jpg?identifier=7846359399bd83b88dd6e6732d881d99 2x" aria-hidden="true"></div><div class="fop-pack-info"><span class="fop-dietary-frozen fop-life">frozen</span></div></div><div class="fop-description"><h4 class="fop-title" title="Birds Eye Chicken Shop Buttermilk Chicken Strips"><span>Birds Eye Chicken Shop Buttermilk Chicken Strips</span><span class="fop-catch-weight-inline">350g</span></h4><span class="fop-catch-weight">350g</span></div></div><div class="price-group-wrapper"><span class="fop-price">£5.29</span><span class="fop-unit-price">£15.11 per kg</span></div><div class="review-wrapper"><span class="fop-rating"><span class="fop-rating-inner" style="width: 50%;" title="Reviews 2.50 out of 5"></span></span></div></a></div><div class="fop-add-default"><div class="button-wrapper"><div class="button-section"><button type="submit" class="fop-btn-add fop-btn-add-single fop-btn-add-to-trolley" name="addproduct" aria-label="Add to trolley"><span class="add-to-trolley">Add to trolley</span></button></div></div></div></div></li><li class="fops-item"><div class="fop-item" data-sku="568591011"><div class="fop-contentWrapper" role="presentation"><a href="/products/birds-eye-chicken-shop-hot-fiery-chicken-breast-chunks-568591011"><div class="fop-content"><div class="fop-img-wrapper"><div><img alt="Birds Eye Chicken Shop Hot &amp; Fiery Chicken Breast Chunks" class="fop-img" src="/productImages/568/568591011_0_150x150.jpg?identifier=728f2a43baa4df4cbe257912bb456389" srcset="/productImages/568/568591011_0_150x150.jpg?identifier=728f2a43baa4df4cbe257912bb456389 1x, /productImages/568/568591011_0_280x280.jpg?identifier=728f2a43baa4df4cbe257912bb456389 2x" aria-hidden="true"></div><div class="fop-pack-info"><span class="fop-dietary-frozen fop-life">frozen</span></div></div><div class="fop-description"><h4 class="fop-title" title="Birds Eye Chicken Shop Hot &amp; Fiery Chicken Breast Chunks"><span>Birds Eye Chicken Shop Hot &amp; Fi…</span><span class="fop-catch-weight-inline">350g</span></h4><span class="fop-catch-weight">350g</span></div></div><div class="price-group-wrapper"><span class="fop-price">£5.29</span><span class="fop-unit-price">£15.11 per kg</span></div><div class="review-wrapper"><span class="fop-rating"><span class="fop-rating-inner" style="width: 66%;" title="Reviews 3.30 out of 5"></span></span></div></a></div><div class="fop-add-default"><div class="button-wrapper"><div class="button-section"><button type="submit" class="fop-btn-add fop-btn-add-single fop-btn-add-to-trolley" name="addproduct" aria-label="Add to trolley"><span class="add-to-trolley">Add to trolley</span></button></div></div></div></div></li><li class="fops-item"><div class="fop-item" data-sku="490799011"><div class="fop-contentWrapper" role="presentation"><a href="/products/haagen-dazs-gelato-150-calories-caramel-swirl-ice-cream-490799011"><div class="fop-content"><div class="fop-img-wrapper"><div><img alt="Haagen-Dazs Gelato 150 Calories Caramel Swirl Ice Cream" class="fop-img" src="/productImages/490/490799011_0_150x150.jpg?identifier=b89f2991ab600546e6ec9631b79fb3a0" srcset="/productImages/490/490799011_0_150x150.jpg?identifier=b89f2991ab600546e6ec9631b79fb3a0 1x, /productImages/490/490799011_0_280x280.jpg?identifier=b89f2991ab600546e6ec9631b79fb3a0 2x" aria-hidden="true"></div><div class="fop-pack-info"><span class="fop-dietary-frozen fop-life">frozen</span></div></div><div class="fop-description"><h4 class="fop-title" title="Haagen-Dazs Gelato 150 Calories Caramel Swirl Ice Cream"><span>Haagen-Dazs Gelato 150 Calories…</span><span class="fop-catch-weight-inline">4 x 95ml</span></h4><span class="fop-catch-weight">4 x 95ml</span></div></div><div class="price-group-wrapper"><span class="fop-price">£5.39</span><span class="fop-unit-price">£1.42 per 100ml</span></div><div class="review-wrapper"><span class="fop-rating"><span class="fop-rating-inner" style="width: 90%;" title="Reviews 4.50 out of 5"></span></span></div></a></div><div class="fop-add-default"><div class="button-wrapper"><div class="button-section"><button type="submit" class="fop-btn-add fop-btn-add-single fop-btn-add-to-trolley" name="addproduct" aria-label="Add to trolley"><span class="add-to-trolley">Add to trolley</span></button></div></div></div></div></li><li class="fops-item"><div class="fop-item" data-sku="514747011"><div class="fop-contentWrapper" role="presentation"><a href="/products/haagen-dazs-gelato-150-calories-chocolate-drizzle-ice-cream-514747011"><div class="fop-content"><div class="fop-img-wrapper"><div><img alt="Haagen-Dazs Gelato 150 Calories Chocolate Drizzle Ice Cream" class="fop-img" src="/productImages/514/514747011_0_150x150.jpg?identifier=6126e5a02b2143c0500072b5af9269fa" srcset="/productImages/514/514747011_0_150x150.jpg?identifier=6126e5a02b2143c0500072b5af9269fa 1x, /productImages/514/514747011_0_280x280.jpg?identifier=6126e5a02b2143c0500072b5af9269fa 2x" aria-hidden="true"></div><div class="fop-pack-info"><span class="fop-dietary-frozen fop-life">frozen</span></div></div><div class="fop-description"><h4 class="fop-title" title="Haagen-Dazs Gelato 150 Calories Chocolate Drizzle Ice Cream"><span>Haagen-Dazs Gelato 150 Calories C…</span><span class="fop-catch-weight-inline">4 x 95ml</span></h4><span class="fop-catch-weight">4 x 95ml</span></div></div><div class="price-group-wrapper"><span class="fop-price">£5.39</span><span class="fop-unit-price">£1.42 per 100ml</span></div><div class="review-wrapper"><span class="fop-rating"><span class="fop-rating-inner" style="width: 96%;" title="Reviews 4.80 out of 5"></span></span></div></a></div><div class="fop-add-default"><div class="button-wrapper"><div class="button-section"><button type="submit" class="fop-btn-add fop-btn-add-single fop-btn-add-to-trolley" name="addproduct" aria-label="Add to trolley"><span class="add-to-trolley">Add to trolley</span></button></div></div></div></div></li><li class="fops-item"><div class="fop-item" data-sku="573666011"><div class="fop-contentWrapper" role="presentation"><a href="/products/ben-jerry-s-sundae-hazel-nuttin-but-chocolate-ice-cream-tub-573666011"><div class="fop-content"><div class="fop-img-wrapper"><div><img alt="Ben &amp; Jerry's Sundae Hazel-Nuttin' But Chocolate Ice Cream Tub" class="fop-img" src="/productImages/573/573666011_0_150x150.jpg?identifier=a9410234665fc545765027a75c8a1a6c" srcset="/productImages/573/573666011_0_150x150.jpg?identifier=a9410234665fc545765027a75c8a1a6c 1x, /productImages/573/573666011_0_280x280.jpg?identifier=a9410234665fc545765027a75c8a1a6c 2x" aria-hidden="true"></div><div class="fop-pack-info"><span class="fop-dietary-frozen fop-life">frozen</span></div></div><div class="fop-description"><h4 class="fop-title" title="Ben &amp; Jerry's Sundae Hazel-Nuttin' But Chocolate Ice Cream Tub"><span>Ben &amp; Jerry's Sundae Hazel-Nuttin'…</span><span class="fop-catch-weight-inline">427ml</span></h4><span class="fop-catch-weight">427ml</span></div></div><div class="price-group-wrapper"><span class="fop-price">£5.49</span><span class="fop-unit-price">£1.29 per 100ml</span></div><div class="review-wrapper"><span class="fop-rating"><span class="fop-rating-inner" style="width: 70%;" title="Reviews 3.50 out of 5"></span></span></div></a></div><div class="fop-add-default"><div class="button-wrapper"><div class="button-section"><button type="submit" class="fop-btn-add fop-btn-add-single fop-btn-add-to-trolley" name="addproduct" aria-label="Add to trolley"><span class="add-to-trolley">Add to trolley</span></button></div></div></div></div></li><li class="fops-item"><div class="fop-item" data-sku="573667011"><div class="fop-contentWrapper" role="presentation"><a href="/products/ben-jerry-s-sundae-cookie-vermont-ster-ice-cream-tub-573667011"><div class="fop-content"><div class="fop-img-wrapper"><div><img alt="Ben &amp; Jerry's Sundae Cookie Vermont-Ster Ice Cream Tub" class="fop-img" src="/productImages/573/573667011_0_150x150.jpg?identifier=4d4779bb3c443969ed0bb12d4d8494ff" srcset="/productImages/573/573667011_0_150x150.jpg?identifier=4d4779bb3c443969ed0bb12d4d8494ff 1x, /productImages/573/573667011_0_280x280.jpg?identifier=4d4779bb3c443969ed0bb12d4d8494ff 2x" aria-hidden="true"></div><div class="fop-pack-info"><span class="fop-dietary-frozen fop-life">frozen</span></div></div><div class="fop-description"><h4 class="fop-title" title="Ben &amp; Jerry's Sundae Cookie Vermont-Ster Ice Cream Tub"><span>Ben &amp; Jerry's Sundae Cookie Ver…</span><span class="fop-catch-weight-inline">427ml</span></h4><span class="fop-catch-weight">427ml</span></div></div><div class="price-group-wrapper"><span class="fop-price">£5.49</span><span class="fop-unit-price">£1.29 per 100ml</span></div><div class="review-wrapper"><span class="fop-rating"><span class="fop-rating-inner" style="width: 60%;" title="Reviews 3.00 out of 5"></span></span></div></a></div><div class="fop-add-default"><div class="button-wrapper"><div class="button-section"><button type="submit" class="fop-btn-add fop-btn-add-single fop-btn-add-to-trolley" name="addproduct" aria-label="Add to trolley"><span class="add-to-trolley">Add to trolley</span></button></div></div></div></div></li><li class="fops-item"><div class="fop-item" data-sku="573855011"><div class="fop-contentWrapper" role="presentation"><a href="/products/ben-jerry-s-sundae-oh-my-banoffee-pie-ice-cream-tub-573855011"><div class="fop-content"><div class="fop-img-wrapper"><div><img alt="Ben &amp; Jerry's Sundae Oh My Banoffee Pie Ice Cream Tub" class="fop-img" src="/productImages/573/573855011_0_150x150.jpg?identifier=3b4cbc8b472a880b4dc94e16841a49ff" srcset="/productImages/573/573855011_0_150x150.jpg?identifier=3b4cbc8b472a880b4dc94e16841a49ff 1x, /productImages/573/573855011_0_280x280.jpg?identifier=3b4cbc8b472a880b4dc94e16841a49ff 2x" aria-hidden="true"></div><div class="fop-pack-info"><span class="fop-dietary-frozen fop-life">frozen</span></div></div><div class="fop-description"><h4 class="fop-title" title="Ben &amp; Jerry's Sundae Oh My Banoffee Pie Ice Cream Tub"><span>Ben &amp; Jerry's Sundae Oh My Ba…</span><span class="fop-catch-weight-inline">427ml</span></h4><span class="fop-catch-weight">427ml</span></div></div><div class="price-group-wrapper"><span class="fop-price">£5.49</span><span class="fop-unit-price">£1.29 per 100ml</span></div><div class="review-wrapper"><span class="fop-rating"><span class="fop-rating-inner" style="width: 70%;" title="Reviews 3.50 out of 5"></span></span></div></a></div><div class="fop-add-default"><div class="button-wrapper"><div class="button-section"><button type="submit" class="fop-btn-add fop-btn-add-single fop-btn-add-to-trolley" name="addproduct" aria-label="Add to trolley"><span class="add-to-trolley">Add to trolley</span></button></div></div></div></div></li><li class="fops-item"><div class="fop-item" data-sku="601107011"><div class="fop-contentWrapper" role="presentation"><a href="/products/ben-jerry-s-sundae-dulce-de-lish-ice-cream-tub-601107011"><div class="fop-content"><div class="fop-img-wrapper"><div><img alt="Ben &amp; Jerry's Sundae Dulce De-lish Ice Cream Tub " class="fop-img" src="/productImages/601/601107011_0_150x150.jpg?identifier=1aca6b6cc36a666ffed4f45817adc178" srcset="/productImages/601/601107011_0_150x150.jpg?identifier=1aca6b6cc36a666ffed4f45817adc178 1x, /productImages/601/601107011_0_280x280.jpg?identifier=1aca6b6cc36a666ffed4f45817adc178 2x" aria-hidden="true"></div><div class="fop-pack-info"><span class="fop-dietary-frozen fop-life">frozen</span></div></div><div class="fop-description"><h4 class="fop-title" title="Ben &amp; Jerry's Sundae Dulce De-lish Ice Cream Tub "><span>Ben &amp; Jerry's Sundae Dulce De-lish Ice Cream Tub </span><span class="fop-catch-weight-inline">427ml</span></h4><span class="fop-catch-weight">427ml</span></div></div><div class="price-group-wrapper"><span class="fop-price">£5.49</span><span class="fop-unit-price">£1.29 per 100ml</span></div><div class="review-wrapper"><span class="fop-rating"><span class="fop-rating-inner" style="width: 60%;" title="Reviews 3.00 out of 5"></span></span></div></a></div><div class="fop-add-default"><div class="button-wrapper"><div class="button-section"><button type="submit" class="fop-btn-add fop-btn-add-single fop-btn-add-to-trolley" name="addproduct" aria-label="Add to trolley"><span class="add-to-trolley">Add to trolley</span></button></div></div></div></div></li><li class="fops-item"><div class="fop-item" data-sku="601109011"><div class="fop-contentWrapper" role="presentation"><a href="/products/ben-jerry-s-sundae-choco-lotta-cheesecake-ice-cream-tub-601109011"><div class="fop-content"><div class="fop-img-wrapper"><div><img alt="Ben &amp; Jerry's Sundae Choco-lotta Cheesecake Ice Cream Tub " class="fop-img" src="/productImages/601/601109011_0_150x150.jpg?identifier=5e29b19fc57b8e9a1eec0cf14cc9cef0" srcset="/productImages/601/601109011_0_150x150.jpg?identifier=5e29b19fc57b8e9a1eec0cf14cc9cef0 1x, /productImages/601/601109011_0_280x280.jpg?identifier=5e29b19fc57b8e9a1eec0cf14cc9cef0 2x" aria-hidden="true"></div><div class="fop-pack-info"><span class="fop-dietary-frozen fop-life">frozen</span></div></div><div class="fop-description"><h4 class="fop-title" title="Ben &amp; Jerry's Sundae Choco-lotta Cheesecake Ice Cream Tub "><span>Ben &amp; Jerry's Sundae Choco-lotta…</span><span class="fop-catch-weight-inline">427ml</span></h4><span class="fop-catch-weight">427ml</span></div></div><div class="price-group-wrapper"><span class="fop-price">£5.49</span><span class="fop-unit-price">£1.29 per 100ml</span></div><div class="review-wrapper"><span class="fop-rating"><span class="fop-rating-inner" style="width: 60%;" title="Reviews 3.00 out of 5"></span></span></div></a></div><div class="fop-add-default"><div class="button-wrapper"><div class="button-section"><button type="submit" class="fop-btn-add fop-btn-add-single fop-btn-add-to-trolley" name="addproduct" aria-label="Add to trolley"><span class="add-to-trolley">Add to trolley</span></button></div></div></div></div></li><li class="fops-item"><div class="fop-item" data-sku="601110011"><div class="fop-contentWrapper" role="presentation"><a href="/products/ben-jerry-s-lighten-up-vanilla-brownie-ice-cream-tub-465ml-601110011"><div class="fop-content"><div class="fop-img-wrapper"><div><img alt="Ben &amp; Jerry's Lighten Up Vanilla Brownie Ice Cream Tub 465ml" class="fop-img" src="/productImages/601/601110011_0_150x150.jpg?identifier=a060ac5a72cc65aa48f4e7c34aeb1b32" srcset="/productImages/601/601110011_0_150x150.jpg?identifier=a060ac5a72cc65aa48f4e7c34aeb1b32 1x, /productImages/601/601110011_0_280x280.jpg?identifier=a060ac5a72cc65aa48f4e7c34aeb1b32 2x" aria-hidden="true"></div><div class="fop-pack-info"><span class="fop-dietary-frozen fop-life">frozen</span></div></div><div class="fop-description"><h4 class="fop-title" title="Ben &amp; Jerry's Lighten Up Vanilla Brownie Ice Cream Tub 465ml"><span>Ben &amp; Jerry's Lighten Up Vanilla Br…</span><span class="fop-catch-weight-inline">465ml</span></h4><span class="fop-catch-weight">465ml</span></div></div><div class="price-group-wrapper"><span class="fop-price">£5.49</span><span class="fop-unit-price">£1.18 per 100ml</span></div><div class="review-wrapper"><span class="fop-rating"><span class="fop-rating-inner" style="width: 60%;" title="Reviews 3.00 out of 5"></span></span></div></a></div><div class="fop-add-default"><div class="button-wrapper"><div class="button-section"><button type="submit" class="fop-btn-add fop-btn-add-single fop-btn-add-to-trolley" name="addproduct" aria-label="Add to trolley"><span class="add-to-trolley">Add to trolley</span></button></div></div></div></div></li><li class="fops-item"><div class="fop-item" data-sku="601112011"><div class="fop-contentWrapper" role="presentation"><a href="/products/ben-jerry-s-lighten-up-chocolate-cookie-dough-ice-cream-tub-601112011"><div class="fop-content"><div class="fop-img-wrapper"><div><img alt="Ben &amp; Jerry's Lighten Up Chocolate Cookie Dough Ice Cream Tub" class="fop-img" src="/productImages/601/601112011_0_150x150.jpg?identifier=dd09d53d106e967cb13315a614f5aca3" srcset="/productImages/601/601112011_0_150x150.jpg?identifier=dd09d53d106e967cb13315a614f5aca3 1x, /productImages/601/601112011_0_280x280.jpg?identifier=dd09d53d106e967cb13315a614f5aca3 2x" aria-hidden="true"></div><div class="fop-pack-info"><span class="fop-dietary-frozen fop-life">frozen</span></div></div><div class="fop-description"><h4 class="fop-title" title="Ben &amp; Jerry's Lighten Up Chocolate Cookie Dough Ice Cream Tub"><span>Ben &amp; Jerry's Lighten Up Chocolate…</span><span class="fop-catch-weight-inline">465ml</span></h4><span class="fop-catch-weight">465ml</span></div></div><div class="price-group-wrapper"><span class="fop-price">£5.49</span><span class="fop-unit-price">£1.18 per 100ml</span></div><div class="review-wrapper"><span class="fop-rating"><span class="fop-rating-inner" style="width: 60%;" title="Reviews 3.00 out of 5"></span></span></div></a></div><div class="fop-add-default"><div class="button-wrapper"><div class="button-section"><button type="submit" class="fop-btn-add fop-btn-add-single fop-btn-add-to-trolley" name="addproduct" aria-label="Add to trolley"><span class="add-to-trolley">Add to trolley</span></button></div></div></div></div></li><li class="fops-item"><div class="fop-item" data-sku="602638011"><div class="fop-contentWrapper" role="presentation"><a href="/products/ben-jerry-s-cookie-brownie-cool-lection-ice-cream-mini-pot-multipack-602638011"><div class="fop-content"><div class="fop-img-wrapper"><div><img alt="Ben &amp; Jerry's Cookie &amp; Brownie Cool-lection Ice Cream Mini Pot Multipack" class="fop-img" src="/productImages/602/602638011_0_150x150.jpg?identifier=10a63cd34e6c012927bbfd3984f4ee99" srcset="/productImages/602/602638011_0_150x150.jpg?identifier=10a63cd34e6c012927bbfd3984f4ee99 1x, /productImages/602/602638011_0_280x280.jpg?identifier=10a63cd34e6c012927bbfd3984f4ee99 2x" aria-hidden="true"></div><div class="fop-pack-info"><span class="fop-dietary-frozen fop-life">frozen</span></div></div><div class="fop-description"><h4 class="fop-title" title="Ben &amp; Jerry's Cookie &amp; Brownie Cool-lection Ice Cream Mini Pot Multipack"><span>Ben &amp; Jerry's Cookie &amp; Brownie Cool-lection…</span><span class="fop-catch-weight-inline">4 x 100ml</span></h4><span class="fop-catch-weight">4 x 100ml</span></div></div><div class="price-group-wrapper"><span class="fop-price">£5.49</span><span class="fop-unit-price">£1.37 per 100ml</span></div><div class="review-wrapper"><span class="fop-rating"><span class="fop-rating-inner" style="width: 60%;" title="Reviews 3.00 out of 5"></span></span></div></a></div><div class="fop-add-default"><div class="button-wrapper"><div class="button-section"><button type="submit" class="fop-btn-add fop-btn-add-single fop-btn-add-to-trolley" name="addproduct" aria-label="Add to trolley"><span class="add-to-trolley">Add to trolley</span></button></div></div></div></div></li><li class="fops-item"><div class="fop-item fop-item-offer" data-sku="386491011"><div class="fop-contentWrapper" role="presentation"><a href="/products/morrisons-basa-fillets-386491011"><span class="fop-mark-offer fop-image-corner">Offer</span><div class="fop-content"><div class="fop-img-wrapper"><div><img alt="Morrisons Basa Fillets" class="fop-img" src="/productImages/386/386491011_0_150x150.jpg?identifier=ba9d09ded65a20e344741cdbbbb53260" srcset="/productImages/386/386491011_0_150x150.jpg?identifier=ba9d09ded65a20e344741cdbbbb53260 1x, /productImages/386/386491011_0_280x280.jpg?identifier=ba9d09ded65a20e344741cdbbbb53260 2x" aria-hidden="true"></div><div class="fop-pack-info"><span class="fop-dietary-frozen fop-life">frozen</span></div></div><div class="fop-description"><h4 class="fop-title" title="Morrisons Basa Fillets"><span>Morrisons Basa Fillets</span><span class="fop-catch-weight-inline">550g</span></h4><span class="fop-catch-weight">550g</span></div></div><div class="price-group-wrapper"><span class="fop-price">£5.50</span><span class="fop-unit-price">£10.00 per kg</span></div><div class="review-wrapper"><span class="fop-rating"><span class="fop-rating-inner" style="width: 88%;" title="Reviews 4.40 out of 5"></span></span></div><a class="fop-row-promo promotion-offer" href="/offers/buy-2-for-7-1007581173"><span>Buy 2 for £7</span></a></a></div><div class="fop-add-default"><div class="button-wrapper"><div class="button-section"><button type="submit" class="fop-btn-add fop-btn-add-single fop-btn-add-to-trolley" name="addproduct" aria-label="Add to trolley"><span class="add-to-trolley">Add to trolley</span></button></div></div></div></div></li><li class="fops-item"><div class="fop-item" data-sku="591174011"><div class="fop-contentWrapper" role="presentation"><a href="/products/hank-joes-chicken-fillets-591174011"><div class="fop-content"><div class="fop-img-wrapper"><div><img alt="Hank &amp; Joes Chicken Fillets" class="fop-img" src="/productImages/591/591174011_0_150x150.jpg?identifier=4ddaebe674dff74ffaa44023a43e3bfb" srcset="/productImages/591/591174011_0_150x150.jpg?identifier=4ddaebe674dff74ffaa44023a43e3bfb 1x, /productImages/591/591174011_0_280x280.jpg?identifier=4ddaebe674dff74ffaa44023a43e3bfb 2x" aria-hidden="true"></div><div class="fop-pack-info"><span class="fop-dietary-frozen fop-life">frozen</span></div></div><div class="fop-description"><h4 class="fop-title" title="Hank &amp; Joes Chicken Fillets"><span>Hank &amp; Joes Chicken Fillets</span><span class="fop-catch-weight-inline">1kg</span></h4><span class="fop-catch-weight">1kg</span></div></div><div class="price-group-wrapper"><span class="fop-price">£5.50</span><span class="fop-unit-price">£5.50 per kg</span></div><div class="review-wrapper"><span class="fop-rating"><span class="fop-rating-inner" style="width: 20%;" title="Reviews 1.00 out of 5"></span></span></div></a></div><div class="fop-add-default"><div class="button-wrapper"><div class="button-section"><button type="submit" class="fop-btn-add fop-btn-add-single fop-btn-add-to-trolley" name="addproduct" aria-label="Add to trolley"><span class="add-to-trolley">Add to trolley</span></button></div></div></div></div></li><li class="fops-item"><div class="fop-item" data-sku="508194011"><div class="fop-contentWrapper" role="presentation"><a href="/products/birds-eye-6-sweet-sticky-bbq-chicken-chargrills-508194011"><div class="fop-content"><div class="fop-img-wrapper"><div><img alt="Birds Eye 6 Sweet &amp; Sticky Bbq Chicken Chargrills " class="fop-img" src="/productImages/508/508194011_0_150x150.jpg?identifier=f53e21d6481859836835a48a92becb77" srcset="/productImages/508/508194011_0_150x150.jpg?identifier=f53e21d6481859836835a48a92becb77 1x, /productImages/508/508194011_0_280x280.jpg?identifier=f53e21d6481859836835a48a92becb77 2x" aria-hidden="true"></div><div class="fop-pack-info"><span class="fop-dietary-frozen fop-life">frozen</span></div></div><div class="fop-description"><h4 class="fop-title" title="Birds Eye 6 Sweet &amp; Sticky Bbq Chicken Chargrills "><span>Birds Eye 6 Sweet &amp; Sticky Bbq Chicken Chargrills </span><span class="fop-catch-weight-inline">522g</span></h4><span class="fop-catch-weight">522g</span></div></div><div class="price-group-wrapper"><span class="fop-price">£5.59</span><span class="fop-unit-price">£10.71 per kg</span></div><div class="review-wrapper"><span class="fop-rating"><span class="fop-rating-inner" style="width: 54%;" title="Reviews 2.70 out of 5"></span></span></div></a></div><div class="fop-add-default"><div class="button-wrapper"><div class="button-section"><button type="submit" class="fop-btn-add fop-btn-add-single fop-btn-add-to-trolley" name="addproduct" aria-label="Add to trolley"><span class="add-to-trolley">Add to trolley</span></button></div></div></div></div></li><li class="fops-item"><div class="fop-item" data-sku="508228011"><div class="fop-contentWrapper" role="presentation"><a href="/products/birds-eye-6-original-chicken-chargrills-508228011"><div class="fop-content"><div class="fop-img-wrapper"><div><img alt="Birds Eye 6 Original Chicken Chargrills " class="fop-img" src="/productImages/508/508228011_0_150x150.jpg?identifier=e832584454a7b436ed9ddcde94d60302" srcset="/productImages/508/508228011_0_150x150.jpg?identifier=e832584454a7b436ed9ddcde94d60302 1x, /productImages/508/508228011_0_280x280.jpg?identifier=e832584454a7b436ed9ddcde94d60302 2x" aria-hidden="true"></div><div class="fop-pack-info"><span class="fop-dietary-frozen fop-life">frozen</span></div></div><div class="fop-description"><h4 class="fop-title" title="Birds Eye 6 Original Chicken Chargrills "><span>Birds Eye 6 Original Chicken Chargrills </span><span class="fop-catch-weight-inline">510g</span></h4><span class="fop-catch-weight">510g</span></div></div><div class="price-group-wrapper"><span class="fop-price">£5.59</span><span class="fop-unit-price">£10.96 per kg</span></div><div class="review-wrapper"><span class="fop-rating"><span class="fop-rating-inner" style="width: 46%;" title="Reviews 2.30 out of 5"></span></span></div></a></div><div class="fop-add-default"><div class="button-wrapper"><div class="button-section"><button type="submit" class="fop-btn-add fop-btn-add-single fop-btn-add-to-trolley" name="addproduct" aria-label="Add to trolley"><span class="add-to-trolley">Add to trolley</span></button></div></div></div></div></li><li class="fops-item"><div class="fop-item" data-sku="508195011"><div class="fop-contentWrapper" role="presentation"><a href="/products/birds-eye-6-southern-fried-chicken-grills-508195011"><div class="fop-content"><div class="fop-img-wrapper"><div><img alt="Birds Eye 6 Southern Fried Chicken Grills" class="fop-img" src="/productImages/508/508195011_0_150x150.jpg?identifier=cb9054e65952ede7650f15b5c860855a" srcset="/productImages/508/508195011_0_150x150.jpg?identifier=cb9054e65952ede7650f15b5c860855a 1x, /productImages/508/508195011_0_280x280.jpg?identifier=cb9054e65952ede7650f15b5c860855a 2x" aria-hidden="true"></div><div class="fop-pack-info"><span class="fop-dietary-frozen fop-life">frozen</span></div></div><div class="fop-description"><h4 class="fop-title" title="Birds Eye 6 Southern Fried Chicken Grills"><span>Birds Eye 6 Southern Fried Chicken Grills</span><span class="fop-catch-weight-inline">540g</span></h4><span class="fop-catch-weight">540g</span></div></div><div class="price-group-wrapper"><span class="fop-price">£5.63</span><span class="fop-unit-price">£10.43 per kg</span></div><div class="review-wrapper"><span class="fop-rating"><span class="fop-rating-inner" style="width: 100%;" title="Reviews 5.00 out of 5"></span></span></div></a></div><div class="fop-add-default"><div class="button-wrapper"><div class="button-section"><button type="submit" class="fop-btn-add fop-btn-add-single fop-btn-add-to-trolley" name="addproduct" aria-label="Add to trolley"><span class="add-to-trolley">Add to trolley</span></button></div></div></div></div></li><li class="fops-item"><div class="fop-item" data-sku="512713011"><div class="fop-contentWrapper" role="presentation"><a href="/products/birds-eye-6-crispy-chicken-grills-in-tempura-batter-512713011"><div class="fop-content"><div class="fop-img-wrapper"><div><img alt="Birds Eye 6 Crispy Chicken Grills in Tempura Batter" class="fop-img" src="/productImages/512/512713011_0_150x150.jpg?identifier=d1b747d5398f8d1bd612ab3194d562f8" srcset="/productImages/512/512713011_0_150x150.jpg?identifier=d1b747d5398f8d1bd612ab3194d562f8 1x, /productImages/512/512713011_0_280x280.jpg?identifier=d1b747d5398f8d1bd612ab3194d562f8 2x" aria-hidden="true"></div><div class="fop-pack-info"><span class="fop-dietary-frozen fop-life">frozen</span></div></div><div class="fop-description"><h4 class="fop-title" title="Birds Eye 6 Crispy Chicken Grills in Tempura Batter"><span>Birds Eye 6 Crispy Chicken Grills in Tempura Batter</span><span class="fop-catch-weight-inline">510g</span></h4><span class="fop-catch-weight">510g</span></div></div><div class="price-group-wrapper"><span class="fop-price">£5.63</span><span class="fop-unit-price">£11.04 per kg</span></div><div class="review-wrapper"><span class="fop-rating"><span class="fop-rating-inner" style="width: 68%;" title="Reviews 3.40 out of 5"></span></span></div></a></div><div class="fop-add-default"><div class="button-wrapper"><div class="button-section"><button type="submit" class="fop-btn-add fop-btn-add-single fop-btn-add-to-trolley" name="addproduct" aria-label="Add to trolley"><span class="add-to-trolley">Add to trolley</span></button></div></div></div></div></li><li class="fops-item"><div class="fop-item" data-sku="568589011"><div class="fop-contentWrapper" role="presentation"><a href="/products/birds-eye-44-chicken-nuggets-with-golden-wholegrain-568589011"><div class="fop-content"><div class="fop-img-wrapper"><div><img alt="Birds Eye 44 Chicken Nuggets with Golden Wholegrain" class="fop-img" src="/productImages/568/568589011_0_150x150.jpg?identifier=14d7ca715a87e76019af55a8da327e45" srcset="/productImages/568/568589011_0_150x150.jpg?identifier=14d7ca715a87e76019af55a8da327e45 1x, /productImages/568/568589011_0_280x280.jpg?identifier=14d7ca715a87e76019af55a8da327e45 2x" aria-hidden="true"></div><div class="fop-pack-info"><span class="fop-dietary-frozen fop-life">frozen</span></div></div><div class="fop-description"><h4 class="fop-title" title="Birds Eye 44 Chicken Nuggets with Golden Wholegrain"><span>Birds Eye 44 Chicken Nuggets…</span><span class="fop-catch-weight-inline">695g</span></h4><span class="fop-catch-weight">695g</span></div></div><div class="price-group-wrapper"><span class="fop-price">£5.69</span><span class="fop-unit-price">£8.19 per kg</span></div><div class="review-wrapper"></div></a></div><div class="fop-add-default"><div class="button-wrapper"><div class="button-section"><button type="submit" class="fop-btn-add fop-btn-add-single fop-btn-add-to-trolley" name="addproduct" aria-label="Add to trolley"><span class="add-to-trolley">Add to trolley</span></button></div></div></div></div></li><li class="fops-item"><div class="fop-item" data-sku="352841011"><div class="fop-contentWrapper" role="presentation"><a href="/products/morrisons-4-chunky-breaded-haddock-fillets-352841011"><div class="fop-content"><div class="fop-img-wrapper"><div><img alt="Morrisons 4 Chunky Breaded Haddock Fillets" class="fop-img" src="/productImages/352/352841011_0_150x150.jpg?identifier=554cf8dfe52f8afc70d2c669a0eeb600" srcset="/productImages/352/352841011_0_150x150.jpg?identifier=554cf8dfe52f8afc70d2c669a0eeb600 1x, /productImages/352/352841011_0_280x280.jpg?identifier=554cf8dfe52f8afc70d2c669a0eeb600 2x" aria-hidden="true"></div><div class="fop-pack-info"><span class="fop-dietary-frozen fop-life">frozen</span></div></div><div class="fop-description"><h4 class="fop-title" title="Morrisons 4 Chunky Breaded Haddock Fillets"><span>Morrisons 4 Chunky Breaded Haddock Fillets</span><span class="fop-catch-weight-inline">500g</span></h4><span class="fop-catch-weight">500g</span></div></div><div class="price-group-wrapper"><span class="fop-price">£5.75</span><span class="fop-unit-price">£11.50 per kg</span></div><div class="review-wrapper"><span class="fop-rating"><span class="fop-rating-inner" style="width: 78%;" title="Reviews 3.90 out of 5"></span></span></div></a></div><div class="fop-add-default"><div class="button-wrapper"><div class="button-section"><button type="submit" class="fop-btn-add fop-btn-add-single fop-btn-add-to-trolley" name="addproduct" aria-label="Add to trolley"><span class="add-to-trolley">Add to trolley</span></button></div></div></div></div></li><li class="fops-item"><div class="fop-item" data-sku="314345011"><div class="fop-contentWrapper" role="presentation"><a href="/products/morrisons-4-wild-pink-salmon-fillets-314345011"><div class="fop-content"><div class="fop-img-wrapper"><div><img alt=" Morrisons 4 Wild Pink Salmon Fillets" class="fop-img" src="/productImages/314/314345011_0_150x150.jpg?identifier=3fce7ec3b475811a27e43f5630d972fa" srcset="/productImages/314/314345011_0_150x150.jpg?identifier=3fce7ec3b475811a27e43f5630d972fa 1x, /productImages/314/314345011_0_280x280.jpg?identifier=3fce7ec3b475811a27e43f5630d972fa 2x" aria-hidden="true"></div><div class="fop-pack-info"><span class="fop-dietary-frozen fop-life">frozen</span></div></div><div class="fop-description"><h4 class="fop-title" title=" Morrisons 4 Wild Pink Salmon Fillets"><span> Morrisons 4 Wild Pink Salmon Fillets</span><span class="fop-catch-weight-inline">360g</span></h4><span class="fop-catch-weight">360g</span></div></div><div class="price-group-wrapper"><span class="fop-price">£5.99</span><span class="fop-unit-price">£16.64 per kg</span></div><div class="review-wrapper"><span class="fop-rating"><span class="fop-rating-inner" style="width: 56%;" title="Reviews 2.80 out of 5"></span></span></div></a></div><div class="fop-add-default"><div class="button-wrapper"><div class="button-section"><button type="submit" class="fop-btn-add fop-btn-add-single fop-btn-add-to-trolley" name="addproduct" aria-label="Add to trolley"><span class="add-to-trolley">Add to trolley</span></button></div></div></div></div></li><li class="fops-item"><div class="fop-item" data-sku="571347011"><div class="fop-contentWrapper" role="presentation"><a href="/products/birds-eye-4-battered-fish-fillets-571347011"><div class="fop-content"><div class="fop-img-wrapper"><div><img alt="Birds Eye 4 Battered Fish Fillets" class="fop-img" src="/productImages/571/571347011_0_150x150.jpg?identifier=bf1faf4a57121a1dcb03c11b7446f57f" srcset="/productImages/571/571347011_0_150x150.jpg?identifier=bf1faf4a57121a1dcb03c11b7446f57f 1x, /productImages/571/571347011_0_280x280.jpg?identifier=bf1faf4a57121a1dcb03c11b7446f57f 2x" aria-hidden="true"></div><div class="fop-pack-info"><span class="fop-dietary-frozen fop-life">frozen</span></div></div><div class="fop-description"><h4 class="fop-title" title="Birds Eye 4 Battered Fish Fillets"><span>Birds Eye 4 Battered Fish Fillets</span><span class="fop-catch-weight-inline">400g</span></h4><span class="fop-catch-weight">400g</span></div></div><div class="price-group-wrapper"><span class="fop-price">£5.99</span><span class="fop-unit-price">£14.98 per kg</span></div><div class="review-wrapper"><span class="fop-rating"><span class="fop-rating-inner" style="width: 60%;" title="Reviews 3.00 out of 5"></span></span></div></a></div><div class="fop-add-default"><div class="button-wrapper"><div class="button-section"><button type="submit" class="fop-btn-add fop-btn-add-single fop-btn-add-to-trolley" name="addproduct" aria-label="Add to trolley"><span class="add-to-trolley">Add to trolley</span></button></div></div></div></div></li><li class="fops-item"><div class="fop-item" data-sku="601124011"><div class="fop-contentWrapper" role="presentation"><a href="/products/magnum-classic-chocolate-ice-cream-sticks-601124011"><div class="fop-content"><div class="fop-img-wrapper"><div><img alt="Magnum Classic Chocolate Ice Cream Sticks" class="fop-img" src="/productImages/601/601124011_0_150x150.jpg?identifier=d6e6cecf47e5e1c3f5ee2dd8ae8b225e" srcset="/productImages/601/601124011_0_150x150.jpg?identifier=d6e6cecf47e5e1c3f5ee2dd8ae8b225e 1x, /productImages/601/601124011_0_280x280.jpg?identifier=d6e6cecf47e5e1c3f5ee2dd8ae8b225e 2x" aria-hidden="true"></div><div class="fop-pack-info"><span class="fop-dietary-frozen fop-life">frozen</span></div></div><div class="fop-description"><h4 class="fop-title" title="Magnum Classic Chocolate Ice Cream Sticks"><span>Magnum Classic Chocolate Ice Cream Sticks</span><span class="fop-catch-weight-inline">6 x 100ml</span></h4><span class="fop-catch-weight">6 x 100ml</span></div></div><div class="price-group-wrapper"><span class="fop-price">£5.99</span><span class="fop-unit-price">99.8p per 100ml</span></div><div class="review-wrapper"></div></a></div><div class="fop-add-default"><div class="button-wrapper"><div class="button-section"><button type="submit" class="fop-btn-add fop-btn-add-single fop-btn-add-to-trolley" name="addproduct" aria-label="Add to trolley"><span class="add-to-trolley">Add to trolley</span></button></div></div></div></div></li><li class="fops-item"><div class="fop-item" data-sku="601125011"><div class="fop-contentWrapper" role="presentation"><a href="/products/magnum-white-chocolate-ice-cream-sticks-601125011"><div class="fop-content"><div class="fop-img-wrapper"><div><img alt="Magnum White Chocolate Ice Cream Sticks" class="fop-img" src="/productImages/601/601125011_0_150x150.jpg?identifier=ead9b33a99b1908b0e19cd08b111aa91" srcset="/productImages/601/601125011_0_150x150.jpg?identifier=ead9b33a99b1908b0e19cd08b111aa91 1x, /productImages/601/601125011_0_280x280.jpg?identifier=ead9b33a99b1908b0e19cd08b111aa91 2x" aria-hidden="true"></div><div class="fop-pack-info"><span class="fop-dietary-frozen fop-life">frozen</span></div></div><div class="fop-description"><h4 class="fop-title" title="Magnum White Chocolate Ice Cream Sticks"><span>Magnum White Chocolate Ice Cream Sticks</span><span class="fop-catch-weight-inline">6 x 100ml</span></h4><span class="fop-catch-weight">6 x 100ml</span></div></div><div class="price-group-wrapper"><span class="fop-price">£5.99</span><span class="fop-unit-price">99.8p per 100ml</span></div><div class="review-wrapper"></div></a></div><div class="fop-add-default"><div class="button-wrapper"><div class="button-section"><button type="submit" class="fop-btn-add fop-btn-add-single fop-btn-add-to-trolley" name="addproduct" aria-label="Add to trolley"><span class="add-to-trolley">Add to trolley</span></button></div></div></div></div></li><li class="fops-item"><div class="fop-item" data-sku="491331011"><div class="fop-contentWrapper" role="presentation"><a href="/products/young-s-gastro-wholetail-scampi-491331011"><div class="fop-content"><div class="fop-img-wrapper"><div><img alt="Young's Gastro Wholetail Scampi " class="fop-img" src="/productImages/491/491331011_0_150x150.jpg?identifier=21af919b5fe128bc0266a8ae89efcd74" srcset="/productImages/491/491331011_0_150x150.jpg?identifier=21af919b5fe128bc0266a8ae89efcd74 1x, /productImages/491/491331011_0_280x280.jpg?identifier=21af919b5fe128bc0266a8ae89efcd74 2x" aria-hidden="true"></div><div class="fop-pack-info"><span class="fop-dietary-frozen fop-life">frozen</span></div></div><div class="fop-description"><h4 class="fop-title" title="Young's Gastro Wholetail Scampi "><span>Young's Gastro Wholetail Scampi </span><span class="fop-catch-weight-inline">220g</span></h4><span class="fop-catch-weight">220g</span></div></div><div class="price-group-wrapper"><span class="fop-price">£6</span><span class="fop-unit-price">£2.73 per 100g</span></div><div class="review-wrapper"><span class="fop-rating"><span class="fop-rating-inner" style="width: 56%;" title="Reviews 2.80 out of 5"></span></span></div></a></div><div class="fop-add-default"><div class="button-wrapper"><div class="button-section"><button type="submit" class="fop-btn-add fop-btn-add-single fop-btn-add-to-trolley" name="addproduct" aria-label="Add to trolley"><span class="add-to-trolley">Add to trolley</span></button></div></div></div></div></li><li class="fops-item"><div class="fop-item" data-sku="405685011"><div class="fop-contentWrapper" role="presentation"><a href="/products/birds-eye-10-original-beef-burgers-with-onion-405685011"><div class="fop-content"><div class="fop-img-wrapper"><div><img alt="Birds Eye 10 Original Beef Burgers with Onion" class="fop-img" src="/productImages/405/405685011_0_150x150.jpg?identifier=59fbfe8e457b34aac73d7bcf790dede6" srcset="/productImages/405/405685011_0_150x150.jpg?identifier=59fbfe8e457b34aac73d7bcf790dede6 1x, /productImages/405/405685011_0_280x280.jpg?identifier=59fbfe8e457b34aac73d7bcf790dede6 2x" aria-hidden="true"></div><div class="fop-pack-info"><span class="fop-dietary-frozen fop-life">frozen</span></div></div><div class="fop-description"><h4 class="fop-title" title="Birds Eye 10 Original Beef Burgers with Onion"><span>Birds Eye 10 Original Beef Burgers with Onion</span><span class="fop-catch-weight-inline">567g</span></h4><span class="fop-catch-weight">567g</span></div></div><div class="price-group-wrapper"><span class="fop-price">£6.19</span><span class="fop-unit-price">£10.92 per kg</span></div><div class="review-wrapper"><span class="fop-rating"><span class="fop-rating-inner" style="width: 60%;" title="Reviews 3.00 out of 5"></span></span></div></a></div><div class="fop-add-default"><div class="button-wrapper"><div class="button-section"><button type="submit" class="fop-btn-add fop-btn-add-single fop-btn-add-to-trolley" name="addproduct" aria-label="Add to trolley"><span class="add-to-trolley">Add to trolley</span></button></div></div></div></div></li><li class="fops-item"><div class="fop-item" data-sku="111228011"><div class="fop-contentWrapper" role="presentation"><a href="/products/morrisons-minced-beef-111228011"><div class="fop-content"><div class="fop-img-wrapper"><div><img alt="Morrisons Minced Beef" class="fop-img" src="/productImages/111/111228011_0_150x150.jpg?identifier=11095bde55845304e0bb19becce46d6b" srcset="/productImages/111/111228011_0_150x150.jpg?identifier=11095bde55845304e0bb19becce46d6b 1x, /productImages/111/111228011_0_280x280.jpg?identifier=11095bde55845304e0bb19becce46d6b 2x" aria-hidden="true"></div><div class="fop-pack-info"><span class="fop-dietary-frozen fop-life">frozen</span></div></div><div class="fop-description"><h4 class="fop-title" title="Morrisons Minced Beef"><span>Morrisons Minced Beef</span><span class="fop-catch-weight-inline">1kg</span></h4><span class="fop-catch-weight">1kg</span></div></div><div class="price-group-wrapper"><span class="fop-price">£6.25</span><span class="fop-unit-price">£6.25 per kg</span></div><div class="review-wrapper"><span class="fop-rating"><span class="fop-rating-inner" style="width: 80%;" title="Reviews 4.00 out of 5"></span></span></div></a></div><div class="fop-add-default"><div class="button-wrapper"><div class="button-section"><button type="submit" class="fop-btn-add fop-btn-add-single fop-btn-add-to-trolley" name="addproduct" aria-label="Add to trolley"><span class="add-to-trolley">Add to trolley</span></button></div></div></div></div></li><li class="fops-item"><div class="fop-item" data-sku="451689011"><div class="fop-contentWrapper" role="presentation"><a href="/products/birds-eye-20-fish-fingers-cod-451689011"><div class="fop-content"><div class="fop-img-wrapper"><div><img alt="Birds Eye 20 Fish Fingers Cod" class="fop-img" src="/productImages/451/451689011_0_150x150.jpg?identifier=c4787532437b5caa5d56c2688ba84ff9" srcset="/productImages/451/451689011_0_150x150.jpg?identifier=c4787532437b5caa5d56c2688ba84ff9 1x, /productImages/451/451689011_0_280x280.jpg?identifier=c4787532437b5caa5d56c2688ba84ff9 2x" aria-hidden="true"></div><div class="fop-pack-info"><span class="fop-dietary-frozen fop-life">frozen</span></div></div><div class="fop-description"><h4 class="fop-title" title="Birds Eye 20 Fish Fingers Cod"><span>Birds Eye 20 Fish Fingers Cod</span><span class="fop-catch-weight-inline">560g</span></h4><span class="fop-catch-weight">560g</span></div></div><div class="price-group-wrapper"><span class="fop-price">£6.49</span><span class="fop-unit-price">£11.59 per kg</span></div><div class="review-wrapper"></div></a></div><div class="fop-add-default"><div class="button-wrapper"><div class="button-section"><button type="submit" class="fop-btn-add fop-btn-add-single fop-btn-add-to-trolley" name="addproduct" aria-label="Add to trolley"><span class="add-to-trolley">Add to trolley</span></button></div></div></div></div></li><li class="fops-item"><div class="fop-item" data-sku="352842011"><div class="fop-contentWrapper" role="presentation"><a href="/products/morrisons-4-breaded-plaice-fillets-352842011"><div class="fop-content"><div class="fop-img-wrapper"><div><img alt="Morrisons 4 Breaded Plaice Fillets" class="fop-img" src="/productImages/352/352842011_0_150x150.jpg?identifier=8d7798e708a4648d41d8b1ec82df04a0" srcset="/productImages/352/352842011_0_150x150.jpg?identifier=8d7798e708a4648d41d8b1ec82df04a0 1x, /productImages/352/352842011_0_280x280.jpg?identifier=8d7798e708a4648d41d8b1ec82df04a0 2x" aria-hidden="true"></div><div class="fop-pack-info"><span class="fop-dietary-frozen fop-life">frozen</span></div></div><div class="fop-description"><h4 class="fop-title" title="Morrisons 4 Breaded Plaice Fillets"><span>Morrisons 4 Breaded Plaice Fillets</span><span class="fop-catch-weight-inline">500g</span></h4><span class="fop-catch-weight">500g</span></div></div><div class="price-group-wrapper"><span class="fop-price">£6.50</span><span class="fop-unit-price">£13.00 per kg</span></div><div class="review-wrapper"><span class="fop-rating"><span class="fop-rating-inner" style="width: 62%;" title="Reviews 3.10 out of 5"></span></span></div></a></div><div class="fop-add-default"><div class="button-wrapper"><div class="button-section"><button type="submit" class="fop-btn-add fop-btn-add-single fop-btn-add-to-trolley" name="addproduct" aria-label="Add to trolley"><span class="add-to-trolley">Add to trolley</span></button></div></div></div></div></li><li class="fops-item"><div class="fop-item" data-sku="455354011"><div class="fop-contentWrapper" role="presentation"><a href="/products/birds-eye-4-breaded-haddock-fish-fillets-455354011"><div class="fop-content"><div class="fop-img-wrapper"><div><img alt="Birds Eye 4 Breaded Haddock Fish Fillets" class="fop-img" src="/productImages/455/455354011_0_150x150.jpg?identifier=55b29d4a90410e5fb531d77c9308d83d" srcset="/productImages/455/455354011_0_150x150.jpg?identifier=55b29d4a90410e5fb531d77c9308d83d 1x, /productImages/455/455354011_0_280x280.jpg?identifier=55b29d4a90410e5fb531d77c9308d83d 2x" aria-hidden="true"></div><div class="fop-pack-info"><span class="fop-dietary-frozen fop-life">frozen</span></div></div><div class="fop-description"><h4 class="fop-title" title="Birds Eye 4 Breaded Haddock Fish Fillets"><span>Birds Eye 4 Breaded Haddock Fish Fillets</span><span class="fop-catch-weight-inline">440g</span></h4><span class="fop-catch-weight">440g</span></div></div><div class="price-group-wrapper"><span class="fop-price">£6.50</span><span class="fop-unit-price">£14.77 per kg</span></div><div class="review-wrapper"><span class="fop-rating"><span class="fop-rating-inner" style="width: 66%;" title="Reviews 3.30 out of 5"></span></span></div></a></div><div class="fop-add-default"><div class="button-wrapper"><div class="button-section"><button type="submit" class="fop-btn-add fop-btn-add-single fop-btn-add-to-trolley" name="addproduct" aria-label="Add to trolley"><span class="add-to-trolley">Add to trolley</span></button></div></div></div></div></li><li class="fops-item"><div class="fop-item" data-sku="455355011"><div class="fop-contentWrapper" role="presentation"><a href="/products/birds-eye-4-breaded-cod-fish-fillets-455355011"><div class="fop-content"><div class="fop-img-wrapper"><div><img alt="Birds Eye 4 Breaded Cod Fish Fillets" class="fop-img" src="/productImages/455/455355011_0_150x150.jpg?identifier=801454c2fa230eb399e3c65bffec38d6" srcset="/productImages/455/455355011_0_150x150.jpg?identifier=801454c2fa230eb399e3c65bffec38d6 1x, /productImages/455/455355011_0_280x280.jpg?identifier=801454c2fa230eb399e3c65bffec38d6 2x" aria-hidden="true"></div><div class="fop-pack-info"><span class="fop-dietary-frozen fop-life">frozen</span></div></div><div class="fop-description"><h4 class="fop-title" title="Birds Eye 4 Breaded Cod Fish Fillets"><span>Birds Eye 4 Breaded Cod Fish Fillets</span><span class="fop-catch-weight-inline">440g</span></h4><span class="fop-catch-weight">440g</span></div></div><div class="price-group-wrapper"><span class="fop-price">£6.50</span><span class="fop-unit-price">£14.77 per kg</span></div><div class="review-wrapper"><span class="fop-rating"><span class="fop-rating-inner" style="width: 40%;" title="Reviews 2.00 out of 5"></span></span></div></a></div><div class="fop-add-default"><div class="button-wrapper"><div class="button-section"><button type="submit" class="fop-btn-add fop-btn-add-single fop-btn-add-to-trolley" name="addproduct" aria-label="Add to trolley"><span class="add-to-trolley">Add to trolley</span></button></div></div></div></div></li><li class="fops-item"><div class="fop-item" data-sku="565391011"><div class="fop-contentWrapper" role="presentation"><a href="/products/morrisons-the-best-british-king-scallop-meat-565391011"><div class="fop-content"><div class="fop-img-wrapper"><div><img alt="Morrisons The Best British King Scallop Meat" class="fop-img" src="/productImages/565/565391011_0_150x150.jpg?identifier=3793c632c56329dd9ea84f1d87e3b351" srcset="/productImages/565/565391011_0_150x150.jpg?identifier=3793c632c56329dd9ea84f1d87e3b351 1x, /productImages/565/565391011_0_280x280.jpg?identifier=3793c632c56329dd9ea84f1d87e3b351 2x" aria-hidden="true"></div><div class="fop-pack-info"><span class="fop-dietary-frozen fop-life">frozen</span></div></div><div class="fop-description"><h4 class="fop-title" title="Morrisons The Best British King Scallop Meat"><span>Morrisons The Best British King Scallop Meat</span><span class="fop-catch-weight-inline">250g</span></h4><span class="fop-catch-weight">250g</span></div></div><div class="price-group-wrapper"><span class="fop-price">£7.50</span><span class="fop-unit-price">£30.00 per kg</span></div><div class="review-wrapper"><span class="fop-rating"><span class="fop-rating-inner" style="width: 90%;" title="Reviews 4.50 out of 5"></span></span></div></a></div><div class="fop-add-default"><div class="button-wrapper"><div class="button-section"><button type="submit" class="fop-btn-add fop-btn-add-single fop-btn-add-to-trolley" name="addproduct" aria-label="Add to trolley"><span class="add-to-trolley">Add to trolley</span></button></div></div></div></div></li><li class="fops-item"><div class="fop-item" data-sku="451687011"><div class="fop-contentWrapper" role="presentation"><a href="/products/birds-eye-30-fish-fillet-fingers-cod-451687011"><div class="fop-content"><div class="fop-img-wrapper"><div><img alt="Birds Eye 30 Fish Fillet Fingers Cod" class="fop-img" src="/productImages/451/451687011_0_150x150.jpg?identifier=2d77f661c4a437585cc12256d74ab5aa" srcset="/productImages/451/451687011_0_150x150.jpg?identifier=2d77f661c4a437585cc12256d74ab5aa 1x, /productImages/451/451687011_0_280x280.jpg?identifier=2d77f661c4a437585cc12256d74ab5aa 2x" aria-hidden="true"></div><div class="fop-pack-info"><span class="fop-dietary-frozen fop-life">frozen</span></div></div><div class="fop-description"><h4 class="fop-title" title="Birds Eye 30 Fish Fillet Fingers Cod"><span>Birds Eye 30 Fish Fillet Fingers Cod</span><span class="fop-catch-weight-inline">840g</span></h4><span class="fop-catch-weight">840g</span></div></div><div class="price-group-wrapper"><span class="fop-price">£7.75</span><span class="fop-unit-price">£9.23 per kg</span></div><div class="review-wrapper"></div></a></div><div class="fop-add-default"><div class="button-wrapper"><div class="button-section"><button type="submit" class="fop-btn-add fop-btn-add-single fop-btn-add-to-trolley" name="addproduct" aria-label="Add to trolley"><span class="add-to-trolley">Add to trolley</span></button></div></div></div></div></li><li class="fops-item"><div class="fop-item" data-sku="258410011"><div class="fop-contentWrapper" role="presentation"><a href="/products/morrisons-frozen-turkey-breast-crown-medium-2-2-3kg-serves-5-7-258410011"><div class="fop-content"><div class="fop-img-wrapper"><div><img alt="Morrisons Frozen Turkey Breast Crown Medium 2-2.3kg Serves 5-7" class="fop-img" src="/productImages/258/258410011_0_150x150.jpg?identifier=224dd607301e0be7adf3844ebdb65fcf" srcset="/productImages/258/258410011_0_150x150.jpg?identifier=224dd607301e0be7adf3844ebdb65fcf 1x, /productImages/258/258410011_0_280x280.jpg?identifier=224dd607301e0be7adf3844ebdb65fcf 2x" aria-hidden="true"></div><div class="fop-pack-info"><span class="fop-dietary-frozen fop-life">frozen</span></div></div><div class="fop-description"><h4 class="fop-title" title="Morrisons Frozen Turkey Breast Crown Medium 2-2.3kg Serves 5-7"><span>Morrisons Frozen Turkey Breast Crow…</span></h4><span class="fop-catch-weight"></span></div></div><div class="price-group-wrapper"><span class="fop-price">£21.99</span></div><div class="review-wrapper"><span class="fop-rating"><span class="fop-rating-inner" style="width: 84%;" title="Reviews 4.20 out of 5"></span></span></div></a></div><div class="fop-add-default"><div class="button-wrapper"><div class="button-section"><button type="submit" class="fop-btn-add fop-btn-add-single fop-btn-add-to-trolley" name="addproduct" aria-label="Add to trolley"><span class="add-to-trolley">Add to trolley</span></button></div></div></div></div></li><li class="fops-item"><div class="fop-item fop-out-of-stock" data-sku="595714011"><div class="fop-contentWrapper" role="presentation"><a href="/products/morrisons-savers-beef-lasagne-595714011"><span class="fop-mark-oos fop-image-corner">Out of Stock</span><div class="fop-content"><div class="fop-img-wrapper"><div><img alt="Morrisons Savers Beef Lasagne" class="fop-img" src="/productImages/595/595714011_0_150x150.jpg?identifier=9c46ee0c93d5645dc0341fde132a0774" srcset="/productImages/595/595714011_0_150x150.jpg?identifier=9c46ee0c93d5645dc0341fde132a0774 1x, /productImages/595/595714011_0_280x280.jpg?identifier=9c46ee0c93d5645dc0341fde132a0774 2x" aria-hidden="true"></div><div class="fop-pack-info"><span class="fop-dietary-frozen fop-life">frozen</span></div></div><div class="fop-description"><h4 class="fop-title" title="Morrisons Savers Beef Lasagne"><span>Morrisons Savers Beef Lasagne</span><span class="fop-catch-weight-inline">400g</span></h4><span class="fop-catch-weight">400g</span></div></div><div class="price-group-wrapper"><span class="oos-info">Out of stock</span><span class="fop-price">85p</span><span class="fop-unit-price">21.3p per 100g</span></div><div class="review-wrapper"><span class="fop-rating"><span class="fop-rating-inner" style="width: 80%;" title="Reviews 4.00 out of 5"></span></span></div></a></div><div class="fop-add-oos"><a class="fop-alternatives" href="/webshop/getAlternatives.do?sku=595714011"><span>See Alternatives</span></a></div></div></li><li class="fops-item"><div class="fop-item fop-out-of-stock" data-sku="595715011"><div class="fop-contentWrapper" role="presentation"><a href="/products/morrisons-savers-macaroni-cheese-595715011"><span class="fop-mark-oos fop-image-corner">Out of Stock</span><div class="fop-content"><div class="fop-img-wrapper"><div><img alt="Morrisons Savers Macaroni Cheese" class="fop-img" src="/productImages/595/595715011_0_150x150.jpg?identifier=e43a73a7137a6f2eb02ebb7c03e58629" srcset="/productImages/595/595715011_0_150x150.jpg?identifier=e43a73a7137a6f2eb02ebb7c03e58629 1x, /productImages/595/595715011_0_280x280.jpg?identifier=e43a73a7137a6f2eb02ebb7c03e58629 2x" aria-hidden="true"></div><div class="fop-pack-info"><span class="fop-dietary-frozen fop-life">frozen</span></div></div><div class="fop-description"><h4 class="fop-title" title="Morrisons Savers Macaroni Cheese"><span>Morrisons Savers Macaroni Cheese</span><span class="fop-catch-weight-inline">400g</span></h4><span class="fop-catch-weight">400g</span></div></div><div class="price-group-wrapper"><span class="oos-info">Out of stock</span><span class="fop-price">85p</span><span class="fop-unit-price">21.3p per 100g</span></div><div class="review-wrapper"><span class="fop-rating"><span class="fop-rating-inner" style="width: 80%;" title="Reviews 4.00 out of 5"></span></span></div></a></div><div class="fop-add-oos"><a class="fop-alternatives" href="/webshop/getAlternatives.do?sku=595715011"><span>See Alternatives</span></a></div></div></li><li class="fops-item"><div class="fop-item fop-out-of-stock fop-item-offer" data-sku="590793011"><div class="fop-contentWrapper" role="presentation"><a href="/products/morrisons-tomato-red-pepper-soup-mix-590793011"><span class="fop-mark-oos fop-image-corner">Out of Stock</span><div class="fop-content"><div class="fop-img-wrapper"><div><img alt="Morrisons Tomato &amp; Red Pepper Soup Mix" class="fop-img" src="/productImages/590/590793011_0_150x150.jpg?identifier=bb7633d6c20244de21b17c9cc0e50a88" srcset="/productImages/590/590793011_0_150x150.jpg?identifier=bb7633d6c20244de21b17c9cc0e50a88 1x, /productImages/590/590793011_0_280x280.jpg?identifier=bb7633d6c20244de21b17c9cc0e50a88 2x" aria-hidden="true"></div><div class="fop-pack-info"><span class="fop-dietary-frozen fop-life">frozen</span></div></div><div class="fop-description"><h4 class="fop-title" title="Morrisons Tomato &amp; Red Pepper Soup Mix"><span>Morrisons Tomato &amp; Red Pepper Soup Mix</span><span class="fop-catch-weight-inline">500g</span></h4><span class="fop-catch-weight">500g</span></div></div><div class="price-group-wrapper"><span class="oos-info">Out of stock</span><span class="fop-price price-offer">£1.15</span><span class="fop-old-price">£1.29</span><span class="fop-unit-price">£2.30 per kg</span></div><div class="review-wrapper"><span class="fop-rating"><span class="fop-rating-inner" style="width: 84%;" title="Reviews 4.20 out of 5"></span></span></div><a class="fop-row-promo promotion-offer" href="/offers/offer-price-1-15-was-1-29-1007496303"><span>Offer price £1.15, was £1.29</span></a></a></div><div class="fop-add-oos"><a class="fop-alternatives" href="/webshop/getAlternatives.do?sku=590793011"><span>See Alternatives</span></a></div></div></li><li class="fops-item"><div class="fop-item fop-out-of-stock fop-item-offer" data-sku="537912011"><div class="fop-contentWrapper" role="presentation"><a href="/products/morrisons-chopped-garlic-537912011"><span class="fop-mark-oos fop-image-corner">Out of Stock</span><div class="fop-content"><div class="fop-img-wrapper"><div><img alt="Morrisons Chopped Garlic" class="fop-img" src="/productImages/537/537912011_0_150x150.jpg?identifier=edf9745f658ea57ca3a1e3583b3b331d" srcset="/productImages/537/537912011_0_150x150.jpg?identifier=edf9745f658ea57ca3a1e3583b3b331d 1x, /productImages/537/537912011_0_280x280.jpg?identifier=edf9745f658ea57ca3a1e3583b3b331d 2x" aria-hidden="true"></div><div class="fop-pack-info"><span class="fop-dietary-frozen fop-life">frozen</span></div></div><div class="fop-description"><h4 class="fop-title" title="Morrisons Chopped Garlic"><span>Morrisons Chopped Garlic</span><span class="fop-catch-weight-inline">100g</span></h4><span class="fop-catch-weight">100g</span></div></div><div class="price-group-wrapper"><span class="oos-info">Out of stock</span><span class="fop-price price-offer">£1.25</span><span class="fop-old-price">£1.39</span><span class="fop-unit-price">£12.50 per kg</span></div><div class="review-wrapper"><span class="fop-rating"><span class="fop-rating-inner" style="width: 100%;" title="Reviews 5.00 out of 5"></span></span></div><a class="fop-row-promo promotion-offer" href="/offers/offer-price-1-25-was-1-39-1007429681"><span>Offer price £1.25, was £1.39</span></a></a></div><div class="fop-add-oos"><a class="fop-alternatives" href="/webshop/getAlternatives.do?sku=537912011"><span>See Alternatives</span></a></div></div></li><li class="fops-item"><div class="fop-item fop-out-of-stock" data-sku="360477011"><div class="fop-contentWrapper" role="presentation"><a href="/products/morrisons-push-ups-5-pack-360477011"><span class="fop-mark-oos fop-image-corner">Out of Stock</span><div class="fop-content"><div class="fop-img-wrapper"><div><img alt="Morrisons Push Ups 5 Pack" class="fop-img" src="/productImages/360/360477011_0_150x150.jpg?identifier=e9bcee140ac7a25e564b8ddda14b11f5" srcset="/productImages/360/360477011_0_150x150.jpg?identifier=e9bcee140ac7a25e564b8ddda14b11f5 1x, /productImages/360/360477011_0_280x280.jpg?identifier=e9bcee140ac7a25e564b8ddda14b11f5 2x" aria-hidden="true"></div><div class="fop-pack-info"><div class="fop-dietary"><span class="fop-dietary-vegetarian" title="Suitable for vegetarians"></span></div><span class="fop-dietary-frozen fop-life">frozen</span></div></div><div class="fop-description"><h4 class="fop-title" title="Morrisons Push Ups 5 Pack"><span>Morrisons Push Ups 5 Pack</span><span class="fop-catch-weight-inline">350ml</span></h4><span class="fop-catch-weight">350ml</span></div></div><div class="price-group-wrapper"><span class="oos-info">Out of stock</span><span class="fop-price">£1.35</span><span class="fop-unit-price">38.6p per 100ml</span></div><div class="review-wrapper"><span class="fop-rating"><span class="fop-rating-inner" style="width: 68%;" title="Reviews 3.40 out of 5"></span></span></div></a></div><div class="fop-add-oos"><a class="fop-alternatives" href="/webshop/getAlternatives.do?sku=360477011"><span>See Alternatives</span></a></div></div></li><li class="fops-item"><div class="fop-item fop-out-of-stock fop-item-offer" data-sku="557377011"><div class="fop-contentWrapper" role="presentation"><a href="/products/morrisons-milk-chocolate-amour-ice-cream-sticks-557377011"><span class="fop-mark-oos fop-image-corner">Out of Stock</span><div class="fop-content"><div class="fop-img-wrapper"><div><img alt="Morrisons Milk Chocolate Amour Ice Cream Sticks " class="fop-img" src="/productImages/557/557377011_0_150x150.jpg?identifier=008c0e3162504ca748515f4a3a92e2a6" srcset="/productImages/557/557377011_0_150x150.jpg?identifier=008c0e3162504ca748515f4a3a92e2a6 1x, /productImages/557/557377011_0_280x280.jpg?identifier=008c0e3162504ca748515f4a3a92e2a6 2x" aria-hidden="true"></div><div class="fop-pack-info"><span class="fop-dietary-frozen fop-life">frozen</span></div></div><div class="fop-description"><h4 class="fop-title" title="Morrisons Milk Chocolate Amour Ice Cream Sticks "><span>Morrisons Milk Chocolate Amour Ice Cream Sticks </span><span class="fop-catch-weight-inline">3 x 120ml</span></h4><span class="fop-catch-weight">3 x 120ml</span></div></div><div class="price-group-wrapper"><span class="oos-info">Out of stock</span><span class="fop-price">£1.45</span><span class="fop-unit-price">40.3p per 100ml</span></div><div class="review-wrapper"><span class="fop-rating"><span class="fop-rating-inner" style="width: 62%;" title="Reviews 3.10 out of 5"></span></span></div><a class="fop-row-promo promotion-offer" href="/offers/earn-100-more-points-1007579781"><span>Earn 100 More Points</span></a></a></div><div class="fop-add-oos"><a class="fop-alternatives" href="/webshop/getAlternatives.do?sku=557377011"><span>See Alternatives</span></a></div></div></li><li class="fops-item"><div class="fop-item fop-out-of-stock fop-item-offer" data-sku="557379011"><div class="fop-contentWrapper" role="presentation"><a href="/products/morrisons-salted-caramel-amour-ice-cream-sticks-557379011"><span class="fop-mark-oos fop-image-corner">Out of Stock</span><div class="fop-content"><div class="fop-img-wrapper"><div><img alt="Morrisons Salted Caramel Amour Ice Cream Sticks " class="fop-img" src="/productImages/557/557379011_0_150x150.jpg?identifier=fffaf704357cddcb010415ff322a5d3e" srcset="/productImages/557/557379011_0_150x150.jpg?identifier=fffaf704357cddcb010415ff322a5d3e 1x, /productImages/557/557379011_0_280x280.jpg?identifier=fffaf704357cddcb010415ff322a5d3e 2x" aria-hidden="true"></div><div class="fop-pack-info"><span class="fop-dietary-frozen fop-life">frozen</span></div></div><div class="fop-description"><h4 class="fop-title" title="Morrisons Salted Caramel Amour Ice Cream Sticks "><span>Morrisons Salted Caramel Amour Ice Cream Sticks </span><span class="fop-catch-weight-inline">3 x 120ml</span></h4><span class="fop-catch-weight">3 x 120ml</span></div></div><div class="price-group-wrapper"><span class="oos-info">Out of stock</span><span class="fop-price">£1.45</span><span class="fop-unit-price">40.3p per 100ml</span></div><div class="review-wrapper"><span class="fop-rating"><span class="fop-rating-inner" style="width: 96%;" title="Reviews 4.80 out of 5"></span></span></div><a class="fop-row-promo promotion-offer" href="/offers/earn-100-more-points-1007581706"><span>Earn 100 More Points</span></a></a></div><div class="fop-add-oos"><a class="fop-alternatives" href="/webshop/getAlternatives.do?sku=557379011"><span>See Alternatives</span></a></div></div></li><li class="fops-item"><div class="fop-item fop-out-of-stock fop-item-offer" data-sku="607187011"><div class="fop-contentWrapper" role="presentation"><a href="/products/morrisons-mint-chocolate-amour-sticks-607187011"><span class="fop-mark-oos fop-image-corner">Out of Stock</span><div class="fop-content"><div class="fop-img-wrapper"><div><img alt="Morrisons Mint Chocolate Amour Sticks" class="fop-img" src="/productImages/607/607187011_0_150x150.jpg?identifier=a2606c07333032e52541b80c0854f77c" srcset="/productImages/607/607187011_0_150x150.jpg?identifier=a2606c07333032e52541b80c0854f77c 1x, /productImages/607/607187011_0_280x280.jpg?identifier=a2606c07333032e52541b80c0854f77c 2x" aria-hidden="true"></div><div class="fop-pack-info"><span class="fop-dietary-frozen fop-life">frozen</span></div></div><div class="fop-description"><h4 class="fop-title" title="Morrisons Mint Chocolate Amour Sticks"><span>Morrisons Mint Chocolate Amour Sticks</span><span class="fop-catch-weight-inline">3 x 110ml</span></h4><span class="fop-catch-weight">3 x 110ml</span></div></div><div class="price-group-wrapper"><span class="oos-info">Out of stock</span><span class="fop-price">£1.45</span><span class="fop-unit-price">43.9p per 100ml</span></div><div class="review-wrapper"></div><a class="fop-row-promo promotion-offer" href="/offers/earn-100-more-points-1007581697"><span>Earn 100 More Points</span></a></a></div><div class="fop-add-oos"><a class="fop-alternatives" href="/webshop/getAlternatives.do?sku=607187011"><span>See Alternatives</span></a></div></div></li><li class="fops-item"><div class="fop-item fop-out-of-stock" data-sku="303332011"><div class="fop-contentWrapper" role="presentation"><a href="/products/morrisons-2-sausage-bean-slices-303332011"><span class="fop-mark-oos fop-image-corner">Out of Stock</span><div class="fop-content"><div class="fop-img-wrapper"><div><img alt="Morrisons 2 Sausage &amp; Bean Slices" class="fop-img" src="/productImages/303/303332011_0_150x150.jpg?identifier=00bc3d9933d7e83c0cb70a2dc260326a" srcset="/productImages/303/303332011_0_150x150.jpg?identifier=00bc3d9933d7e83c0cb70a2dc260326a 1x, /productImages/303/303332011_0_280x280.jpg?identifier=00bc3d9933d7e83c0cb70a2dc260326a 2x" aria-hidden="true"></div><div class="fop-pack-info"><span class="fop-dietary-frozen fop-life">frozen</span></div></div><div class="fop-description"><h4 class="fop-title" title="Morrisons 2 Sausage &amp; Bean Slices"><span>Morrisons 2 Sausage &amp; Bean Slices</span><span class="fop-catch-weight-inline">280g</span></h4><span class="fop-catch-weight">280g</span></div></div><div class="price-group-wrapper"><span class="oos-info">Out of stock</span><span class="fop-price">£1.49</span><span class="fop-unit-price">£5.32 per kg</span></div><div class="review-wrapper"><span class="fop-rating"><span class="fop-rating-inner" style="width: 48%;" title="Reviews 2.40 out of 5"></span></span></div></a></div><div class="fop-add-oos"><a class="fop-alternatives" href="/webshop/getAlternatives.do?sku=303332011"><span>See Alternatives</span></a></div></div></li><li class="fops-item"><div class="fop-item fop-out-of-stock" data-sku="543162011"><div class="fop-contentWrapper" role="presentation"><a href="/products/birds-eye-4-tomato-mozzarella-crispy-pancakes-543162011"><span class="fop-mark-oos fop-image-corner">Out of Stock</span><div class="fop-content"><div class="fop-img-wrapper"><div><img alt="Birds Eye 4 Tomato &amp; Mozzarella Crispy Pancakes" class="fop-img" src="/productImages/543/543162011_0_150x150.jpg?identifier=fe93c47ac7c5d13be67c27ed43b6bd5f" srcset="/productImages/543/543162011_0_150x150.jpg?identifier=fe93c47ac7c5d13be67c27ed43b6bd5f 1x, /productImages/543/543162011_0_280x280.jpg?identifier=fe93c47ac7c5d13be67c27ed43b6bd5f 2x" aria-hidden="true"></div><div class="fop-pack-info"><span class="fop-dietary-frozen fop-life">frozen</span></div></div><div class="fop-description"><h4 class="fop-title" title="Birds Eye 4 Tomato &amp; Mozzarella Crispy Pancakes"><span>Birds Eye 4 Tomato &amp; Mozz…</span><span class="fop-catch-weight-inline">250g</span></h4><span class="fop-catch-weight">250g</span></div></div><div class="price-group-wrapper"><span class="oos-info">Out of stock</span><span class="fop-price">£1.50</span><span class="fop-unit-price">60p per 100g</span></div><div class="review-wrapper"><span class="fop-rating"><span class="fop-rating-inner" style="width: 70%;" title="Reviews 3.50 out of 5"></span></span></div></a></div></div></li><li class="fops-item"><div class="fop-item fop-out-of-stock" data-sku="120898011"><div class="fop-contentWrapper" role="presentation"><a href="/products/morrisons-peas-sweetcorn-carrots-broccoli-red-pepper-120898011"><span class="fop-mark-oos fop-image-corner">Out of Stock</span><div class="fop-content"><div class="fop-img-wrapper"><div><img alt="Morrisons Peas Sweetcorn Carrots Broccoli &amp; Red Pepper" class="fop-img" src="/productImages/120/120898011_0_150x150.jpg?identifier=2216867edcaf2370ba6aa1a2fc972cad" srcset="/productImages/120/120898011_0_150x150.jpg?identifier=2216867edcaf2370ba6aa1a2fc972cad 1x, /productImages/120/120898011_0_280x280.jpg?identifier=2216867edcaf2370ba6aa1a2fc972cad 2x" aria-hidden="true"></div><div class="fop-pack-info"><div class="fop-dietary"><span class="fop-dietary-vegetarian" title="Suitable for vegetarians"></span></div><span class="fop-dietary-frozen fop-life">frozen</span></div></div><div class="fop-description"><h4 class="fop-title" title="Morrisons Peas Sweetcorn Carrots Broccoli &amp; Red Pepper"><span>Morrisons Peas Sweetcorn Carrot…</span><span class="fop-catch-weight-inline">1kg</span></h4><span class="fop-catch-weight">1kg</span></div></div><div class="price-group-wrapper"><span class="oos-info">Out of stock</span><span class="fop-price">£1.55</span><span class="fop-unit-price">£1.55 per kg</span></div><div class="review-wrapper"><span class="fop-rating"><span class="fop-rating-inner" style="width: 92%;" title="Reviews 4.60 out of 5"></span></span></div></a></div><div class="fop-add-oos"><a class="fop-alternatives" href="/webshop/getAlternatives.do?sku=120898011"><span>See Alternatives</span></a></div></div></li><li class="fops-item"><div class="fop-item fop-out-of-stock" data-sku="499123011"><div class="fop-contentWrapper" role="presentation"><a href="/products/morrisons-garlic-herb-potato-wedges-499123011"><span class="fop-mark-oos fop-image-corner">Out of Stock</span><div class="fop-content"><div class="fop-img-wrapper"><div><img alt="Morrisons Garlic &amp; Herb Potato Wedges " class="fop-img" src="/productImages/499/499123011_0_150x150.jpg?identifier=b64392e4b24e3207390e9debfa70850d" srcset="/productImages/499/499123011_0_150x150.jpg?identifier=b64392e4b24e3207390e9debfa70850d 1x, /productImages/499/499123011_0_280x280.jpg?identifier=b64392e4b24e3207390e9debfa70850d 2x" aria-hidden="true"></div><div class="fop-pack-info"><span class="fop-dietary-frozen fop-life">frozen</span></div></div><div class="fop-description"><h4 class="fop-title" title="Morrisons Garlic &amp; Herb Potato Wedges "><span>Morrisons Garlic &amp; Herb Potato Wedges </span><span class="fop-catch-weight-inline">750g</span></h4><span class="fop-catch-weight">750g</span></div></div><div class="price-group-wrapper"><span class="oos-info">Out of stock</span><span class="fop-price">£1.65</span><span class="fop-unit-price">22p per 100g</span></div><div class="review-wrapper"><span class="fop-rating"><span class="fop-rating-inner" style="width: 62%;" title="Reviews 3.10 out of 5"></span></span></div></a></div></div></li><li class="fops-item"><div class="fop-item fop-out-of-stock" data-sku="591209011"><div class="fop-contentWrapper" role="presentation"><a href="/products/morrisons-savers-20-thick-sausages-591209011"><span class="fop-mark-oos fop-image-corner">Out of Stock</span><div class="fop-content"><div class="fop-img-wrapper"><div><img alt="Morrisons Savers 20 Thick Sausages" class="fop-img" src="/productImages/591/591209011_0_150x150.jpg?identifier=2272bc2d412990fa92dbb31867919eb6" srcset="/productImages/591/591209011_0_150x150.jpg?identifier=2272bc2d412990fa92dbb31867919eb6 1x, /productImages/591/591209011_0_280x280.jpg?identifier=2272bc2d412990fa92dbb31867919eb6 2x" aria-hidden="true"></div><div class="fop-pack-info"><span class="fop-dietary-frozen fop-life">frozen</span></div></div><div class="fop-description"><h4 class="fop-title" title="Morrisons Savers 20 Thick Sausages"><span>Morrisons Savers 20 Thick Sausages</span><span class="fop-catch-weight-inline">1kg</span></h4><span class="fop-catch-weight">1kg</span></div></div><div class="price-group-wrapper"><span class="oos-info">Out of stock</span><span class="fop-price">£1.65</span><span class="fop-unit-price">£1.65 per kg</span></div><div class="review-wrapper"><span class="fop-rating"><span class="fop-rating-inner" style="width: 52%;" title="Reviews 2.60 out of 5"></span></span></div></a></div><div class="fop-add-oos"><a class="fop-alternatives" href="/webshop/getAlternatives.do?sku=591209011"><span>See Alternatives</span></a></div></div></li><li class="fops-item"><div class="fop-item fop-out-of-stock" data-sku="216537011"><div class="fop-contentWrapper" role="presentation"><a href="/products/morrisons-british-garden-peas-216537011"><span class="fop-mark-oos fop-image-corner">Out of Stock</span><div class="fop-content"><div class="fop-img-wrapper"><div><img alt="Morrisons British Garden Peas" class="fop-img" src="/productImages/216/216537011_0_150x150.jpg?identifier=c1df5d9de9bb4e3bf9f053a6435520bd" srcset="/productImages/216/216537011_0_150x150.jpg?identifier=c1df5d9de9bb4e3bf9f053a6435520bd 1x, /productImages/216/216537011_0_280x280.jpg?identifier=c1df5d9de9bb4e3bf9f053a6435520bd 2x" aria-hidden="true"></div><div class="fop-pack-info"><div class="fop-dietary"><span class="fop-dietary-vegetarian" title="Suitable for vegetarians"></span></div><span class="fop-dietary-frozen fop-life">frozen</span></div></div><div class="fop-description"><h4 class="fop-title" title="Morrisons British Garden Peas"><span>Morrisons British Garden Peas</span><span class="fop-catch-weight-inline">1.5kg</span></h4><span class="fop-catch-weight">1.5kg</span></div></div><div class="price-group-wrapper"><span class="oos-info">Out of stock</span><span class="fop-price">£1.69</span><span class="fop-unit-price">£1.13 per kg</span></div><div class="review-wrapper"><span class="fop-rating"><span class="fop-rating-inner" style="width: 78%;" title="Reviews 3.90 out of 5"></span></span></div></a></div><div class="fop-add-oos"><a class="fop-alternatives" href="/webshop/getAlternatives.do?sku=216537011"><span>See Alternatives</span></a></div></div></li><li class="fops-item"><div class="fop-item fop-out-of-stock fop-item-offer" data-sku="291683011"><div class="fop-contentWrapper" role="presentation"><a href="/products/morrisons-cauliflower-cheese-291683011"><span class="fop-mark-oos fop-image-corner">Out of Stock</span><div class="fop-content"><div class="fop-img-wrapper"><div><img alt="Morrisons Cauliflower Cheese" class="fop-img" src="/productImages/291/291683011_0_150x150.jpg?identifier=db6e88f53be3a8d3b7d07180eaa38e54" srcset="/productImages/291/291683011_0_150x150.jpg?identifier=db6e88f53be3a8d3b7d07180eaa38e54 1x, /productImages/291/291683011_0_280x280.jpg?identifier=db6e88f53be3a8d3b7d07180eaa38e54 2x" aria-hidden="true"></div><div class="fop-pack-info"><div class="fop-dietary"><span class="fop-dietary-vegetarian" title="Suitable for vegetarians"></span></div><span class="fop-dietary-frozen fop-life">frozen</span></div></div><div class="fop-description"><h4 class="fop-title" title="Morrisons Cauliflower Cheese"><span>Morrisons Cauliflower Cheese</span><span class="fop-catch-weight-inline">400g</span></h4><span class="fop-catch-weight">400g</span></div></div><div class="price-group-wrapper"><span class="oos-info">Out of stock</span><span class="fop-price">£1.69</span><span class="fop-unit-price">£4.23 per kg</span></div><div class="review-wrapper"><span class="fop-rating"><span class="fop-rating-inner" style="width: 58%;" title="Reviews 2.90 out of 5"></span></span></div><a class="fop-row-promo promotion-offer" href="/offers/buy-3-for-4-50-1007514691"><span>Buy 3 for £4.50</span></a></a></div><div class="fop-add-oos"><a class="fop-alternatives" href="/webshop/getAlternatives.do?sku=291683011"><span>See Alternatives</span></a></div></div></li><li class="fops-item"><div class="fop-item fop-out-of-stock" data-sku="590608011"><div class="fop-contentWrapper" role="presentation"><a href="/products/morrisons-buttery-roast-potatoes-590608011"><span class="fop-mark-oos fop-image-corner">Out of Stock</span><div class="fop-content"><div class="fop-img-wrapper"><div><img alt="Morrisons Buttery Roast Potatoes " class="fop-img" src="/productImages/590/590608011_0_150x150.jpg?identifier=5fd4c0321612e8d15dc31bdfb002fa04" srcset="/productImages/590/590608011_0_150x150.jpg?identifier=5fd4c0321612e8d15dc31bdfb002fa04 1x, /productImages/590/590608011_0_280x280.jpg?identifier=5fd4c0321612e8d15dc31bdfb002fa04 2x" aria-hidden="true"></div><div class="fop-pack-info"></div></div><div class="fop-description"><h4 class="fop-title" title="Morrisons Buttery Roast Potatoes "><span>Morrisons Buttery Roast Potatoes </span><span class="fop-catch-weight-inline">400g</span></h4><span class="fop-catch-weight">400g</span></div></div><div class="price-group-wrapper"><span class="oos-info">Out of stock</span><span class="fop-price">£1.75</span><span class="fop-unit-price">£4.38 per kg</span></div><div class="review-wrapper"></div></a></div></div></li><li class="fops-item"><div class="fop-item fop-out-of-stock" data-sku="374485011"><div class="fop-contentWrapper" role="presentation"><a href="/products/morrisons-potato-crunchies-with-bacon-374485011"><span class="fop-mark-oos fop-image-corner">Out of Stock</span><div class="fop-content"><div class="fop-img-wrapper"><div><img alt="Morrisons Potato Crunchies With Bacon" class="fop-img" src="/productImages/374/374485011_0_150x150.jpg?identifier=b0e0599eae7f31b6391612ec0f916942" srcset="/productImages/374/374485011_0_150x150.jpg?identifier=b0e0599eae7f31b6391612ec0f916942 1x, /productImages/374/374485011_0_280x280.jpg?identifier=b0e0599eae7f31b6391612ec0f916942 2x" aria-hidden="true"></div><div class="fop-pack-info"><span class="fop-dietary-frozen fop-life">frozen</span></div></div><div class="fop-description"><h4 class="fop-title" title="Morrisons Potato Crunchies With Bacon"><span>Morrisons Potato Crunchies With Bacon</span><span class="fop-catch-weight-inline">550g</span></h4><span class="fop-catch-weight">550g</span></div></div><div class="price-group-wrapper"><span class="oos-info">Out of stock</span><span class="fop-price">£1.89</span><span class="fop-unit-price">£3.44 per kg</span></div><div class="review-wrapper"><span class="fop-rating"><span class="fop-rating-inner" style="width: 82%;" title="Reviews 4.10 out of 5"></span></span></div></a></div><div class="fop-add-oos"><a class="fop-alternatives" href="/webshop/getAlternatives.do?sku=374485011"><span>See Alternatives</span></a></div></div></li><li class="fops-item"><div class="fop-item fop-out-of-stock" data-sku="111009011"><div class="fop-contentWrapper" role="presentation"><a href="/products/twister-mini-pineapple-lemon-lime-and-strawberry-ice-cream-lollies-111009011"><span class="fop-mark-oos fop-image-corner">Out of Stock</span><div class="fop-content"><div class="fop-img-wrapper"><div><img alt="Twister Mini Pineapple, Lemon-Lime and Strawberry Ice Cream Lollies" class="fop-img" src="/productImages/111/111009011_0_150x150.jpg?identifier=347053a67af5c249800682488773600d" srcset="/productImages/111/111009011_0_150x150.jpg?identifier=347053a67af5c249800682488773600d 1x, /productImages/111/111009011_0_280x280.jpg?identifier=347053a67af5c249800682488773600d 2x" aria-hidden="true"></div><div class="fop-pack-info"><span class="fop-dietary-frozen fop-life">frozen</span></div></div><div class="fop-description"><h4 class="fop-title" title="Twister Mini Pineapple, Lemon-Lime and Strawberry Ice Cream Lollies"><span>Twister Mini Pineapple, Lem…</span><span class="fop-catch-weight-inline">8 x 50ml</span></h4><span class="fop-catch-weight">8 x 50ml</span></div></div><div class="price-group-wrapper"><span class="oos-info">Out of stock</span><span class="fop-price">£2</span><span class="fop-unit-price">50p per 100ml</span></div><div class="review-wrapper"><span class="fop-rating"><span class="fop-rating-inner" style="width: 92%;" title="Reviews 4.60 out of 5"></span></span></div></a></div><div class="fop-add-oos"><a class="fop-alternatives" href="/webshop/getAlternatives.do?sku=111009011"><span>See Alternatives</span></a></div></div></li><li class="fops-item"><div class="fop-item fop-out-of-stock" data-sku="546577011"><div class="fop-contentWrapper" role="presentation"><a href="/products/twister-peek-a-blue-ice-lollies-546577011"><span class="fop-mark-oos fop-image-corner">Out of Stock</span><div class="fop-content"><div class="fop-img-wrapper"><div><img alt="Twister Peek-A-Blue Ice Lollies" class="fop-img" src="/productImages/546/546577011_0_150x150.jpg?identifier=def6284bdb94f43fe5b3d2b062377583" srcset="/productImages/546/546577011_0_150x150.jpg?identifier=def6284bdb94f43fe5b3d2b062377583 1x, /productImages/546/546577011_0_280x280.jpg?identifier=def6284bdb94f43fe5b3d2b062377583 2x" aria-hidden="true"></div><div class="fop-pack-info"><span class="fop-dietary-frozen fop-life">frozen</span></div></div><div class="fop-description"><h4 class="fop-title" title="Twister Peek-A-Blue Ice Lollies"><span>Twister Peek-A-Blue Ice Lollies</span><span class="fop-catch-weight-inline">5 x 70ml</span></h4><span class="fop-catch-weight">5 x 70ml</span></div></div><div class="price-group-wrapper"><span class="oos-info">Out of stock</span><span class="fop-price">£2</span><span class="fop-unit-price">57.1p per 100ml</span></div><div class="review-wrapper"><span class="fop-rating"><span class="fop-rating-inner" style="width: 74%;" title="Reviews 3.70 out of 5"></span></span></div></a></div><div class="fop-add-oos"><a class="fop-alternatives" href="/webshop/getAlternatives.do?sku=546577011"><span>See Alternatives</span></a></div></div></li><li class="fops-item"><div class="fop-item fop-out-of-stock fop-item-offer" data-sku="597997011"><div class="fop-contentWrapper" role="presentation"><a href="/products/beyond-meat-plant-based-sausage-597997011"><span class="fop-mark-oos fop-image-corner">Out of Stock</span><div class="fop-content"><div class="fop-img-wrapper"><div><img alt="Beyond Meat Plant Based Sausage" class="fop-img" src="/productImages/597/597997011_0_150x150.jpg?identifier=0e5a3eaa5b1df23921bb9dde45d18e35" srcset="/productImages/597/597997011_0_150x150.jpg?identifier=0e5a3eaa5b1df23921bb9dde45d18e35 1x, /productImages/597/597997011_0_280x280.jpg?identifier=0e5a3eaa5b1df23921bb9dde45d18e35 2x" aria-hidden="true"></div><div class="fop-pack-info"><span class="fop-dietary-frozen fop-life">frozen</span></div></div><div class="fop-description"><h4 class="fop-title" title="Beyond Meat Plant Based Sausage"><span>Beyond Meat Plant Based Sausage</span><span class="fop-catch-weight-inline">4 x 50g</span></h4><span class="fop-catch-weight">4 x 50g</span></div></div><div class="price-group-wrapper"><span class="oos-info">Out of stock</span><span class="fop-price price-offer">£2</span><span class="fop-old-price">£4</span><span class="fop-unit-price">£1.00 per 100g</span></div><div class="review-wrapper"></div><a class="fop-row-promo promotion-offer" href="/offers/offer-price-2-was-4-1007504993"><span>Offer price £2, was £4</span></a></a></div><div class="fop-add-oos"><a class="fop-alternatives" href="/webshop/getAlternatives.do?sku=597997011"><span>See Alternatives</span></a></div></div></li><li class="fops-item"><div class="fop-item fop-out-of-stock" data-sku="533670011"><div class="fop-contentWrapper" role="presentation"><a href="/products/international-seafood-co-fish-fillets-533670011"><span class="fop-mark-oos fop-image-corner">Out of Stock</span><div class="fop-content"><div class="fop-img-wrapper"><div><img alt="International Seafood Co Fish Fillets" class="fop-img" src="/productImages/533/533670011_0_150x150.jpg?identifier=4c0ded58d2e8a1f75706abea936c887f" srcset="/productImages/533/533670011_0_150x150.jpg?identifier=4c0ded58d2e8a1f75706abea936c887f 1x, /productImages/533/533670011_0_280x280.jpg?identifier=4c0ded58d2e8a1f75706abea936c887f 2x" aria-hidden="true"></div><div class="fop-pack-info"><span class="fop-dietary-frozen fop-life">frozen</span></div></div><div class="fop-description"><h4 class="fop-title" title="International Seafood Co Fish Fillets"><span>International Seafood Co Fish Fillets</span><span class="fop-catch-weight-inline">450g</span></h4><span class="fop-catch-weight">450g</span></div></div><div class="price-group-wrapper"><span class="oos-info">Out of stock</span><span class="fop-price">£2.15</span><span class="fop-unit-price">£4.78 per kg</span></div><div class="review-wrapper"></div></a></div><div class="fop-add-oos"><a class="fop-alternatives" href="/webshop/getAlternatives.do?sku=533670011"><span>See Alternatives</span></a></div></div></li><li class="fops-item"><div class="fop-item fop-out-of-stock" data-sku="273117011"><div class="fop-contentWrapper" role="presentation"><a href="/products/morrisons-4-beef-grill-steaks-273117011"><span class="fop-mark-oos fop-image-corner">Out of Stock</span><div class="fop-content"><div class="fop-img-wrapper"><div><img alt="Morrisons 4 Beef Grill Steaks" class="fop-img" src="/productImages/273/273117011_0_150x150.jpg?identifier=d35cab4d9abe45f37c8128ec85fb2181" srcset="/productImages/273/273117011_0_150x150.jpg?identifier=d35cab4d9abe45f37c8128ec85fb2181 1x, /productImages/273/273117011_0_280x280.jpg?identifier=d35cab4d9abe45f37c8128ec85fb2181 2x" aria-hidden="true"></div><div class="fop-pack-info"><span class="fop-dietary-frozen fop-life">frozen</span></div></div><div class="fop-description"><h4 class="fop-title" title="Morrisons 4 Beef Grill Steaks"><span>Morrisons 4 Beef Grill Steaks</span><span class="fop-catch-weight-inline">340g</span></h4><span class="fop-catch-weight">340g</span></div></div><div class="price-group-wrapper"><span class="oos-info">Out of stock</span><span class="fop-price">£2.25</span><span class="fop-unit-price">£6.62 per kg</span></div><div class="review-wrapper"><span class="fop-rating"><span class="fop-rating-inner" style="width: 50%;" title="Reviews 2.50 out of 5"></span></span></div></a></div><div class="fop-add-oos"><a class="fop-alternatives" href="/webshop/getAlternatives.do?sku=273117011"><span>See Alternatives</span></a></div></div></li><li class="fops-item"><div class="fop-item fop-out-of-stock" data-sku="607337011"><div class="fop-contentWrapper" role="presentation"><a href="/products/bernard-matthews-cheesy-hamwich-607337011"><span class="fop-mark-oos fop-image-corner">Out of Stock</span><div class="fop-content"><div class="fop-img-wrapper"><div><img alt="Bernard Matthews Cheesy Hamwich" class="fop-img" src="/productImages/607/607337011_0_150x150.jpg?identifier=65ed93bf4bd297a6507eeb790683ee71" srcset="/productImages/607/607337011_0_150x150.jpg?identifier=65ed93bf4bd297a6507eeb790683ee71 1x, /productImages/607/607337011_0_280x280.jpg?identifier=65ed93bf4bd297a6507eeb790683ee71 2x" aria-hidden="true"></div><div class="fop-pack-info"><span class="fop-dietary-frozen fop-life">frozen</span></div></div><div class="fop-description"><h4 class="fop-title" title="Bernard Matthews Cheesy Hamwich"><span>Bernard Matthews Cheesy Hamwich</span><span class="fop-catch-weight-inline">345g</span></h4><span class="fop-catch-weight">345g</span></div></div><div class="price-group-wrapper"><span class="oos-info">Out of stock</span><span class="fop-price">£2.25</span><span class="fop-unit-price">65.2p per 100g</span></div><div class="review-wrapper"></div></a></div><div class="fop-add-oos"><a class="fop-alternatives" href="/webshop/getAlternatives.do?sku=607337011"><span>See Alternatives</span></a></div></div></li><li class="fops-item"><div class="fop-item fop-out-of-stock" data-sku="610430011"><div class="fop-contentWrapper" role="presentation"><a href="/products/bernard-matthews-chicken-drummers-610430011"><span class="fop-mark-oos fop-image-corner">Out of Stock</span><div class="fop-content"><div class="fop-img-wrapper"><div><img alt="Bernard Matthews Chicken Drummers" class="fop-img" src="/productImages/610/610430011_0_150x150.jpg?identifier=cdb51968e5a6afa19254575b96e520d6" srcset="/productImages/610/610430011_0_150x150.jpg?identifier=cdb51968e5a6afa19254575b96e520d6 1x, /productImages/610/610430011_0_280x280.jpg?identifier=cdb51968e5a6afa19254575b96e520d6 2x" aria-hidden="true"></div><div class="fop-pack-info"><span class="fop-dietary-frozen fop-life">frozen</span></div></div><div class="fop-description"><h4 class="fop-title" title="Bernard Matthews Chicken Drummers"><span>Bernard Matthews Chicken Drummers</span><span class="fop-catch-weight-inline">350g</span></h4><span class="fop-catch-weight">350g</span></div></div><div class="price-group-wrapper"><span class="oos-info">Out of stock</span><span class="fop-price">£2.25</span><span class="fop-unit-price">£6.43 per kg</span></div><div class="review-wrapper"></div></a></div><div class="fop-add-oos"><a class="fop-alternatives" href="/webshop/getAlternatives.do?sku=610430011"><span>See Alternatives</span></a></div></div></li><li class="fops-item"><div class="fop-item fop-out-of-stock" data-sku="562083011"><div class="fop-contentWrapper" role="presentation"><a href="/products/naughty-vegan-2-no-chick-n-mushroom-pies-562083011"><span class="fop-mark-oos fop-image-corner">Out of Stock</span><div class="fop-content"><div class="fop-img-wrapper"><div><img alt="Naughty Vegan 2 No Chick N Mushroom Pies " class="fop-img" src="/productImages/562/562083011_0_150x150.jpg?identifier=9e0df3c8b7243e0860513958b0b5a5c9" srcset="/productImages/562/562083011_0_150x150.jpg?identifier=9e0df3c8b7243e0860513958b0b5a5c9 1x, /productImages/562/562083011_0_280x280.jpg?identifier=9e0df3c8b7243e0860513958b0b5a5c9 2x" aria-hidden="true"></div><div class="fop-pack-info"><div class="fop-dietary"><span class="fop-dietary-vegetarian" title="Suitable for vegetarians"></span></div><span class="fop-dietary-frozen fop-life">frozen</span></div></div><div class="fop-description"><h4 class="fop-title" title="Naughty Vegan 2 No Chick N Mushroom Pies "><span>Naughty Vegan 2 No Chick N Mushroom Pies </span><span class="fop-catch-weight-inline">400g</span></h4><span class="fop-catch-weight">400g</span></div></div><div class="price-group-wrapper"><span class="oos-info">Out of stock</span><span class="fop-price">£2.50</span><span class="fop-unit-price">£6.25 per kg</span></div><div class="review-wrapper"><span class="fop-rating"><span class="fop-rating-inner" style="width: 88%;" title="Reviews 4.40 out of 5"></span></span></div></a></div><div class="fop-add-oos"><a class="fop-alternatives" href="/webshop/getAlternatives.do?sku=562083011"><span>See Alternatives</span></a></div></div></li><li class="fops-item"><div class="fop-item fop-out-of-stock" data-sku="564327011"><div class="fop-contentWrapper" role="presentation"><a href="/products/birds-eye-captain-s-cod-chips-peas-564327011"><span class="fop-mark-oos fop-image-corner">Out of Stock</span><div class="fop-content"><div class="fop-img-wrapper"><div><img alt="Birds Eye Captain's Cod, Chips &amp; Peas" class="fop-img" src="/productImages/564/564327011_0_150x150.jpg?identifier=d34277b464a826ad5b9a0042608b48be" srcset="/productImages/564/564327011_0_150x150.jpg?identifier=d34277b464a826ad5b9a0042608b48be 1x, /productImages/564/564327011_0_280x280.jpg?identifier=d34277b464a826ad5b9a0042608b48be 2x" aria-hidden="true"></div><div class="fop-pack-info"><span class="fop-dietary-frozen fop-life">frozen</span></div></div><div class="fop-description"><h4 class="fop-title" title="Birds Eye Captain's Cod, Chips &amp; Peas"><span>Birds Eye Captain's Cod, Chips &amp; Peas</span><span class="fop-catch-weight-inline">395g</span></h4><span class="fop-catch-weight">395g</span></div></div><div class="price-group-wrapper"><span class="oos-info">Out of stock</span><span class="fop-price">£2.50</span><span class="fop-unit-price">63.3p per 100g</span></div><div class="review-wrapper"></div></a></div><div class="fop-add-oos"><a class="fop-alternatives" href="/webshop/getAlternatives.do?sku=564327011"><span>See Alternatives</span></a></div></div></li><li class="fops-item"><div class="fop-item fop-out-of-stock" data-sku="251645011"><div class="fop-contentWrapper" role="presentation"><a href="/products/quorn-vegetarian-swedish-style-balls-251645011"><span class="fop-mark-oos fop-image-corner">Out of Stock</span><div class="fop-content"><div class="fop-img-wrapper"><div><img alt="Quorn Vegetarian Swedish Style Balls" class="fop-img" src="/productImages/251/251645011_0_150x150.jpg?identifier=58fb99078c530015656a03f395b90775" srcset="/productImages/251/251645011_0_150x150.jpg?identifier=58fb99078c530015656a03f395b90775 1x, /productImages/251/251645011_0_280x280.jpg?identifier=58fb99078c530015656a03f395b90775 2x" aria-hidden="true"></div><div class="fop-pack-info"><span class="fop-dietary-frozen fop-life">frozen</span></div></div><div class="fop-description"><h4 class="fop-title" title="Quorn Vegetarian Swedish Style Balls"><span>Quorn Vegetarian Swedish Style Balls</span><span class="fop-catch-weight-inline">300g</span></h4><span class="fop-catch-weight">300g</span></div></div><div class="price-group-wrapper"><span class="oos-info">Out of stock</span><span class="fop-price">£2.55</span><span class="fop-unit-price">£8.50 per kg</span></div><div class="review-wrapper"><span class="fop-rating"><span class="fop-rating-inner" style="width: 74%;" title="Reviews 3.70 out of 5"></span></span></div></a></div><div class="fop-add-oos"><a class="fop-alternatives" href="/webshop/getAlternatives.do?sku=251645011"><span>See Alternatives</span></a></div></div></li><li class="fops-item"><div class="fop-item fop-out-of-stock" data-sku="547098011"><div class="fop-contentWrapper" role="presentation"><a href="/products/morrisons-loaded-cookie-dough-ice-cream-547098011"><span class="fop-mark-oos fop-image-corner">Out of Stock</span><div class="fop-content"><div class="fop-img-wrapper"><div><img alt="Morrisons Loaded Cookie Dough Ice Cream" class="fop-img" src="/productImages/547/547098011_0_150x150.jpg?identifier=12f51558797142a7dec73945bcd1bbb6" srcset="/productImages/547/547098011_0_150x150.jpg?identifier=12f51558797142a7dec73945bcd1bbb6 1x, /productImages/547/547098011_0_280x280.jpg?identifier=12f51558797142a7dec73945bcd1bbb6 2x" aria-hidden="true"></div><div class="fop-pack-info"><span class="fop-dietary-frozen fop-life">frozen</span></div></div><div class="fop-description"><h4 class="fop-title" title="Morrisons Loaded Cookie Dough Ice Cream"><span>Morrisons Loaded Cookie Dough Ice Cream</span><span class="fop-catch-weight-inline">500ml</span></h4><span class="fop-catch-weight">500ml</span></div></div><div class="price-group-wrapper"><span class="oos-info">Out of stock</span><span class="fop-price">£2.69</span><span class="fop-unit-price">53.8p per 100ml</span></div><div class="review-wrapper"><span class="fop-rating"><span class="fop-rating-inner" style="width: 40%;" title="Reviews 2.00 out of 5"></span></span></div></a></div><div class="fop-add-oos"><a class="fop-alternatives" href="/webshop/getAlternatives.do?sku=547098011"><span>See Alternatives</span></a></div></div></li><li class="fops-item"><div class="fop-item fop-out-of-stock" data-sku="566317011"><div class="fop-contentWrapper" role="presentation"><a href="/products/birds-eye-supersweet-sweetcorn-566317011"><span class="fop-mark-oos fop-image-corner">Out of Stock</span><div class="fop-content"><div class="fop-img-wrapper"><div><img alt="Birds Eye Supersweet Sweetcorn" class="fop-img" src="/productImages/566/566317011_0_150x150.jpg?identifier=7f225d55473400d6b5f4c0a1bb6fb96a" srcset="/productImages/566/566317011_0_150x150.jpg?identifier=7f225d55473400d6b5f4c0a1bb6fb96a 1x, /productImages/566/566317011_0_280x280.jpg?identifier=7f225d55473400d6b5f4c0a1bb6fb96a 2x" aria-hidden="true"></div><div class="fop-pack-info"><span class="fop-dietary-frozen fop-life">frozen</span></div></div><div class="fop-description"><h4 class="fop-title" title="Birds Eye Supersweet Sweetcorn"><span>Birds Eye Supersweet Sweetcorn</span><span class="fop-catch-weight-inline">640g</span></h4><span class="fop-catch-weight">640g</span></div></div><div class="price-group-wrapper"><span class="oos-info">Out of stock</span><span class="fop-price">£2.85</span><span class="fop-unit-price">£4.45 per kg</span></div><div class="review-wrapper"></div></a></div><div class="fop-add-oos"><a class="fop-alternatives" href="/webshop/getAlternatives.do?sku=566317011"><span>See Alternatives</span></a></div></div></li><li class="fops-item"><div class="fop-item fop-out-of-stock fop-item-offer" data-sku="282232011"><div class="fop-contentWrapper" role="presentation"><a href="/products/morrisons-quarter-pound-beef-burger-with-cheese-282232011"><span class="fop-mark-oos fop-image-corner">Out of Stock</span><div class="fop-content"><div class="fop-img-wrapper"><div><img alt="Morrisons Quarter Pound Beef Burger With Cheese" class="fop-img" src="/productImages/282/282232011_0_150x150.jpg?identifier=b5b938523944c39180486de905fd0363" srcset="/productImages/282/282232011_0_150x150.jpg?identifier=b5b938523944c39180486de905fd0363 1x, /productImages/282/282232011_0_280x280.jpg?identifier=b5b938523944c39180486de905fd0363 2x" aria-hidden="true"></div><div class="fop-pack-info"><span class="fop-dietary-frozen fop-life">frozen</span></div></div><div class="fop-description"><h4 class="fop-title" title="Morrisons Quarter Pound Beef Burger With Cheese"><span>Morrisons Quarter Pound Beef Burger With Cheese</span><span class="fop-catch-weight-inline">454g</span></h4><span class="fop-catch-weight">454g</span></div></div><div class="price-group-wrapper"><span class="oos-info">Out of stock</span><span class="fop-price">£2.99</span><span class="fop-unit-price">£6.59 per kg</span></div><div class="review-wrapper"><span class="fop-rating"><span class="fop-rating-inner" style="width: 62%;" title="Reviews 3.10 out of 5"></span></span></div><a class="fop-row-promo promotion-offer" href="/offers/buy-2-for-5-1007514284"><span>Buy 2 for £5</span></a></a></div><div class="fop-add-oos"><a class="fop-alternatives" href="/webshop/getAlternatives.do?sku=282232011"><span>See Alternatives</span></a></div></div></li><li class="fops-item"><div class="fop-item fop-out-of-stock fop-item-offer" data-sku="111099011"><div class="fop-contentWrapper" role="presentation"><a href="/products/carte-d-or-classics-madagascan-vanilla-ice-cream-dessert-111099011"><span class="fop-mark-oos fop-image-corner">Out of Stock</span><div class="fop-content"><div class="fop-img-wrapper"><div><img alt="Carte D'Or Classics Madagascan Vanilla Ice Cream Dessert" class="fop-img" src="/productImages/111/111099011_0_150x150.jpg?identifier=7f83c85f530ba74f001296b2b5b20124" srcset="/productImages/111/111099011_0_150x150.jpg?identifier=7f83c85f530ba74f001296b2b5b20124 1x, /productImages/111/111099011_0_280x280.jpg?identifier=7f83c85f530ba74f001296b2b5b20124 2x" aria-hidden="true"></div><div class="fop-pack-info"><span class="fop-dietary-frozen fop-life">frozen</span></div></div><div class="fop-description"><h4 class="fop-title" title="Carte D'Or Classics Madagascan Vanilla Ice Cream Dessert"><span>Carte D'Or Classics Madagascan…</span><span class="fop-catch-weight-inline">1L</span></h4><span class="fop-catch-weight">1L</span></div></div><div class="price-group-wrapper"><span class="oos-info">Out of stock</span><span class="fop-price price-offer">£3</span><span class="fop-old-price">£3.50</span><span class="fop-unit-price">30p per 100ml</span></div><div class="review-wrapper"><span class="fop-rating"><span class="fop-rating-inner" style="width: 88%;" title="Reviews 4.40 out of 5"></span></span></div><a class="fop-row-promo promotion-offer" href="/offers/offer-price-3-was-3-50-1007533358"><span>Offer price £3, was £3.50</span></a></a></div><div class="fop-add-oos"><a class="fop-alternatives" href="/webshop/getAlternatives.do?sku=111099011"><span>See Alternatives</span></a></div></div></li><li class="fops-item"><div class="fop-item fop-out-of-stock" data-sku="573863011"><div class="fop-contentWrapper" role="presentation"><a href="/products/cornetto-soft-cookie-and-chocolate-ice-cream-sticks-573863011"><span class="fop-mark-oos fop-image-corner">Out of Stock</span><div class="fop-content"><div class="fop-img-wrapper"><div><img alt="Cornetto Soft Cookie And Chocolate Ice Cream Sticks " class="fop-img" src="/productImages/573/573863011_0_150x150.jpg?identifier=d26f56e70edeb9ac128581629b2b0e00" srcset="/productImages/573/573863011_0_150x150.jpg?identifier=d26f56e70edeb9ac128581629b2b0e00 1x, /productImages/573/573863011_0_280x280.jpg?identifier=d26f56e70edeb9ac128581629b2b0e00 2x" aria-hidden="true"></div><div class="fop-pack-info"><span class="fop-dietary-frozen fop-life">frozen</span></div></div><div class="fop-description"><h4 class="fop-title" title="Cornetto Soft Cookie And Chocolate Ice Cream Sticks "><span>Cornetto Soft Cookie And Chocolate Ice Cream Sticks </span><span class="fop-catch-weight-inline">560ml</span></h4><span class="fop-catch-weight">560ml</span></div></div><div class="price-group-wrapper"><span class="oos-info">Out of stock</span><span class="fop-price">£3</span><span class="fop-unit-price">53.6p per 100ml</span></div><div class="review-wrapper"><span class="fop-rating"><span class="fop-rating-inner" style="width: 100%;" title="Reviews 5.00 out of 5"></span></span></div></a></div><div class="fop-add-oos"><a class="fop-alternatives" href="/webshop/getAlternatives.do?sku=573863011"><span>See Alternatives</span></a></div></div></li><li class="fops-item"><div class="fop-item fop-out-of-stock" data-sku="299289011"><div class="fop-contentWrapper" role="presentation"><a href="/products/morrisons-raspberry-pavlova-299289011"><span class="fop-mark-oos fop-image-corner">Out of Stock</span><div class="fop-content"><div class="fop-img-wrapper"><div><img alt="Morrisons Raspberry Pavlova" class="fop-img" src="/productImages/299/299289011_0_150x150.jpg?identifier=ee5e06ae4e1b08a1ec6dfd7feb0f6f8a" srcset="/productImages/299/299289011_0_150x150.jpg?identifier=ee5e06ae4e1b08a1ec6dfd7feb0f6f8a 1x, /productImages/299/299289011_0_280x280.jpg?identifier=ee5e06ae4e1b08a1ec6dfd7feb0f6f8a 2x" aria-hidden="true"></div><div class="fop-pack-info"><div class="fop-dietary"><span class="fop-dietary-vegetarian" title="Suitable for vegetarians"></span></div><span class="fop-dietary-frozen fop-life">frozen</span></div></div><div class="fop-description"><h4 class="fop-title" title="Morrisons Raspberry Pavlova"><span>Morrisons Raspberry Pavlova</span><span class="fop-catch-weight-inline">315g</span></h4><span class="fop-catch-weight">315g</span></div></div><div class="price-group-wrapper"><span class="oos-info">Out of stock</span><span class="fop-price">£3.19</span><span class="fop-unit-price">£1.01 per 100g</span></div><div class="review-wrapper"><span class="fop-rating"><span class="fop-rating-inner" style="width: 60%;" title="Reviews 3.00 out of 5"></span></span></div></a></div><div class="fop-add-oos"><a class="fop-alternatives" href="/webshop/getAlternatives.do?sku=299289011"><span>See Alternatives</span></a></div></div></li><li class="fops-item"><div class="fop-item fop-out-of-stock" data-sku="415415011"><div class="fop-contentWrapper" role="presentation"><a href="/products/morrisons-pork-loin-joint-with-herb-crumb-topping-415415011"><span class="fop-mark-oos fop-image-corner">Out of Stock</span><div class="fop-content"><div class="fop-img-wrapper"><div><img alt="Morrisons Pork Loin Joint With Herb Crumb Topping" class="fop-img" src="/productImages/415/415415011_0_150x150.jpg?identifier=8dc78a93c68daff76c8547f4fc58f192" srcset="/productImages/415/415415011_0_150x150.jpg?identifier=8dc78a93c68daff76c8547f4fc58f192 1x, /productImages/415/415415011_0_280x280.jpg?identifier=8dc78a93c68daff76c8547f4fc58f192 2x" aria-hidden="true"></div><div class="fop-pack-info"><span class="fop-dietary-frozen fop-life">frozen</span></div></div><div class="fop-description"><h4 class="fop-title" title="Morrisons Pork Loin Joint With Herb Crumb Topping"><span>Morrisons Pork Loin Joint With Herb Crumb Topping</span><span class="fop-catch-weight-inline">550g</span></h4><span class="fop-catch-weight">550g</span></div></div><div class="price-group-wrapper"><span class="oos-info">Out of stock</span><span class="fop-price">£3.50</span><span class="fop-unit-price">£6.36 per kg</span></div><div class="review-wrapper"><span class="fop-rating"><span class="fop-rating-inner" style="width: 34%;" title="Reviews 1.70 out of 5"></span></span></div></a></div><div class="fop-add-oos"><a class="fop-alternatives" href="/webshop/getAlternatives.do?sku=415415011"><span>See Alternatives</span></a></div></div></li><li class="fops-item"><div class="fop-item fop-out-of-stock" data-sku="577433011"><div class="fop-contentWrapper" role="presentation"><a href="/products/nestle-family-favourites-mixed-ice-lollies-12-pack-577433011"><span class="fop-mark-oos fop-image-corner">Out of Stock</span><div class="fop-content"><div class="fop-img-wrapper"><div><img alt="Nestle Family Favourites Mixed Ice Lollies 12 Pack" class="fop-img" src="/productImages/577/577433011_0_150x150.jpg?identifier=1e07591f94175ee304f66a8f748e0fcd" srcset="/productImages/577/577433011_0_150x150.jpg?identifier=1e07591f94175ee304f66a8f748e0fcd 1x, /productImages/577/577433011_0_280x280.jpg?identifier=1e07591f94175ee304f66a8f748e0fcd 2x" aria-hidden="true"></div><div class="fop-pack-info"><span class="fop-dietary-frozen fop-life">frozen</span></div></div><div class="fop-description"><h4 class="fop-title" title="Nestle Family Favourites Mixed Ice Lollies 12 Pack"><span>Nestle Family Favourites Mixed Ice Lollies 12 Pack</span><span class="fop-catch-weight-inline">712ml</span></h4><span class="fop-catch-weight">712ml</span></div></div><div class="price-group-wrapper"><span class="oos-info">Out of stock</span><span class="fop-price">£3.50</span><span class="fop-unit-price">49.2p per 100ml</span></div><div class="review-wrapper"><span class="fop-rating"><span class="fop-rating-inner" style="width: 20%;" title="Reviews 1.00 out of 5"></span></span></div></a></div><div class="fop-add-oos"><a class="fop-alternatives" href="/webshop/getAlternatives.do?sku=577433011"><span>See Alternatives</span></a></div></div></li><li class="fops-item"><div class="fop-item fop-out-of-stock" data-sku="324875011"><div class="fop-contentWrapper" role="presentation"><a href="/products/morrisons-the-best-4-scotch-beef-quarter-pounders-324875011"><span class="fop-mark-oos fop-image-corner">Out of Stock</span><div class="fop-content"><div class="fop-img-wrapper"><div><img alt="Morrisons The Best 4 Scotch Beef Quarter Pounders" class="fop-img" src="/productImages/324/324875011_0_150x150.jpg?identifier=4a0759a8d7e03f12a332db41cd639c96" srcset="/productImages/324/324875011_0_150x150.jpg?identifier=4a0759a8d7e03f12a332db41cd639c96 1x, /productImages/324/324875011_0_280x280.jpg?identifier=4a0759a8d7e03f12a332db41cd639c96 2x" aria-hidden="true"></div><div class="fop-pack-info"><span class="fop-dietary-frozen fop-life">frozen</span></div></div><div class="fop-description"><h4 class="fop-title" title="Morrisons The Best 4 Scotch Beef Quarter Pounders"><span>Morrisons The Best 4 Scotch…</span><span class="fop-catch-weight-inline">454g</span></h4><span class="fop-catch-weight">454g</span></div></div><div class="price-group-wrapper"><span class="oos-info">Out of stock</span><span class="fop-price">£3.75</span><span class="fop-unit-price">£8.26 per kg</span></div><div class="review-wrapper"><span class="fop-rating"><span class="fop-rating-inner" style="width: 60%;" title="Reviews 3.00 out of 5"></span></span></div></a></div><div class="fop-add-oos"><a class="fop-alternatives" href="/webshop/getAlternatives.do?sku=324875011"><span>See Alternatives</span></a></div></div></li><li class="fops-item"><div class="fop-item fop-out-of-stock" data-sku="510505011"><div class="fop-contentWrapper" role="presentation"><a href="/products/nuii-mini-salted-caramel-vanilla-nordic-berry-ice-cream-510505011"><span class="fop-mark-oos fop-image-corner">Out of Stock</span><div class="fop-content"><div class="fop-img-wrapper"><div><img alt="Nuii Mini Salted Caramel, Vanilla &amp; Nordic Berry Ice Cream" class="fop-img" src="/productImages/510/510505011_0_150x150.jpg?identifier=1556d817f4b0423cc52d097ffba2d016" srcset="/productImages/510/510505011_0_150x150.jpg?identifier=1556d817f4b0423cc52d097ffba2d016 1x, /productImages/510/510505011_0_280x280.jpg?identifier=1556d817f4b0423cc52d097ffba2d016 2x" aria-hidden="true"></div><div class="fop-pack-info"><span class="fop-dietary-frozen fop-life">frozen</span></div></div><div class="fop-description"><h4 class="fop-title" title="Nuii Mini Salted Caramel, Vanilla &amp; Nordic Berry Ice Cream"><span>Nuii Mini Salted Caramel, Vanilla…</span><span class="fop-catch-weight-inline">6 x 55ml</span></h4><span class="fop-catch-weight">6 x 55ml</span></div></div><div class="price-group-wrapper"><span class="oos-info">Out of stock</span><span class="fop-price">£4.25</span><span class="fop-unit-price">£1.29 per 100ml</span></div><div class="review-wrapper"><span class="fop-rating"><span class="fop-rating-inner" style="width: 100%;" title="Reviews 5.00 out of 5"></span></span></div></a></div><div class="fop-add-oos"><a class="fop-alternatives" href="/webshop/getAlternatives.do?sku=510505011"><span>See Alternatives</span></a></div></div></li><li class="fops-item"><div class="fop-item fop-out-of-stock" data-sku="570831011"><div class="fop-contentWrapper" role="presentation"><a href="/products/nuii-mini-texan-pecan-java-and-scandinavian-ice-cream-sticks-570831011"><span class="fop-mark-oos fop-image-corner">Out of Stock</span><div class="fop-content"><div class="fop-img-wrapper"><div><img alt="Nuii Mini Texan Pecan Java And Scandinavian Ice Cream Sticks " class="fop-img" src="/productImages/570/570831011_0_150x150.jpg?identifier=1afe4fec0d94c327f57ca5ce3838ce38" srcset="/productImages/570/570831011_0_150x150.jpg?identifier=1afe4fec0d94c327f57ca5ce3838ce38 1x, /productImages/570/570831011_0_280x280.jpg?identifier=1afe4fec0d94c327f57ca5ce3838ce38 2x" aria-hidden="true"></div><div class="fop-pack-info"><div class="fop-dietary"><span class="fop-dietary-vegetarian" title="Suitable for vegetarians"></span></div><span class="fop-dietary-frozen fop-life">frozen</span></div></div><div class="fop-description"><h4 class="fop-title" title="Nuii Mini Texan Pecan Java And Scandinavian Ice Cream Sticks "><span>Nuii Mini Texan Pecan Java And Scan…</span><span class="fop-catch-weight-inline">6 x 55ml</span></h4><span class="fop-catch-weight">6 x 55ml</span></div></div><div class="price-group-wrapper"><span class="oos-info">Out of stock</span><span class="fop-price">£4.25</span><span class="fop-unit-price">£1.29 per 100ml</span></div><div class="review-wrapper"><span class="fop-rating"><span class="fop-rating-inner" style="width: 100%;" title="Reviews 5.00 out of 5"></span></span></div></a></div><div class="fop-add-oos"><a class="fop-alternatives" href="/webshop/getAlternatives.do?sku=570831011"><span>See Alternatives</span></a></div></div></li><li class="fops-item"><div class="fop-item fop-out-of-stock" data-sku="317880011"><div class="fop-contentWrapper" role="presentation"><a href="/products/morrisons-gammon-joint-honey-glaze-317880011"><span class="fop-mark-oos fop-image-corner">Out of Stock</span><div class="fop-content"><div class="fop-img-wrapper"><div><img alt=" Morrisons Gammon Joint Honey Glaze" class="fop-img" src="/productImages/317/317880011_0_150x150.jpg?identifier=a592a18ee259ed8257c6f50ce934b932" srcset="/productImages/317/317880011_0_150x150.jpg?identifier=a592a18ee259ed8257c6f50ce934b932 1x, /productImages/317/317880011_0_280x280.jpg?identifier=a592a18ee259ed8257c6f50ce934b932 2x" aria-hidden="true"></div><div class="fop-pack-info"><span class="fop-dietary-frozen fop-life">frozen</span></div></div><div class="fop-description"><h4 class="fop-title" title=" Morrisons Gammon Joint Honey Glaze"><span> Morrisons Gammon Joint Honey Glaze</span><span class="fop-catch-weight-inline">600g</span></h4><span class="fop-catch-weight">600g</span></div></div><div class="price-group-wrapper"><span class="oos-info">Out of stock</span><span class="fop-price">£4.35</span><span class="fop-unit-price">£7.25 per kg</span></div><div class="review-wrapper"><span class="fop-rating"><span class="fop-rating-inner" style="width: 72%;" title="Reviews 3.60 out of 5"></span></span></div></a></div><div class="fop-add-oos"><a class="fop-alternatives" href="/webshop/getAlternatives.do?sku=317880011"><span>See Alternatives</span></a></div></div></li><li class="fops-item"><div class="fop-item fop-out-of-stock" data-sku="610693011"><div class="fop-contentWrapper" role="presentation"><a href="/products/baskin-robbins-nutty-salted-caramel-ice-cream-610693011"><span class="fop-mark-oos fop-image-corner">Out of Stock</span><div class="fop-content"><div class="fop-img-wrapper"><div><img alt="Baskin Robbins Nutty Salted Caramel Ice Cream" class="fop-img" src="/productImages/610/610693011_0_150x150.jpg?identifier=5760a24b6a52d4c0c659909a1ed4bae5" srcset="/productImages/610/610693011_0_150x150.jpg?identifier=5760a24b6a52d4c0c659909a1ed4bae5 1x, /productImages/610/610693011_0_280x280.jpg?identifier=5760a24b6a52d4c0c659909a1ed4bae5 2x" aria-hidden="true"></div><div class="fop-pack-info"><span class="fop-dietary-frozen fop-life">frozen</span></div></div><div class="fop-description"><h4 class="fop-title" title="Baskin Robbins Nutty Salted Caramel Ice Cream"><span>Baskin Robbins Nutty Salted Caramel Ice Cream</span><span class="fop-catch-weight-inline">500ml</span></h4><span class="fop-catch-weight">500ml</span></div></div><div class="price-group-wrapper"><span class="oos-info">Out of stock</span><span class="fop-price">£4.50</span><span class="fop-unit-price">90p per 100ml</span></div><div class="review-wrapper"></div></a></div><div class="fop-add-oos"><a class="fop-alternatives" href="/webshop/getAlternatives.do?sku=610693011"><span>See Alternatives</span></a></div></div></li><li class="fops-item"><div class="fop-item fop-out-of-stock" data-sku="111229011"><div class="fop-contentWrapper" role="presentation"><a href="/products/morrisons-minced-beef-10-fat-111229011"><span class="fop-mark-oos fop-image-corner">Out of Stock</span><div class="fop-content"><div class="fop-img-wrapper"><div><img alt="Morrisons Minced Beef 10% Fat" class="fop-img" src="/productImages/111/111229011_0_150x150.jpg?identifier=bb45558a5116d0aaf2688c5b64abf943" srcset="/productImages/111/111229011_0_150x150.jpg?identifier=bb45558a5116d0aaf2688c5b64abf943 1x, /productImages/111/111229011_0_280x280.jpg?identifier=bb45558a5116d0aaf2688c5b64abf943 2x" aria-hidden="true"></div><div class="fop-pack-info"><span class="fop-dietary-frozen fop-life">frozen</span></div></div><div class="fop-description"><h4 class="fop-title" title="Morrisons Minced Beef 10% Fat"><span>Morrisons Minced Beef 10% Fat</span><span class="fop-catch-weight-inline">500g</span></h4><span class="fop-catch-weight">500g</span></div></div><div class="price-group-wrapper"><span class="oos-info">Out of stock</span><span class="fop-price">£4.99</span><span class="fop-unit-price">£9.98 per kg</span></div><div class="review-wrapper"><span class="fop-rating"><span class="fop-rating-inner" style="width: 90%;" title="Reviews 4.50 out of 5"></span></span></div></a></div><div class="fop-add-oos"><a class="fop-alternatives" href="/webshop/getAlternatives.do?sku=111229011"><span>See Alternatives</span></a></div></div></li><li class="fops-item"><div class="fop-item fop-out-of-stock" data-sku="352835011"><div class="fop-contentWrapper" role="presentation"><a href="/products/morrisons-4-battered-chunky-cod-fillet-352835011"><span class="fop-mark-oos fop-image-corner">Out of Stock</span><div class="fop-content"><div class="fop-img-wrapper"><div><img alt="Morrisons 4 Battered Chunky Cod Fillet" class="fop-img" src="/productImages/352/352835011_0_150x150.jpg?identifier=2211c56f2aacd3fce1a7a0edd5f5ac2e" srcset="/productImages/352/352835011_0_150x150.jpg?identifier=2211c56f2aacd3fce1a7a0edd5f5ac2e 1x, /productImages/352/352835011_0_280x280.jpg?identifier=2211c56f2aacd3fce1a7a0edd5f5ac2e 2x" aria-hidden="true"></div><div class="fop-pack-info"><span class="fop-dietary-frozen fop-life">frozen</span></div></div><div class="fop-description"><h4 class="fop-title" title="Morrisons 4 Battered Chunky Cod Fillet"><span>Morrisons 4 Battered Chunky Cod Fillet</span><span class="fop-catch-weight-inline">500g</span></h4><span class="fop-catch-weight">500g</span></div></div><div class="price-group-wrapper"><span class="oos-info">Out of stock</span><span class="fop-price">£5.75</span><span class="fop-unit-price">£11.50 per kg</span></div><div class="review-wrapper"><span class="fop-rating"><span class="fop-rating-inner" style="width: 90%;" title="Reviews 4.50 out of 5"></span></span></div></a></div><div class="fop-add-oos"><a class="fop-alternatives" href="/webshop/getAlternatives.do?sku=352835011"><span>See Alternatives</span></a></div></div></li><li class="fops-item"><div class="fop-item fop-out-of-stock" data-sku="352846011"><div class="fop-contentWrapper" role="presentation"><a href="/products/morrisons-4-chunky-breaded-cod-fillets-352846011"><span class="fop-mark-oos fop-image-corner">Out of Stock</span><div class="fop-content"><div class="fop-img-wrapper"><div><img alt="Morrisons 4 Chunky Breaded Cod Fillets" class="fop-img" src="/productImages/352/352846011_0_150x150.jpg?identifier=53d3844dc1359264d2e4008a3cc36c6d" srcset="/productImages/352/352846011_0_150x150.jpg?identifier=53d3844dc1359264d2e4008a3cc36c6d 1x, /productImages/352/352846011_0_280x280.jpg?identifier=53d3844dc1359264d2e4008a3cc36c6d 2x" aria-hidden="true"></div><div class="fop-pack-info"><span class="fop-dietary-frozen fop-life">frozen</span></div></div><div class="fop-description"><h4 class="fop-title" title="Morrisons 4 Chunky Breaded Cod Fillets"><span>Morrisons 4 Chunky Breaded Cod Fillets</span><span class="fop-catch-weight-inline">500g</span></h4><span class="fop-catch-weight">500g</span></div></div><div class="price-group-wrapper"><span class="oos-info">Out of stock</span><span class="fop-price">£5.75</span><span class="fop-unit-price">£11.50 per kg</span></div><div class="review-wrapper"><span class="fop-rating"><span class="fop-rating-inner" style="width: 80%;" title="Reviews 4.00 out of 5"></span></span></div></a></div><div class="fop-add-oos"><a class="fop-alternatives" href="/webshop/getAlternatives.do?sku=352846011"><span>See Alternatives</span></a></div></div></li></ul></div></div></div><footer class="ft-footer"><div class="ft-footer__contentBottom"><div class="ft-footer__bottomLogo"></div><div class="ft-backToTop"><a href="#react-view" class="ft-backToTop__link">Back to top</a></div></div><div class="ft-footer__contentWrapper"><div class="ft-footer__content"><img src="/static/brand-logo-alternative-a1a72.png" alt="footer logo" class="ft-footer__logoImg"><div class="ft-socialMedia"><ul class="ft-socialMedia__list"><li class="ft-socialMedia__listItem"><a href="http://www.facebook.com/morrisons" target="_blank" rel="noopener noreferrer" class="ft-socialMedia__link ft-socialMedia__link--facebook">Morrisons Facebook page</a></li><li class="ft-socialMedia__listItem"><a href="http://www.twitter.com/Morrisons" target="_blank" rel="noopener noreferrer" class="ft-socialMedia__link ft-socialMedia__link--twitter">Morrisons Twitter page</a></li><li class="ft-socialMedia__listItem"><a href="http://instagram.com/morrisons" target="_blank" rel="noopener noreferrer" class="ft-socialMedia__link ft-socialMedia__link--instagram">Morrisons Instagram Page</a></li><li class="ft-socialMedia__listItem"><a href="http://youtube.com/user/morrisons" target="_blank" rel="noopener noreferrer" class="ft-socialMedia__link ft-socialMedia__link--youtube">Morrisons YouTube Channel</a></li></ul></div><div class="ft-apps"><p class="ft-apps__title"></p><ul class="ft-apps__list"></ul></div><hr><div class="ft-links"><div role="tablist"><div class="ft-links__columnAddon"></div><div class="ft-links__column"><h4 class="ft-links__title"><span class="ft-links__titleContent" id="ft-links__sectionTitle-0">Our Main Sites</span></h4><ul class="ft-links__list" role="navigation" aria-labelledby="ft-links__sectionTitle-0" id="ft-links__section-0"><li><a href="https://nutmeg.morrisons.com/" class="ft-links__link">Nutmeg</a></li><li><a href="https://my.morrisons.com/foodtoorder/" class="ft-links__link">Food to Order</a></li><li><a href="https://my.morrisons.com/more/" class="ft-links__link">Morrisons More</a></li><li><a href="https://my.morrisons.com/blog/community/morrisons-gift-cards/" class="ft-links__link">Morrisons Gift Cards </a></li></ul></div><div class="ft-links__column"><h4 class="ft-links__title"><span class="ft-links__titleContent" id="ft-links__sectionTitle-1">Help &amp; Information</span></h4><ul class="ft-links__list" role="navigation" aria-labelledby="ft-links__sectionTitle-1" id="ft-links__section-1"><li><a href="https://www.morrisons.com/help/" class="ft-links__link">Contact Us</a></li><li><a href="https://my.morrisons.com/storefinder/" class="ft-links__link">Store Finder</a></li><li><a href="https://your.morrisons.com/Help-and-information/store-services/" class="ft-links__link">Store Services</a></li><li><a href="https://groceries.morrisons.com/webshop/scontent/customerServicesFAQ" class="ft-links__link">FAQs</a></li><li><a href="https://groceries.morrisons.com/webshop/scontent/customerServicesFAQ" class="ft-links__link">Scottish Alcohol Pricing</a></li><li><a href="https://groceries.morrisons.com/webshop/scontent/customerServicesFAQ" class="ft-links__link">Welsh Alcohol Pricing</a></li><li><a href="https://groceries.morrisons.com/webshop/" class="ft-links__link">Keeping Safe Online</a></li><li><a href="https://my.morrisons.com/product-recall" class="ft-links__link">Product Recalls</a></li></ul></div><div class="ft-links__column"><h4 class="ft-links__title"><span class="ft-links__titleContent" id="ft-links__sectionTitle-2">Corporate</span></h4><ul class="ft-links__list" role="navigation" aria-labelledby="ft-links__sectionTitle-2" id="ft-links__section-2"><li><a href="https://www.morrisons-corporate.com/about-us/" class="ft-links__link">About Us</a></li><li><a href="https://www.morrisons-corporate.com/cr/" class="ft-links__link">Corporate Responsibility</a></li><li><a href="https://www.morrisons-corporate.com/investor-centre/" class="ft-links__link">Investor Centre</a></li><li><a href="https://www.morrisons.jobs/" class="ft-links__link">Jobs</a></li><li><a href="https://www.morrisons-corporate.com/globalassets/corporatesite/corporate-responsibility/ethical-trading/morrisons_mss_2022_interim_proof3.pdf" class="ft-links__link">Modern Slavery Statement</a></li><li><a href="https://www.morrisons-corporate.com/globalassets/corporatesite/home-page/cruelty-free---leaping-bunny-1.pdf" class="ft-links__link">Cruelty Free - Leaping Bunny
</a></li></ul></div><div class="ft-links__column"><h4 class="ft-links__title"><span class="ft-links__titleContent" id="ft-links__sectionTitle-3">Terms</span></h4><ul class="ft-links__list" role="navigation" aria-labelledby="ft-links__sectionTitle-3" id="ft-links__section-3"><li><a href="https://groceries.morrisons.com/webshop/scontent/termsOfUse" class="ft-links__link">Terms of Use</a></li><li><a href="https://groceries.morrisons.com/webshop/scontent/termsAndConditions" class="ft-links__link">Terms &amp; Conditions</a></li><li><a href="https://my.morrisons.com/privacy-policy" class="ft-links__link">Privacy Policy</a></li><li><a href="https://my.morrisons.com/cookie-policy/" class="ft-links__link">Cookie Policy</a></li><li><a href="https://my.morrisons.com/weee-regulations/" class="ft-links__link">WEEE Regulations and Battery Recycling</a></li><li><a href="https://my.morrisons.com/accessibility/" class="ft-links__link">Accessibility</a></li></ul></div></div></div><div><div class="cornerBox"><style>
    .ext-logos {
        height: 0;
        overflow: visible;
    }

    .mhra-logo {
        display: block;
        float: right;
        width: 112px;
        height: 93px;
        margin-top: -93px;
        background: transparent url(/cmscontent/fhtml_image/207885.png?N49u) 0 0 no-repeat;
        background-size: 112px 93px;
    }

    /* mobile small */
    .mobileFooter .copyright {
        float: left;
        width: 50%;
        margin-top: 30px;
    }

    .mobileFooter .ext-logos {
        height: auto;
        float: right;
        padding: 10px;
        margin-bottom: 40px;
    }

    .mobileFooter .mhra-logo {
        margin-top: 0;
    }

</style>

<div class="ext-logos">
    <a href="/webshop/redirectFromWebshop.do?REDIRECT_URL=http%3A%2F%2Fmedicine-seller-register.mhra.gov.uk%2Fsearch-registry%2F307&amp;pageId=8a1a1e0cc8123a2d2bb4f4b9faafdf11&amp;ad=22778%7C1099620%7C%7C" class="mhra-logo"></a>
</div></div></div><p class="ft-footer__request"> <a href="/webshop/productRequestEdit.do" class="ft-footer__link ft-footer__requestLink"></a></p><hr><div class="ft-corporate ft-corporate--mhra"><div class="ft-corporate__text"><a class="ft-footer__desktopLink" href="/">Desktop site</a><p class="ft-corporate__copyright">© <!-- -->2023 All rights reserved. Wm Morrison Supermarkets Limited</p><ul class="ft-corporate__list"></ul></div></div></div></div></footer><div class="ntf-flashMessages__wrapper"><div></div></div><noscript><iframe src="//www.googletagmanager.com/ns.html?id=GTM-MG3XK9" height="0" width="0" title="GTM" style="display:none;visibility:hidden"></iframe></noscript><span><a class="gn-backToTopButton__link" href="#react-view"><img class="gn-backToTopButton__image" src="/static/chevron-cbff3.svg" alt="Top button"><span class="gn-backToTopButton__label">Top</span></a></span><iframe style="display: none;" title="sessionSSoIframeUrl" id="js-opframe" src="https://accounts.groceries.morrisons.com/auth-service/sso/check-session"></iframe><iframe style="display: none;" title="sessionClientIframeUrl" id="js-clientFrame" src="/webshop/sso/client-check-session.go?referrer=%2Fbrowse%2Ffrozen-180331"></iframe></div><div class="pg-pageLoadingMask"></div></div><div id="modal-root"></div><script src="/static/main.client-bundle-1.138.0.js"></script><img src="//b.fr3.eu.criteo.com/rm?fid=260&amp;hl_qs_cmp=YdcqimcIYb7Fp6YfqjNXt8vWi6NsNPxMQxecKlJORSZCZ0sxo5bmUpkMa-oilz3x6-zTlH1-XWdHxCSwiceh-9hhMPy4wQMabDPHYkvT8G3rLoNDAruvB-Uu6rzCZbKU-ayWpHOcGBTSgQmcAa4RQ3ToR19kHuuElW4JETF6gVmR5xHjb4FumlH3pewjk4cvLo0cIjCcBbssbkE0w0zd_Q5UN5S_8cudd0NlChFB3vEzne5TgLEYrLHCjet69bSov495MxYVoNu-Wzeb_B0UqnUH0YJzF_T9gXpvuT5V_6M5RA2cDgdVI2zjKrzFcNsYhNFepn3v5GaA8tO_qfd6AzQtKZ8dgF9FkP06w3XrA-LmYEoIwOLXbl-Iy1NlwdEuttJG73dMVuIaheymdQB9hDHGdrznQ2maLp6n46GiPSOju9bgr6C3lJG2gtnNQTvegtGxGDVzdG7Xk-_8o6hVpXE_ebaDqEr3UmYYyrxtVSI&amp;ev=4&amp;action=page&amp;origc=G&amp;pid=e1643484-f7ea-4fa3-8b08-2d6daa350af3&amp;rn=581711837&amp;rm_e=LWltPNBZR2GBYdoq_AGbyPQkNyAbPEYkg8sqBeB0orG9ozfsBbmuIj8IhNceP_yHBOZy1g2yqyTCKUMo7TFS6LigFh_gO0P52sdxDXzJbl2tIjkRF_WJ4TnclarfIKHsJkijKPBobByXLSuFTr6ZetpbBmI0jpEEKa4wjHYyUp8" class="bc-beacon"><img src="//b.fr3.eu.criteo.com/rm?fid=260&amp;hl_qs_cmp=XrOE1eLSRsVWjcMymZ8NBv6IkgLghRVPbTdlc4x2ky9w7jDgUjBEDDFSPpy2Wimy1_9iR7Qyfy11d9gpvbgbhl0S5-fnvG9DJ9_uXdXK549a3k-7UatZ75IWqLMiLIvgUAnZ5tvJWkdnxTZ2lny7X6xNrs0FvizrblvPtsiNkEp3XFsgbSYqaHSVh5b4meLfI9l9raPmJuS5d_dzy5ASHWkbZR9JW3dwhDwuYhp0F1L9rFUkklUUsA-v69XZOMvseAvYahY1Wp4xzg5W5nILaV_rV-adalgDn5Iv0ceKAZiQPTvYtbaIz2kQ79W8yyZ3fv4iZKQ2vPSDne3KI10_OeNHHV2I6w9wYkIR5jkVIPdASl2t8G6Czz-OBAk78v3z7X4EY-Xg5YmdDoXJ1LQ9zCAF8C571CpP5ykodExua7D34saUS8-JSa2Tvb0wjxJ23Uh9m42BOlWFJIjCYnzdcYDwqqMVOg59JoAJjGsaCgQ&amp;ev=4&amp;action=page&amp;origc=G&amp;pid=fbd4404f-1879-495b-b0eb-b39db3d5ed55&amp;rn=382427401&amp;rm_e=t6h4kKOmeMiF2oy5Oh2JpuzsGL2ax0AFzQK6z3MW2nrfX4aZCVNZ07LbCvdt4fU4wVTGYEFmdaIVoJvp3399NwrX_92mOVdtA-gUyZgvU94urjButd3WbSn1H4ESe3P-4SD7v4FaLygeSVYXW6wHvgFGhjPXlTzCTPTe7i10jU49-yhWEIE5naOznDEgmXVAxdqj5UU4hmiXYog5RQ3BnntGfqLgDWc4DdcObOQReAdWp_M9Ne5SbapbzBHFivTZ7azd2xltSZxk_nKU1AvBPFOrYNMSrsyTb8rbArd8yu50c73G_i7XxOSRC9vbR7mR" class="bc-beacon"><div id="onetrust-consent-sdk"><div class="onetrust-pc-dark-filter ot-fade-in" style="display: none;transition: visibility 0s 400ms, opacity 400ms linear;
                    opacity: 0;visibility: hidden;"></div><div id="onetrust-pc-sdk" class="otPcTab ot-fade-in ot-sdk-not-webkit" role="alertdialog" aria-modal="true" aria-label="Morrisons privacy settings" style="display: none;
                    transition: visibility 0s 400ms, opacity 400ms linear;
                    opacity: 0;visibility: hidden;" lang="en"><!-- pc header --><div class="ot-pc-header" role="presentation"><!-- Header logo --><div class="ot-pc-logo" role="img" aria-label="Morrisons preference center" style="background-image: url(&quot;https://cdn-ukwest.onetrust.com/logos/379833ad-b299-4218-ba60-f536e7bf51f5/2a3a51e6-38bb-4e7c-b5c1-af750577a469/0cfbc493-ff14-4e7b-8b71-5ab273855b6e/NEWmorrisonsLogoFullStack.png&quot;);
                    background-position: left;"></div><div class="ot-title-cntr"><h2 id="ot-pc-title">Morrisons privacy settings</h2><div class="ot-close-cntr"><button id="close-pc-btn-handler" class="ot-close-icon" aria-label="Close" tabindex="0"></button></div></div></div><!-- content --><!-- Groups / Sub groups with cookies --><div id="ot-pc-content" class="ot-pc-scrollbar ot-sdk-row" style="height: -3px;"><div class="ot-sdk-container ot-grps-cntr ot-sdk-column"><div class="ot-sdk-four ot-sdk-columns ot-tab-list" aria-label="Cookie Categories"><ul class="ot-cat-grp" role="tablist"><li class="ot-abt-tab" role="presentation"><!-- About Privacy container --><div class="ot-active-menu category-menu-switch-handler" role="tab" tabindex="0" aria-selected="true" aria-controls="ot-tab-desc"><h3 id="ot-pvcy-txt">Your Privacy</h3></div></li><li class="ot-cat-item ot-always-active-group" role="presentation" data-optanongroupid="C0001"><div class="category-menu-switch-handler" role="tab" tabindex="-1" aria-selected="false" aria-controls="ot-desc-id-C0001"><h3 id="ot-header-id-C0001">Essential Cookies</h3></div></li><li class="ot-cat-item" role="presentation" data-optanongroupid="C0003"><div class="category-menu-switch-handler" role="tab" tabindex="-1" aria-selected="false" aria-controls="ot-desc-id-C0003"><h3 id="ot-header-id-C0003">Functional Cookies</h3></div></li><li class="ot-cat-item" role="presentation" data-optanongroupid="C0004"><div class="category-menu-switch-handler" role="tab" tabindex="-1" aria-selected="false" aria-controls="ot-desc-id-C0004"><h3 id="ot-header-id-C0004">Advertising Cookies</h3></div></li><li class="ot-cat-item" role="presentation" data-optanongroupid="C0002"><div class="category-menu-switch-handler" role="tab" tabindex="-1" aria-selected="false" aria-controls="ot-desc-id-C0002"><h3 id="ot-header-id-C0002">Analytics Cookies</h3></div></li></ul></div><div class="ot-tab-desc ot-sdk-eight ot-sdk-columns"><div class="ot-desc-cntr" id="ot-tab-desc" tabindex="0" role="tabpanel" aria-labelledby="ot-pvcy-hdr"><h4 id="ot-pvcy-hdr">Your Privacy</h4><p id="ot-pc-desc" class="ot-grp-desc">When you visit any website, it may store or retrieve information on your browser, mostly in the form of cookies. This information might be about you, your preferences or your device and is mostly used to make the site work as you expect it to. The information does not usually directly identify you, but it can give you a more personalized web experience. Because we respect your right to privacy, you can choose not to allow some types of cookies. Click on the different category headings to find out more and change our default settings. However, blocking some types of cookies may impact your experience of the site and the services we are able to offer.
                <br><a href="https://my.morrisons.com/cookie-policy/" class="privacy-notice-link" rel="noopener" target="_blank" aria-label="More information about your privacy, opens in a new tab" tabindex="0">More information</a></p></div><div class="ot-desc-cntr ot-hide ot-always-active-group" role="tabpanel" tabindex="0" id="ot-desc-id-C0001"><div class="ot-grp-hdr1"><h4 class="ot-cat-header">Essential Cookies</h4><div class="ot-tgl-cntr"><div class="ot-always-active">Always Active</div></div></div><p class="ot-grp-desc ot-category-desc">Our website won't work without these cookies. They are used for things like logging in, checking out and editing your details. These cookies are always on.
</p><div class="ot-hlst-cntr"><button class="ot-link-btn category-host-list-handler" aria-label="Cookies Details button opens Cookies Details window" data-parent-id="C0001" tabindex="0">Cookies Details‎</button></div></div><div class="ot-desc-cntr ot-hide" role="tabpanel" tabindex="0" id="ot-desc-id-C0003"><div class="ot-grp-hdr1"><h4 class="ot-cat-header">Functional Cookies</h4><div class="ot-tgl"><input type="checkbox" name="ot-group-id-C0003" id="ot-group-id-C0003" aria-checked="false" role="switch" class="category-switch-handler" data-optanongroupid="C0003" aria-labelledby="ot-header-id-C0003" tabindex="0"> <label class="ot-switch" for="ot-group-id-C0003"><span class="ot-switch-nob"></span> <span class="ot-label-txt">Functional Cookies</span></label> </div><div class="ot-tgl-cntr"></div></div><p class="ot-grp-desc ot-category-desc">These cookies help us to make sure that your shopping experience is as good as it can be. You don't have to turn them on, but our website won't function as well for you.
</p><div class="ot-hlst-cntr"><button class="ot-link-btn category-host-list-handler" aria-label="Cookies Details button opens Cookies Details window" data-parent-id="C0003" tabindex="0">Cookies Details‎</button></div></div><div class="ot-desc-cntr ot-hide" role="tabpanel" tabindex="0" id="ot-desc-id-C0004"><div class="ot-grp-hdr1"><h4 class="ot-cat-header">Advertising Cookies</h4><div class="ot-tgl"><input type="checkbox" name="ot-group-id-C0004" id="ot-group-id-C0004" aria-checked="false" role="switch" class="category-switch-handler" data-optanongroupid="C0004" aria-labelledby="ot-header-id-C0004" tabindex="0"> <label class="ot-switch" for="ot-group-id-C0004"><span class="ot-switch-nob"></span> <span class="ot-label-txt">Advertising Cookies</span></label> </div><div class="ot-tgl-cntr"></div></div><p class="ot-grp-desc ot-category-desc">Our advertising cookies reduce the number of adverts you see that might not be of interest to you. They mean that you are more likely to see your favourite Morrisons products advertised on our website, and other websites too.
</p><div class="ot-hlst-cntr"><button class="ot-link-btn category-host-list-handler" aria-label="Cookies Details button opens Cookies Details window" data-parent-id="C0004" tabindex="0">Cookies Details‎</button></div></div><div class="ot-desc-cntr ot-hide" role="tabpanel" tabindex="0" id="ot-desc-id-C0002"><div class="ot-grp-hdr1"><h4 class="ot-cat-header">Analytics Cookies</h4><div class="ot-tgl"><input type="checkbox" name="ot-group-id-C0002" id="ot-group-id-C0002" aria-checked="false" role="switch" class="category-switch-handler" data-optanongroupid="C0002" aria-labelledby="ot-header-id-C0002" tabindex="0"> <label class="ot-switch" for="ot-group-id-C0002"><span class="ot-switch-nob"></span> <span class="ot-label-txt">Analytics Cookies</span></label> </div><div class="ot-tgl-cntr"></div></div><p class="ot-grp-desc ot-category-desc">These cookies help us to understand which parts of our website customers enjoy and view most often. We use this information to make improvements to our website, and ensure our shopping experience is as good as it can be.
</p><div class="ot-hlst-cntr"><button class="ot-link-btn category-host-list-handler" aria-label="Cookies Details button opens Cookies Details window" data-parent-id="C0002" tabindex="0">Cookies Details‎</button></div></div></div></div></div><!-- Vendors / Hosts --><section id="ot-pc-lst" class="ot-hide ot-enbl-chr"><div class="ot-lst-cntr ot-pc-scrollbar"><div id="ot-pc-hdr"><div id="ot-lst-title"><button class="ot-link-btn back-btn-handler" aria-label="Back" tabindex="0"><svg id="ot-back-arw" xmlns="http://www.w3.org/2000/svg" xmlns:xlink="http://www.w3.org/1999/xlink" x="0px" y="0px" viewBox="0 0 444.531 444.531" xml:space="preserve"><title>Back Button</title><g><path fill="#656565" d="M213.13,222.409L351.88,83.653c7.05-7.043,10.567-15.657,10.567-25.841c0-10.183-3.518-18.793-10.567-25.835
                  l-21.409-21.416C323.432,3.521,314.817,0,304.637,0s-18.791,3.521-25.841,10.561L92.649,196.425
                  c-7.044,7.043-10.566,15.656-10.566,25.841s3.521,18.791,10.566,25.837l186.146,185.864c7.05,7.043,15.66,10.564,25.841,10.564
                  s18.795-3.521,25.834-10.564l21.409-21.412c7.05-7.039,10.567-15.604,10.567-25.697c0-10.085-3.518-18.746-10.567-25.978
                  L213.13,222.409z"></path></g></svg></button> <span>Back</span></div><div class="ot-lst-subhdr"><div id="ot-search-cntr"><p role="status" class="ot-scrn-rdr"></p><label for="vendor-search-handler" class="ot-scrn-rdr">Vendor Search</label> <input id="vendor-search-handler" aria-label="Vendor Search" type="text" placeholder="Search..." name="vendor-search-handler" tabindex="0"> <svg xmlns="http://www.w3.org/2000/svg" xmlns:xlink="http://www.w3.org/1999/xlink" x="0px" y="0px" viewBox="0 -30 110 110" aria-hidden="true"><path fill="#2e3644" d="M55.146,51.887L41.588,37.786c3.486-4.144,5.396-9.358,5.396-14.786c0-12.682-10.318-23-23-23s-23,10.318-23,23
              s10.318,23,23,23c4.761,0,9.298-1.436,13.177-4.162l13.661,14.208c0.571,0.593,1.339,0.92,2.162,0.92
              c0.779,0,1.518-0.297,2.079-0.837C56.255,54.982,56.293,53.08,55.146,51.887z M23.984,6c9.374,0,17,7.626,17,17s-7.626,17-17,17
              s-17-7.626-17-17S14.61,6,23.984,6z"></path></svg></div><div id="ot-fltr-cntr"><button id="filter-btn-handler" aria-label="Filter" aria-haspopup="true"><svg role="presentation" aria-hidden="true" xmlns="http://www.w3.org/2000/svg" xmlns:xlink="http://www.w3.org/1999/xlink" x="0px" y="0px" viewBox="0 0 402.577 402.577" xml:space="preserve"><title>Filter Button</title><g><path fill="#2c3643" d="M400.858,11.427c-3.241-7.421-8.85-11.132-16.854-11.136H18.564c-7.993,0-13.61,3.715-16.846,11.136
                            c-3.234,7.801-1.903,14.467,3.999,19.985l140.757,140.753v138.755c0,4.955,1.809,9.232,5.424,12.854l73.085,73.083
                            c3.429,3.614,7.71,5.428,12.851,5.428c2.282,0,4.66-0.479,7.135-1.43c7.426-3.238,11.14-8.851,11.14-16.845V172.166L396.861,31.413
                            C402.765,25.895,404.093,19.231,400.858,11.427z"></path></g></svg></button></div></div></div><section id="ot-lst-cnt" class="ot-pc-scrollbar"><div class="ot-sdk-row"><div class="ot-sdk-column"><div id="ot-sel-blk"><div class="ot-sel-all"><div class="ot-sel-all-hdr"><span class="ot-consent-hdr">Consent</span> <span class="ot-li-hdr">Leg.Interest</span></div><div class="ot-sel-all-chkbox"><div class="ot-chkbox" id="ot-selall-hostcntr"><input id="select-all-hosts-groups-handler" type="checkbox" aria-checked="false" tabindex="0"> <label for="select-all-hosts-groups-handler"><span class="ot-label-txt">checkbox label</span></label> <span class="ot-label-status">label</span></div><div class="ot-chkbox" id="ot-selall-vencntr"><input id="select-all-vendor-groups-handler" type="checkbox" aria-checked="false" tabindex="0"> <label for="select-all-vendor-groups-handler"><span class="ot-label-txt">checkbox label</span></label> <span class="ot-label-status">label</span></div><div class="ot-chkbox" id="ot-selall-licntr"><input id="select-all-vendor-leg-handler" type="checkbox" aria-checked="false" tabindex="0"> <label for="select-all-vendor-leg-handler"><span class="ot-label-txt">checkbox label</span></label> <span class="ot-label-status">label</span></div></div></div></div><ul id="ot-host-lst"><li class="ot-host-item"><button class="ot-host-box" aria-expanded="false"></button><section class="ot-acc-hdr"><div class="ot-tgl-cntr"><div class="ot-host-hdr"><h3 class="ot-host-name"></h3><h4 class="ot-host-desc"></h4></div></div><div class="ot-host-notice"><button class="ot-link-btn ot-host-expand" role="presentation" aria-hidden="true" tabindex="-1">View Third Party Cookies</button></div></section><div class="ot-acc-txt"><div class="ot-host-opts"><!-- HOST LIST VIEW UPDATE *** --><ul class="ot-host-opt"><li class="ot-host-info"><div><div>Name</div><div>cookie name</div></div></li></ul><!-- HOST LIST VIEW UPDATE END *** --></div></div></li></ul></div></div></section></div><div id="ot-anchor"></div><section id="ot-fltr-modal"><div id="ot-fltr-cnt"><button id="clear-filters-handler">Clear</button><div class="ot-fltr-scrlcnt ot-pc-scrollbar"><div class="ot-fltr-opts"><div class="ot-fltr-opt"><div class="ot-chkbox"><input id="chkbox-id" type="checkbox" aria-checked="false" class="category-filter-handler" tabindex="0"> <label for="chkbox-id"><span class="ot-label-txt">checkbox label</span></label> <span class="ot-label-status">label</span></div></div></div><div class="ot-fltr-btns"><button id="filter-apply-handler">Apply</button> <button id="filter-cancel-handler">Cancel</button></div></div></div></section></section><!-- Footer buttons and logo --><div class="ot-pc-footer"><div class="ot-btn-container"><button class="save-preference-btn-handler onetrust-close-btn-handler" tabindex="0" style="">Confirm My Choices</button><div class="ot-btn-subcntr"> <button id="accept-recommended-btn-handler" style="display: inline-block;" tabindex="0">Allow All</button></div></div><div class="ot-pc-footer-logo"><a href="https://www.onetrust.com/products/cookie-consent/" target="_blank" rel="noopener noreferrer" style="background-image: url(&quot;https://cdn-ukwest.onetrust.com/logos/static/poweredBy_ot_logo.svg&quot;);" aria-label="Powered by OneTrust Opens in a new Tab" tabindex="0"></a></div></div><!-- Cookie subgroup container --><!-- Vendor list link --><!-- Cookie lost link --><!-- Toggle HTML element --><!-- Checkbox HTML --><!-- Arrow SVG element --><!-- Accordion basic element --><span class="ot-scrn-rdr" aria-atomic="true" aria-live="polite">Your Privacy [`dialog closed`]</span><iframe class="ot-text-resize" title="onetrust-text-resize" style="position: absolute; top: -50000px; width: 100em;" aria-hidden="true"></iframe></div><div id="onetrust-banner-sdk" class="otFlat bottom ot-wo-title vertical-align-content" tabindex="0" style="display: none;bottom: 0px;visibility: hidden;
                    opacity: 0;transition: visibility 0s 400ms, opacity 400ms linear;"><div role="alertdialog" aria-describedby="onetrust-policy-text" aria-label="Privacy"><div class="ot-sdk-container"><div class="ot-sdk-row"><div id="onetrust-group-container" class="ot-sdk-eight ot-sdk-columns"><div class="banner_logo"></div><div id="onetrust-policy"><p id="onetrust-policy-text">We use cookies to improve your experience across our websites and to show you relevant advertising. By clicking accept all cookies, you agree to our and our partners use of cookies to process data. For more detailed information about the cookies we use, see our<a href="https://my.morrisons.com/cookie-policy/" aria-label="More information about your privacy">Cookie policy</a></p></div></div><div id="onetrust-button-group-parent" class="ot-sdk-three ot-sdk-columns"><div id="onetrust-button-group"><button id="onetrust-pc-btn-handler" class="cookie-setting-link" style="">Cookies Settings</button>  <button id="onetrust-accept-btn-handler">Accept All Cookies</button></div></div></div></div><!-- Close Button --><div id="onetrust-close-btn-container"></div><!-- Close Button END--></div></div></div><img src="//b.nl3.eu.criteo.com/rm?fid=260&amp;hl_qs_cmp=FvyknswbbZLmjjKz8Fh0qxM1lGha8RkbGOQ97XyCp5uf3ZWu9x3mpbovSfMux0nPDW5qVt0fIL1vgGViOyox8SepYOooV5xL8yXls29cxaMlCW5VXazBh_HjJZk-3FEHsWFg9YqVab-q_S5cJ7H2ebls0Qm8_eVUVgbhAzYB4L1stXafQFKcEDXT8Cdogur48tB13P_6kikint5Va_pT1L-bzYD2on9y_cpwqgN2E1wMkOXBb3bYvp51LK7oomNE_1FXZGpBTgbdH7c4-tZXZmQTL1HLQomvcCNajotKSIw6-c-VTcBN10oYrTBs9vqpdu2AISzuerW1lyz9fPNMzSTa9GvH081fr2qgf1LhIkxyTWmqw1LU1ey-8ceAPOcB4noG-0GKTaBXpVXKYMyHpnj5rPSlOhkTzlUWwYO2UqYLOCa1NodN0V2dXVU0ET8Jwvmm3dr6n7MG8oWVac5KA4RF86rzxjHtTpjUJzHCIV4&amp;ev=4&amp;action=page&amp;origc=G&amp;pid=88756de7-1588-4b11-94c5-79fae1524cf6&amp;rn=85335456&amp;rm_e=9vM0m24XDoP4xYwui2URsjqVjp4enH1HDS0AEWRRlQKRN_x1qanG1ztkoYZnzCUBtgv8EL4jYdWmt46Idxegs4tBiB2SNSEMPO9gVyRpPe9xFvHRtYJKuTfyTyne9pH-_jbkcwq9BjKoVLykOISQ5_W5akP1Hy1mvSWxfT095eQ" class="bc-beacon"><img src="//b.nl3.eu.criteo.com/rm?fid=260&amp;hl_qs_cmp=1F4myeIPcCHiIh3jjUvQhmDus63qweK-x5S3QUeywSaXA8N_gIQ2qP4Be4pQRDVH5Lwopowo6koKE91u6mNaqRWj40oCDLV1vtGzCRtw246dNLvTlhIsu_lto4iM50pFKQw5k8QCOv9JZKLQBihJNCpjuo5E1ZFjVgiW7EV8D2DuSHGdBljPpPRYDvtTXLy-SFB21l3CULkXfJln-CI9yieTv5DRBEua9qPQuwLGdfva1-Mxqz0pADMuWI9-w9wMp8PrH2LKxKprrBaozSnGYWL3GBsYBX9f8WCjBcGfUT7-GyLPyE91yUgy_d3VNY7YkBCOrv4rxGZpO72ucSC2vUateBEgaxTKUvSZEXaBolpvtGNbZGcZ6Z6TK1nRO6NdxYMED5pveW_WeEH9hviQrgeCG4ggp8h6jur25lz2hwRXAMF6-lduHxzDpdoiBQtwaSjQGT4me2XdwN3czUvan_Agf-l0n3kFcMs8ED_BJic&amp;ev=4&amp;action=page&amp;origc=G&amp;pid=af116145-ee41-41f0-8feb-edcf5829745c&amp;rn=791810344&amp;rm_e=w_EFFJ8s_GUarasdM4_VLnzwcS8n0pnABhFPGbg98azjyDBQ5caD1qZ_ygLtNEv56D2CpRSaeLfj0OIkFViMzfIjYL2ZPXmFrRfuWhPtNQ_-H8uQNU9CU_-Yh938A4miMW8SNefzuQr1Z6DpTQnO-dGU10do1wLNeLehC1aCWKry6d4af8Eje1SfNyrzCx0JPZuhuekbfnewSII53DRGBNotKydelT1YvfpLpQM_weI0WE9tOWMBFoRfmmefmLCc7Rblkb_vD5HMw38SmT4pJUPSXxYNhQbOs0OvwHPVXJGxIGfd2yM3Z89YGd_S2SHt" class="bc-beacon"></body></html>