,name,link,scrape_time,prices,price,relative_price
1,Tesco Carrots Loose,https://www.tesco.com/groceries/en-GB/products/254638565,1687613719.0079172,"['£0.09', '£0.55/kg']",0.09,£0.55/kg
2,Hearty Food Co. Garlic Baguette 170G,https://www.tesco.com/groceries/en-GB/products/300917822,1687613719.105969,"['£0.37', '£0.22/100g']",0.37,£0.22/100g
3,Jaffa Clementine Or Sweet Easy Peeler 600G,https://www.tesco.com/groceries/en-GB/products/288135169,1687613719.192889,"['£2.00', '£3.33/kg']",2.0,£3.33/kg
4,Tesco British Pork Wafer Thin Honey Roast Ham 125G,https://www.tesco.com/groceries/en-GB/products/276492495,1687613719.3785431,"['£2.25', '£1.80/100g']",2.25,£1.80/100g
5,Tesco Unsmked Back Bacon*10 300G Promo,https://www.tesco.com/groceries/en-GB/products/268287042,1687613719.4944808,"['£2.10', '£7.00/kg']",2.1,£7.00/kg
6,Tesco Gala Apple Minimum 5 Pack,https://www.tesco.com/groceries/en-GB/products/284475550,1687613719.57283,"['£1.70', '£0.28/each']",1.7,£0.28/each
7,Tesco Smoked Back Bacon 10 Rashers 300G,https://www.tesco.com/groceries/en-GB/products/267995121,1687613719.6504588,"['£2.10', '£7.00/kg']",2.1,£7.00/kg
8,Tesco Pure Apple Juice 1 Litre,https://www.tesco.com/groceries/en-GB/products/254859580,1687613719.722232,"['£1.15', '£0.12/100ml']",1.15,£0.12/100ml
9,Tesco Skimmed Milk 1.136L/2 Pints,https://www.tesco.com/groceries/en-GB/products/252208041,1687613719.846115,"['£1.25', '£1.10/litre']",1.25,£1.10/litre
10,Redmere Farms Garlic 4 Pack,https://www.tesco.com/groceries/en-GB/products/292201759,1687613719.940639,"['£0.95', '£0.95/each']",0.95,£0.95/each
11,Tesco Finest 10 Pigs In Blankets 210G,https://www.tesco.com/groceries/en-GB/products/279992532,1687613720.030659,"['£3.25', '£15.48/kg']",3.25,£15.48/kg
12,Tesco Finest Piccobella Tomatoes 220G,https://www.tesco.com/groceries/en-GB/products/308091212,1687613720.1328142,"['£1.80', '£8.18/kg']",1.8,£8.18/kg
13,Tesco Filtered Semi Skimmed Milk 2 Litre,https://www.tesco.com/groceries/en-GB/products/253737115,1687613720.212088,"['£1.90', '£0.95/litre']",1.9,£0.95/litre
14,Tesco Organic Fair Trade Bananas 5 Pack,https://www.tesco.com/groceries/en-GB/products/303869954,1687613720.290566,"['£1.35', '£0.27/each']",1.35,£0.27/each
15,Tesco Satsumas 600G,https://www.tesco.com/groceries/en-GB/products/267528710,1687613720.3836968,"['£1.35', '£2.25/kg']",1.35,£2.25/kg
16,Tesco Whole Milk 2 Pints/1.13L,https://www.tesco.com/groceries/en-GB/products/252207566,1687613720.465446,"['£1.25', '£1.11/litre']",1.25,£1.11/litre
17,Tesco Tenderstem Broccoli 200G,https://www.tesco.com/groceries/en-GB/products/305255289,1687613720.546222,"['£1.60', '£8.00/kg']",1.6,£8.00/kg
18,Tesco Pink Onions 1Kg,https://www.tesco.com/groceries/en-GB/products/305982539,1687613720.642661,"['£0.95', '£0.95/kg']",0.95,£0.95/kg
20,Tesco Swede,https://www.tesco.com/groceries/en-GB/products/304785423,1687613720.8348532,"['£0.65', '£0.65/each']",0.65,£0.65/each
21,Tesco 2 British Chicken Breast Fillets 300G,https://www.tesco.com/groceries/en-GB/products/285210252,1687613720.9246268,"['£2.29', '£7.63/kg']",2.29,£7.63/kg
22,Tesco Baby Plum Tomatoes 300G,https://www.tesco.com/groceries/en-GB/products/314119392,1687613721.0021691,"['£1.00', '£3.33/kg']",1.0,£3.33/kg
23,Tesco Baby Spinach 250G,https://www.tesco.com/groceries/en-GB/products/301219119,1687613721.095072,"['£1.15', '£4.60/kg']",1.15,£4.60/kg
25,Tesco Sweet Vine Ripened Tomatoes 255G,https://www.tesco.com/groceries/en-GB/products/305834203,1687613721.2488441,"['£1.20', '£4.71/kg']",1.2,£4.71/kg
26,Growers Harvest Pure Apple Juice 1 Litre,https://www.tesco.com/groceries/en-GB/products/300473931,1687613721.3283882,"['£0.85', '£0.08/100ml']",0.85,£0.08/100ml
27,Nightingale Farms Cherry Tomatoes 250G,https://www.tesco.com/groceries/en-GB/products/292213267,1687613721.433249,"['£0.60', '£2.40/kg']",0.6,£2.40/kg
28,Loose Red Onions Class 2,https://www.tesco.com/groceries/en-GB/products/258114107,1687613721.531133,"['£0.21', '£1.00/kg']",0.21,£1.00/kg
29,T.Ready To Eat Large Avocados Each,https://www.tesco.com/groceries/en-GB/products/265299361,1687613721.6303842,"['£0.89', '£0.89/each']",0.89,£0.89/each
30,Tesco Honeydew Melon Each,https://www.tesco.com/groceries/en-GB/products/254384645,1687613721.7659252,"['£1.89', '£1.89/each']",1.89,£1.89/each
31,Tesco Beef Lean Steak Mince 5% Fat 750G,https://www.tesco.com/groceries/en-GB/products/282470731,1687613721.8580182,"['£4.99', '£6.65/kg']",4.99,£6.65/kg
32,Cathedral City Mature Cheddar 350G,https://www.tesco.com/groceries/en-GB/products/268768873,1687613721.9422112,"['£3.25', '£9.29/kg']",3.25,£9.29/kg
33,Tesco Mature Cheddar 400G,https://www.tesco.com/groceries/en-GB/products/305977270,1687613722.028692,"['£3.40', '£8.50/kg']",3.4,£8.50/kg
34,Tesco Semi Skimmed Longlife Milk 1 Litre,https://www.tesco.com/groceries/en-GB/products/254278040,1687613722.109822,"['£1.20', '£1.20/litre']",1.2,£1.20/litre
35,Tesco Extra Mature Cheddar Cheese 400G,https://www.tesco.com/groceries/en-GB/products/306665741,1687613722.216775,"['£3.40', '£8.50/kg']",3.4,£8.50/kg
36,Tesco Finest 12 Pork British Chipolata 375G,https://www.tesco.com/groceries/en-GB/products/251523740,1687613722.290266,"['£3.25', '£8.67/kg']",3.25,£8.67/kg
37,Tesco Finest British Pork Sausages 400G,https://www.tesco.com/groceries/en-GB/products/280002982,1687613722.389473,"['£3.25', '£8.12/kg']",3.25,£8.12/kg
38,Tesco Mozzarella Grated 250G,https://www.tesco.com/groceries/en-GB/products/257480267,1687613722.4885361,"['£2.75', '£11.00/kg']",2.75,£11.00/kg
39,Tesco British Large Whole Chicken 1.5Kg - 1.9Kg,https://www.tesco.com/groceries/en-GB/products/292276232,1687613722.588059,"['£4.80', '£3.20/kg']",4.8,£3.20/kg
40,Tesco Finest Baby Potatoes 750G,https://www.tesco.com/groceries/en-GB/products/273150945,1687613722.662802,"['£1.40', '£1.87/kg']",1.4,£1.87/kg
41,Tesco Mature Grated Cheddar 250G,https://www.tesco.com/groceries/en-GB/products/253704206,1687613722.74435,"['£2.75', '£11.00/kg']",2.75,£11.00/kg
42,Tesco Baking Potatoes 2.5Kg Pack,https://www.tesco.com/groceries/en-GB/products/258423951,1687613722.854115,"['£1.85', '£0.74/kg']",1.85,£0.74/kg
43,Jaffa Jumbo Orange Minimum 4 Pack,https://www.tesco.com/groceries/en-GB/products/311438519,1687613722.928797,"['£2.10', '£0.52/each']",2.1,£0.52/each
44,Courgettes Loose Class 1,https://www.tesco.com/groceries/en-GB/products/253554596,1687613723.006688,"['£0.56', '£2.78/kg']",0.56,£2.78/kg
45,Tesco Red Onions 3Pack Minimum,https://www.tesco.com/groceries/en-GB/products/281425851,1687613723.084296,"['£1.10', '£0.37/each']",1.1,£0.37/each
46,Tesco Garlic Flatbread 255G,https://www.tesco.com/groceries/en-GB/products/288610223,1687613723.166328,"['£2.30', '£0.90/100g']",2.3,£0.90/100g
47,Elmlea Double Alternative To Cream 270Ml,https://www.tesco.com/groceries/en-GB/products/308088804,1687613723.276895,"['£1.25', '£0.46/100ml']",1.25,£0.46/100ml
48,Tesco Baby Button Mushrooms 200G,https://www.tesco.com/groceries/en-GB/products/280046454,1687613728.901053,"['£1.15', '£5.75/kg']",1.15,£5.75/kg
49,Limes Minimum 5 Pack,https://www.tesco.com/groceries/en-GB/products/265891385,1687613728.989495,"['£1.19', '£0.24/each']",1.19,£0.24/each
50,Tesco Brown Onions 1Kg,https://www.tesco.com/groceries/en-GB/products/255736044,1687613729.069807,"['£0.95', '£0.95/kg']",0.95,£0.95/kg
51,Dale Farm Butter Milk 568Ml,https://www.tesco.com/groceries/en-GB/products/256315472,1687613729.1519492,"['£0.80', '£1.41/litre']",0.8,£1.41/litre
52,Tesco Whole Large Cucumber,https://www.tesco.com/groceries/en-GB/products/280379906,1687613729.231735,"['£0.95', '£1.73/kg']",0.95,£1.73/kg
53,Rosedene Farms Raspberries 125G,https://www.tesco.com/groceries/en-GB/products/292248312,1687613729.316897,"['£1.49', '£11.92/kg']",1.49,£11.92/kg
55,Broccoli Loose,https://www.tesco.com/groceries/en-GB/products/257231200,1687613729.490955,"['£0.72', '£1.92/kg']",0.72,£1.92/kg
56,Redmere Farms Brown Onion 1Kg,https://www.tesco.com/groceries/en-GB/products/292276376,1687613729.5856378,"['£0.55', '£0.55/kg']",0.55,£0.55/kg
57,Tesco Sweet Potatoes 1Kg,https://www.tesco.com/groceries/en-GB/products/310190037,1687613729.665946,"['£1.15', '£1.15/kg']",1.15,£1.15/kg
58,Tesco Celery,https://www.tesco.com/groceries/en-GB/products/311672834,1687613729.7509692,"['£0.57', '£0.57/each']",0.57,£0.57/each
59,Tesco Perfectly Ripe Mango,https://www.tesco.com/groceries/en-GB/products/255805844,1687613729.8452501,"['£0.85', '£0.85/each']",0.85,£0.85/each
60,Tesco British Chicken Breast Portions 950G,https://www.tesco.com/groceries/en-GB/products/292284222,1687613729.924535,"['£6.25', '£6.58/kg']",6.25,£6.58/kg
61,Oatly Oat Drink Barista Edition 1 Litre,https://www.tesco.com/groceries/en-GB/products/292990463,1687613730.0250828,"['£2.10', '£2.10/litre']",2.1,£2.10/litre
62,Seasonal New Loose Potatoes,https://www.tesco.com/groceries/en-GB/products/253555232,1687613730.1020532,"['£0.19', '£2.95/kg']",0.19,£2.95/kg
63,Jus-Rol Puff Pastry Ready Rolled Sheet 320G,https://www.tesco.com/groceries/en-GB/products/268973255,1687613730.182932,"['£1.75', '£5.47/kg']",1.75,£5.47/kg
64,Tesco British Pork Cooked Ham 125G,https://www.tesco.com/groceries/en-GB/products/276477859,1687613730.268597,"['£2.25', '£1.80/100g']",2.25,£1.80/100g
65,Tesco Jersey Royal Potatoes 1Kg,https://www.tesco.com/groceries/en-GB/products/250718828,1687613730.367646,"['£2.60', '£2.60/kg']",2.6,£2.60/kg
66,Cathedral City Mature Cheddar 550G,https://www.tesco.com/groceries/en-GB/products/277925449,1687613730.463758,"['£5.40', '£9.82/kg']",5.4,£9.82/kg
67,T Unsmkd Thick Cut Back Bacon Rasher 300G,https://www.tesco.com/groceries/en-GB/products/267992016,1687613730.581463,"['£2.10', '£7.00/kg']",2.1,£7.00/kg
68,Tesco Pressed Apple Juice Not From Concentrate 1 Litre,https://www.tesco.com/groceries/en-GB/products/276956270,1687613730.661995,"['£1.70', '£0.17/100ml']",1.7,£0.17/100ml
69,Tesco Cornish New Potatoes 750G,https://www.tesco.com/groceries/en-GB/products/309450282,1687613730.7445178,"['£1.25', '£1.67/kg']",1.25,£1.67/kg
70,Tesco Finest British Red Potatoes 2Kg,https://www.tesco.com/groceries/en-GB/products/304792155,1687613730.8243158,"['£2.00', '£1.00/kg']",2.0,£1.00/kg
71,Tesco Conference Pears Pack 610G,https://www.tesco.com/groceries/en-GB/products/284475227,1687613730.903178,"['£1.70', '£2.79/kg']",1.7,£2.79/kg
72,Tesco Houmous 200G,https://www.tesco.com/groceries/en-GB/products/260083981,1687613730.984139,"['£1.20', '£0.60/100g']",1.2,£0.60/100g
73,Tesco Mixed Leaf Salad 120G,https://www.tesco.com/groceries/en-GB/products/292593115,1687613731.088875,"['£1.10', '£0.92/100g']",1.1,£0.92/100g
74,Tesco Peeled Brussels Sprouts 200G,https://www.tesco.com/groceries/en-GB/products/298126620,1687613731.194387,"['£1.50', '£7.50/kg']",1.5,£7.50/kg
75,Philadelphia Original Soft Cheese 165G,https://www.tesco.com/groceries/en-GB/products/311678197,1687613731.274923,"['£2.20', '£13.33/kg']",2.2,£13.33/kg
76,Tesco Orange Juice With Bits Not From Concentrate 1L,https://www.tesco.com/groceries/en-GB/products/258997144,1687613731.386571,"['£1.70', '£0.17/100ml']",1.7,£0.17/100ml
77,Tesco Prime Cuts Roast Beef 90G,https://www.tesco.com/groceries/en-GB/products/311807538,1687613731.466064,"['£2.25', '£2.50/100g']",2.25,£2.50/100g
78,Growers Harvest Pure Apple Juice 1 Litre,https://www.tesco.com/groceries/en-GB/products/301219495,1687613731.5695648,"['£0.85', '£0.08/100ml']",0.85,£0.08/100ml
79,Tesco Tomatoes On The Vine 500G,https://www.tesco.com/groceries/en-GB/products/308490189,1687613731.65908,"['£1.25', '£2.50/kg']",1.25,£2.50/kg
80,Tesco British Maris Piper 1.25Kg,https://www.tesco.com/groceries/en-GB/products/304376337,1687613731.7589629,"['£1.10', '£0.88/kg']",1.1,£0.88/kg
81,Tesco Baby Potatoes 1Kg,https://www.tesco.com/groceries/en-GB/products/255095718,1687613731.85676,"['£1.20', '£1.20/kg']",1.2,£1.20/kg
82,Tesco Aubergine Each,https://www.tesco.com/groceries/en-GB/products/293610620,1687613731.967443,"['£0.85', '£0.85/each']",0.85,£0.85/each
83,Creamfields Mozzarella 210G,https://www.tesco.com/groceries/en-GB/products/299914475,1687613732.08189,"['£0.69', '£5.52/kg DR.WT']",0.69,£5.52/kg DR.WT
84,Creamfields Soft Cheese 200G,https://www.tesco.com/groceries/en-GB/products/299982577,1687613732.165437,"['£0.83', '£4.15/kg']",0.83,£4.15/kg
85,Tesco Celery Sticks 250G,https://www.tesco.com/groceries/en-GB/products/305943990,1687613732.2750888,"['£0.86', '£3.44/kg']",0.86,£3.44/kg
86,Suntrail Farms Cherries 250G,https://www.tesco.com/groceries/en-GB/products/292275734,1687613732.36146,"['£0.99', '£3.96/kg']",0.99,£3.96/kg
87,Yellow Peppers Each Class 1,https://www.tesco.com/groceries/en-GB/products/258905427,1687613732.4698508,"['£0.60', '£0.60/each']",0.6,£0.60/each
88,Tesco Sugar Snap Peas 150G,https://www.tesco.com/groceries/en-GB/products/293953011,1687613732.5484018,"['£1.05', '£7.00/kg']",1.05,£7.00/kg
89,Suntrail Lemons Minimum 4 Pack,https://www.tesco.com/groceries/en-GB/products/292216045,1687613732.6391602,"['£0.55', '£0.14/each']",0.55,£0.14/each
90,Tesco Large Sweet Potatoes Loose Class 1,https://www.tesco.com/groceries/en-GB/products/253559199,1687613732.724808,"['£0.39', '£1.10/kg']",0.39,£1.10/kg
91,Tesco Sweet Heart Cabbage Each Class 1,https://www.tesco.com/groceries/en-GB/products/254941983,1687613732.805238,"['£0.62', '£0.62/each']",0.62,£0.62/each
92,Growers Harvest Unsweetened Soya Drink 1L,https://www.tesco.com/groceries/en-GB/products/300661949,1687613732.9458072,"['£0.50', '£0.50/litre']",0.5,£0.50/litre
93,Tesco Beef Mince 500G 20% Fat,https://www.tesco.com/groceries/en-GB/products/308083458,1687613733.039278,"['£2.49', '£4.98/kg']",2.49,£4.98/kg
94,Tesco Lactose Free Semi Skimmed Milk 1 Litre,https://www.tesco.com/groceries/en-GB/products/300118011,1687613733.141014,"['£1.35', '£1.35/litre']",1.35,£1.35/litre
95,Cravendale Filtered Whole Milk 2 Litre,https://www.tesco.com/groceries/en-GB/products/257265436,1687613733.23505,"['£2.60', '£1.30/litre']",2.6,£1.30/litre
96,Tesco British Chicken Breast Mini Fillets 400G,https://www.tesco.com/groceries/en-GB/products/304368923,1687613740.088309,"['£3.60', '£9.00/kg']",3.6,£9.00/kg
97,Tesco British Pork Crumbed Ham 125G,https://www.tesco.com/groceries/en-GB/products/265085320,1687613740.168052,"['£2.25', '£1.80/100g']",2.25,£1.80/100g
98,Clover Original Spread 500G,https://www.tesco.com/groceries/en-GB/products/254263685,1687613740.274009,"['£2.40', '£4.80/kg']",2.4,£4.80/kg
99,Tesco No Added Water Honey Roast Ham 125G,https://www.tesco.com/groceries/en-GB/products/276477669,1687613740.36095,"['£2.25', '£1.80/100g']",2.25,£1.80/100g
100,Tesco Corned Beef 125G,https://www.tesco.com/groceries/en-GB/products/265162350,1687613740.470614,"['£2.50', '£2.00/100g']",2.5,£2.00/100g
101,Tesco Smoked Streaky Bacon 300G,https://www.tesco.com/groceries/en-GB/products/281037392,1687613740.5458949,"['£2.65', '£8.83/kg']",2.65,£8.83/kg
102,Tesco Babyleaf Salad 90G,https://www.tesco.com/groceries/en-GB/products/304369719,1687613740.62006,"['£1.10', '£1.22/100g']",1.1,£1.22/100g
103,Anchor Salted Butter 200G,https://www.tesco.com/groceries/en-GB/products/313941755,1687613740.719703,"['£2.00', '£10.00/kg']",2.0,£10.00/kg
104,Tesco Finest Sugarbelle Tomatoes 220G,https://www.tesco.com/groceries/en-GB/products/308481534,1687613740.8197079,"['£1.80', '£8.18/kg']",1.8,£8.18/kg
105,Wildlife Choobs Variety 6X37g,https://www.tesco.com/groceries/en-GB/products/310119778,1687613740.890615,"['£1.20', '£0.54/100g']",1.2,£0.54/100g
106,Tesco Semi Skimmed Milk 568Ml/1 Pint,https://www.tesco.com/groceries/en-GB/products/251314158,1687613740.964656,"['£0.90', '£1.58/litre']",0.9,£1.58/litre
108,Tesco Green Beans 80G,https://www.tesco.com/groceries/en-GB/products/301193961,1687613741.1254,"['£1.25', '£15.62/kg']",1.25,£15.62/kg
109,Tesco Sour Cream & Chive Dip 200G,https://www.tesco.com/groceries/en-GB/products/260249776,1687613741.2264268,"['£1.20', '£0.60/100g']",1.2,£0.60/100g
110,Organic Carrots 700G,https://www.tesco.com/groceries/en-GB/products/256687445,1687613741.3208241,"['£1.10', '£1.57/kg']",1.1,£1.57/kg
111,Tesco Baby Corn 130G,https://www.tesco.com/groceries/en-GB/products/293953719,1687613741.3911831,"['£1.25', '£9.62/kg']",1.25,£9.62/kg
112,Tesco Greek Style Yogurt 500G,https://www.tesco.com/groceries/en-GB/products/258170229,1687613741.489307,"['£1.10', '£0.22/100g']",1.1,£0.22/100g
113,Tesco Curly Kale 180G,https://www.tesco.com/groceries/en-GB/products/301219155,1687613741.561048,"['£0.80', '£4.44/kg']",0.8,£4.44/kg
114,Tesco Baby Cucumbers 200G,https://www.tesco.com/groceries/en-GB/products/292663718,1687613741.6313019,"['£1.00', '£5.00/kg']",1.0,£5.00/kg
115,Red Grapefruit Each,https://www.tesco.com/groceries/en-GB/products/253561443,1687613741.701084,"['£0.55', '£0.55/each']",0.55,£0.55/each
116,Tesco Fresh Cut Coriander 30G,https://www.tesco.com/groceries/en-GB/products/292686490,1687613741.778618,"['£0.52', '£0.17/10g']",0.52,£0.17/10g
117,Tesco Granny Smith Apple Minimum 5 Pack,https://www.tesco.com/groceries/en-GB/products/284475832,1687613741.8506172,"['£1.70', '£0.28/each']",1.7,£0.28/each
118,King Edward Potatoes 2.5Kg,https://www.tesco.com/groceries/en-GB/products/258423726,1687613741.950041,"['£1.60', '£0.64/kg']",1.6,£0.64/kg
119,Tesco Lean Beef Steak Mince 5% Fat 250G,https://www.tesco.com/groceries/en-GB/products/279704092,1687613742.074604,"['£2.09', '£8.36/kg']",2.09,£8.36/kg
120,Grower's Harvest Orange Juice Smooth 1 Litre,https://www.tesco.com/groceries/en-GB/products/299914924,1687613742.227127,"['£0.85', '£0.08/100ml']",0.85,£0.08/100ml
121,Eastmans Wafer Thin Cooked Ham 400G,https://www.tesco.com/groceries/en-GB/products/303880473,1687613742.3250282,"['£1.95', '£0.49/100g']",1.95,£0.49/100g
122,Tesco Red Cabbage Each,https://www.tesco.com/groceries/en-GB/products/294070184,1687613742.404104,"['£0.80', '£0.80/each']",0.8,£0.80/each
123,Suntrail Farms Kiwi X6,https://www.tesco.com/groceries/en-GB/products/292249766,1687613742.4835331,"['£0.95', '£0.16/each']",0.95,£0.16/each
124,Tesco Fresh Greens 500G,https://www.tesco.com/groceries/en-GB/products/313168904,1687613742.570326,"['£0.75', '£1.50/kg']",0.75,£1.50/kg
125,Tesco Oat Drink 1 Litre,https://www.tesco.com/groceries/en-GB/products/307745622,1687613742.6452942,"['£1.40', '£1.40/litre']",1.4,£1.40/litre
126,Lurpak Lighter Slightly Salted Spreadable 500G,https://www.tesco.com/groceries/en-GB/products/252246415,1687613742.790726,"['£4.46', '£8.92/kg']",4.46,£8.92/kg
127,Tesco Skimmed Longlife Milk 1L,https://www.tesco.com/groceries/en-GB/products/254277997,1687613743.05347,"['£1.20', '£1.20/litre']",1.2,£1.20/litre
129,Tesco British Diced Chicken Breast 400G,https://www.tesco.com/groceries/en-GB/products/304404328,1687613743.2307131,"['£3.60', '£9.00/kg']",3.6,£9.00/kg
130,Arla Bob Skimmed Milk 2 Litre,https://www.tesco.com/groceries/en-GB/products/291631643,1687613743.340605,"['£2.60', '£1.30/litre']",2.6,£1.30/litre
131,Tesco Finest Finely Sliced Wiltshire Ham 250G,https://www.tesco.com/groceries/en-GB/products/296070935,1687613743.448351,"['£4.60', '£1.84/100g']",4.6,£1.84/100g
132,Tesco 25 Cocktail Sausages 212G,https://www.tesco.com/groceries/en-GB/products/254787629,1687613743.548754,"['£1.80', '£0.85/100g']",1.8,£0.85/100g
133,Cravendale Pure Filtered Semi Skimmed Milk 1L,https://www.tesco.com/groceries/en-GB/products/260086626,1687613743.6224031,"['£1.60', '£1.60/litre']",1.6,£1.60/litre
134,Tesco 6 Mini Melton Mowbray Pork Pies 300G,https://www.tesco.com/groceries/en-GB/products/254972393,1687613743.693465,"['£2.50', '£0.83/100g']",2.5,£0.83/100g
135,Munch Bunch Double Up Strawberry & Vanilla Yogurt 4X85g,https://www.tesco.com/groceries/en-GB/products/268776788,1687613743.761991,"['£2.00', '£0.59/100g']",2.0,£0.59/100g
136,Eastman's Sliced Cooked Chicken 240G,https://www.tesco.com/groceries/en-GB/products/299955420,1687613743.832047,"['£1.95', '£0.81/100g']",1.95,£0.81/100g
137,St Ewes 6 Large Free Range Eggs,https://www.tesco.com/groceries/en-GB/products/273253109,1687613743.917205,"['£2.00', '£0.33/each']",2.0,£0.33/each
138,Creamfields Uht Skimmed Milk 1 Litre,https://www.tesco.com/groceries/en-GB/products/299914291,1687613744.057369,"['£0.69', '£0.69/litre']",0.69,£0.69/litre
139,Boursin Full Fat Soft Cheese Garlic Herb 150G,https://www.tesco.com/groceries/en-GB/products/250692966,1687613744.175688,"['£2.75', '£18.33/kg']",2.75,£18.33/kg
140,Tesco Prime Cuts Lean Ham On The Bone 125G,https://www.tesco.com/groceries/en-GB/products/307754087,1687613744.325315,"['£2.25', '£1.80/100g']",2.25,£1.80/100g
141,Tesco Butternut Squash Each,https://www.tesco.com/groceries/en-GB/products/277492902,1687613744.471338,"['£1.35', '£1.35/each']",1.35,£1.35/each
142,Tesco Mashed Potato 425G,https://www.tesco.com/groceries/en-GB/products/267111051,1687613744.570126,"['£1.25', '£2.94/kg']",1.25,£2.94/kg
143,Tesco Courgettes,https://www.tesco.com/groceries/en-GB/products/302292312,1687613744.7020469,"['£1.39', '£0.46/each']",1.39,£0.46/each
144,Suntrail Farms Grapes 500G,https://www.tesco.com/groceries/en-GB/products/292250003,1687613751.727711,"['£1.49', '£2.98/kg']",1.49,£2.98/kg
145,Hearty Food Co. Cheese & Tomato Pizza 114G,https://www.tesco.com/groceries/en-GB/products/299597970,1687613751.8085508,"['£0.55', '£0.48/100g']",0.55,£0.48/100g
146,Tesco Strawberries 400G,https://www.tesco.com/groceries/en-GB/products/287529333,1687613751.887093,"['£2.30', '£5.75/kg']",2.3,£5.75/kg
147,Woodside Farms Smoked Back Bacon 300G,https://www.tesco.com/groceries/en-GB/products/292311836,1687613751.958428,"['£1.45', '£4.83/kg']",1.45,£4.83/kg
148,Tesco Medium Cheddar 400G,https://www.tesco.com/groceries/en-GB/products/305951277,1687613752.0325918,"['£3.40', '£8.50/kg']",3.4,£8.50/kg
149,Tesco Finest 10 Pork Sausages 667G,https://www.tesco.com/groceries/en-GB/products/280010485,1687613752.111945,"['£5.00', '£7.50/kg']",5.0,£7.50/kg
150,Tesco Grated Mozzarella & Cheese Mix 200G,https://www.tesco.com/groceries/en-GB/products/305255462,1687613752.2116559,"['£2.75', '£13.75/kg']",2.75,£13.75/kg
151,Large Pears Conference Class 1 Loose,https://www.tesco.com/groceries/en-GB/products/253561247,1687613752.307009,"['£0.49', '£2.60/kg']",0.49,£2.60/kg
152,Tesco Finest Spanish Chorizo Ring 225G,https://www.tesco.com/groceries/en-GB/products/296814552,1687613752.3815732,"['£2.50', '£1.11/100g']",2.5,£1.11/100g
153,Tesco Wensleydale & Cranberries 200G,https://www.tesco.com/groceries/en-GB/products/258771630,1687613752.464475,"['£2.45', '£12.25/kg']",2.45,£12.25/kg
154,Tesco Finest Jacket Potatoes 4 Pack,https://www.tesco.com/groceries/en-GB/products/289647218,1687613752.537048,"['£1.60', '£0.40/each']",1.6,£0.40/each
155,Tesco Stonebaked Margherita Pizza 252G,https://www.tesco.com/groceries/en-GB/products/303776050,1687613752.6155388,"['£3.50', '£1.39/100g']",3.5,£1.39/100g
156,Tesco Finest Wiltshire Finely Sliced Ham 125G,https://www.tesco.com/groceries/en-GB/products/296070866,1687613752.714159,"['£3.25', '£2.60/100g']",3.25,£2.60/100g
157,Tesco British Roast Chicken 125G,https://www.tesco.com/groceries/en-GB/products/277044420,1687613752.809259,"['£2.25', '£1.80/100g']",2.25,£1.80/100g
158,Tesco British Medium Grated Cheddar 250G,https://www.tesco.com/groceries/en-GB/products/253704097,1687613752.9057422,"['£2.75', '£11.00/kg']",2.75,£11.00/kg
159,Peperami Original 5 Pack 5X22.5G,https://www.tesco.com/groceries/en-GB/products/296526864,1687613753.008152,"['£2.75', '£2.44/100g']",2.75,£2.44/100g
160,Tesco Finest Roast Dry Cured Ham 125G,https://www.tesco.com/groceries/en-GB/products/296070780,1687613753.102666,"['£3.25', '£2.60/100g']",3.25,£2.60/100g
161,Tesco Finest Tomatoes On The Vine 450G,https://www.tesco.com/groceries/en-GB/products/309202594,1687613753.193954,"['£2.00', '£4.44/kg']",2.0,£4.44/kg
163,Tesco Fresh Extra Thick Double Cream 300Ml,https://www.tesco.com/groceries/en-GB/products/262480058,1687613753.361105,"['£1.50', '£0.50/100ml']",1.5,£0.50/100ml
164,Happy Egg Co. Free Range Eggs Mixed Weight 6 Pack,https://www.tesco.com/groceries/en-GB/products/314688667,1687613753.435176,"['£2.00', '£0.33/each']",2.0,£0.33/each
165,Tesco Smoked T/C Back Bacon Rasher 300G,https://www.tesco.com/groceries/en-GB/products/267991908,1687613753.504868,"['£2.10', '£7.00/kg']",2.1,£7.00/kg
166,Tesco Wild Rocket 60G,https://www.tesco.com/groceries/en-GB/products/299963865,1687613753.575944,"['£1.10', '£1.83/100g']",1.1,£1.83/100g
167,Tesco Organic Semi- Skimmed Milk 2.272L/4 Pints,https://www.tesco.com/groceries/en-GB/products/251499998,1687613753.670023,"['£2.15', '£0.95/litre']",2.15,£0.95/litre
168,Lurpak Lighter Slightly Salted Butter 200G,https://www.tesco.com/groceries/en-GB/products/314317301,1687613753.747693,"['£2.15', '£10.75/kg']",2.15,£10.75/kg
169,Lurpak Slightly Salted Butter 200G,https://www.tesco.com/groceries/en-GB/products/314430811,1687613753.834259,"['£2.15', '£10.75/kg']",2.15,£10.75/kg
170,Lurpak Unsalted Butter 200G,https://www.tesco.com/groceries/en-GB/products/314414883,1687613753.908701,"['£2.15', '£10.75/kg']",2.15,£10.75/kg
171,Tesco Finest Sweet Onion 3 Pack Minimum 385G,https://www.tesco.com/groceries/en-GB/products/282649089,1687613753.9864478,"['£1.60', '£4.16/kg']",1.6,£4.16/kg
172,Jaffa Oranges Minimum 4 Pack,https://www.tesco.com/groceries/en-GB/products/253554170,1687613754.05739,"['£2.10', '£0.52/each']",2.1,£0.52/each
173,Fridge Raiders Roast Chicken Bites 3X22.5G,https://www.tesco.com/groceries/en-GB/products/302490020,1687613754.1301188,"['£1.60', '£2.37/100g']",1.6,£2.37/100g
174,Tesco Orange Minimum 5 Pack,https://www.tesco.com/groceries/en-GB/products/288136888,1687613754.233886,"['£1.50', '£0.30/each']",1.5,£0.30/each
175,Woodside Farms Unsmoked Back Bacon 300G,https://www.tesco.com/groceries/en-GB/products/292312017,1687613754.329035,"['£1.45', '£4.83/kg']",1.45,£4.83/kg
176,Large Kiwi Fruit Class 1 Each,https://www.tesco.com/groceries/en-GB/products/253554285,1687613754.4011588,"['£0.30', '£0.30/each']",0.3,£0.30/each
177,Arla Bob Semi Skimmed Milk 2 Litre,https://www.tesco.com/groceries/en-GB/products/313855022,1687613754.476755,"['£2.60', '£1.30/litre DR.WT']",2.6,£1.30/litre DR.WT
178,Tesco Sweet Gem Lettuce,https://www.tesco.com/groceries/en-GB/products/264534350,1687613754.5769851,"['£1.00', '£0.50/each']",1.0,£0.50/each
180,Redmere Farms Red Onion 1Kg,https://www.tesco.com/groceries/en-GB/products/292276416,1687613754.721869,"['£0.65', '£0.65/kg']",0.65,£0.65/kg
182,Tesco Lean Diced Beef 400G,https://www.tesco.com/groceries/en-GB/products/308483578,1687613754.863408,"['£4.85', '£12.12/kg']",4.85,£12.12/kg
183,Tesco British Mild Cheddar Cheese 400G,https://www.tesco.com/groceries/en-GB/products/305973280,1687613754.937469,"['£3.40', '£8.50/kg']",3.4,£8.50/kg
184,Tesco Unsmoked Streaky Bacon 300G,https://www.tesco.com/groceries/en-GB/products/281037354,1687613755.007044,"['£2.65', '£8.83/kg']",2.65,£8.83/kg
186,Tesco Finest 4 British Beef Steak Burgers 454G,https://www.tesco.com/groceries/en-GB/products/275216612,1687613755.157422,"['£4.10', '£9.03/kg']",4.1,£9.03/kg
187,Lactofree Fresh Semi Skimmed Milk 1L,https://www.tesco.com/groceries/en-GB/products/258877943,1687613755.228935,"['£2.00', '£2.00/litre']",2.0,£2.00/litre
188,Cathedral City Extra Mature Cheddar 550G,https://www.tesco.com/groceries/en-GB/products/288986209,1687613755.32187,"['£5.40', '£9.82/kg']",5.4,£9.82/kg
189,Tesco Fresh Single Cream 300Ml,https://www.tesco.com/groceries/en-GB/products/262479245,1687613755.4152582,"['£1.20', '£0.40/100ml']",1.2,£0.40/100ml
190,Flora Buttery Spread 450G,https://www.tesco.com/groceries/en-GB/products/312565758,1687613755.489213,"['£2.15', '£4.78/kg']",2.15,£4.78/kg
191,Mini Babybel Original Cheese Snacks 10X20g 200G,https://www.tesco.com/groceries/en-GB/products/307346979,1687613755.5834382,"['£2.59', '£12.95/kg']",2.59,£12.95/kg
192,St.Ewe Rich Yolk Free Range Eggs 6 Pack,https://www.tesco.com/groceries/en-GB/products/305250110,1687613761.610495,"['£2.30', '£0.38/each']",2.3,£0.38/each
193,Tesco Twin Garlic Baguette 410G,https://www.tesco.com/groceries/en-GB/products/307362677,1687613761.6962922,"['£1.80', '£0.44/100g']",1.8,£0.44/100g
194,Tesco Soft Cheese Plain Full Fat 200G,https://www.tesco.com/groceries/en-GB/products/303629634,1687613761.80906,"['£1.30', '£6.50/kg']",1.3,£6.50/kg
195,Tesco Extra Mature Grated Cheddar 250G,https://www.tesco.com/groceries/en-GB/products/256344327,1687613761.882904,"['£2.75', '£11.00/kg']",2.75,£11.00/kg
196,Richmond 12 Thick Pork Sausages 615G,https://www.tesco.com/groceries/en-GB/products/305981569,1687613761.979439,"['£3.35', '£5.45/kg']",3.35,£5.45/kg
197,Tesco Ready To Eat Seasonal Pears 4Pack 550G,https://www.tesco.com/groceries/en-GB/products/284475164,1687613762.0839858,"['£2.10', '£3.82/kg']",2.1,£3.82/kg
198,Ginger Root Loose,https://www.tesco.com/groceries/en-GB/products/253559297,1687613762.170832,"['£0.55', '£5.50/kg']",0.55,£5.50/kg
199,Tesco Golden Delicious Apple Minimum 5,https://www.tesco.com/groceries/en-GB/products/284475890,1687613762.25701,"['£1.70', '£0.34/each']",1.7,£0.34/each
200,Creamfields Mature White Cheddar 400G,https://www.tesco.com/groceries/en-GB/products/302676607,1687613762.3643851,"['£2.85', '£7.12/kg']",2.85,£7.12/kg
202,Tesco Large Flat Mushrooms 250G,https://www.tesco.com/groceries/en-GB/products/299916749,1687613762.528801,"['£1.25', '£5.00/kg']",1.25,£5.00/kg
203,Tesco Blue Stilton 220G,https://www.tesco.com/groceries/en-GB/products/261535054,1687613762.605123,"['£2.50', '£11.36/kg']",2.5,£11.36/kg
204,Tesco Soured Cream 300Ml,https://www.tesco.com/groceries/en-GB/products/265166259,1687613762.680869,"['£1.05', '£0.35/100ml']",1.05,£0.35/100ml
205,Tesco Egg Noodles 300G,https://www.tesco.com/groceries/en-GB/products/290981391,1687613762.7548,"['£1.25', '£4.17/kg']",1.25,£4.17/kg
206,Tesco Greek Style Natural Yogurt 1Kg,https://www.tesco.com/groceries/en-GB/products/296360788,1687613762.857206,"['£1.95', '£0.20/100g']",1.95,£0.20/100g
207,Creamfields Uht Semi Skimmed Milk 1 Litre,https://www.tesco.com/groceries/en-GB/products/299914279,1687613762.938005,"['£0.69', '£0.69/litre']",0.69,£0.69/litre
210,Creamfields 4 Pack Strawberry Raspberry Yogurt Pouches 320G,https://www.tesco.com/groceries/en-GB/products/305961835,1687613763.167354,"['£0.89', '£0.28/100g']",0.89,£0.28/100g
211,Tesco Cauliflower Cheese 350G,https://www.tesco.com/groceries/en-GB/products/258302991,1687613763.2452538,"['£1.50', '£4.29/kg']",1.5,£4.29/kg
212,Green Peppers Each Class 1,https://www.tesco.com/groceries/en-GB/products/258270595,1687613763.348685,"['£0.60', '£0.60/each']",0.6,£0.60/each
213,Rosedene Farms Small Pear Pack 550G,https://www.tesco.com/groceries/en-GB/products/292249484,1687613763.423131,"['£0.99', '£1.80/kg']",0.99,£1.80/kg
214,Creamfields Apricot Strawberry Raspberry Fromage Frais 12 X 50G,https://www.tesco.com/groceries/en-GB/products/299970378,1687613763.496835,"['£0.80', '£0.13/100g']",0.8,£0.13/100g
215,Tesco Cut Basil 30G,https://www.tesco.com/groceries/en-GB/products/292695686,1687613763.5764868,"['£0.52', '£0.17/10g']",0.52,£0.17/10g
216,Woodside Farms Streaky Bacon 275G,https://www.tesco.com/groceries/en-GB/products/292311053,1687613763.652643,"['£1.45', '£5.27/kg']",1.45,£5.27/kg
217,Tesco Pineapple Each,https://www.tesco.com/groceries/en-GB/products/255230763,1687613763.735381,"['£0.95', '£0.95/each']",0.95,£0.95/each
218,Tesco Radish Pack 240G,https://www.tesco.com/groceries/en-GB/products/261049366,1687613763.8117619,"['£0.52', '£2.17/kg']",0.52,£2.17/kg
219,Tesco Sweetcorn Cobettes 4 Pack,https://www.tesco.com/groceries/en-GB/products/251788587,1687613763.886525,"['£1.35', '£0.34/each']",1.35,£0.34/each
220,Suntrail Farms Ripen At Home Plum 400G,https://www.tesco.com/groceries/en-GB/products/292275580,1687613763.9887302,"['£0.89', '£2.22/kg']",0.89,£2.22/kg
221,Tesco 16 Seafood Sticks 250G,https://www.tesco.com/groceries/en-GB/products/250211805,1687613764.077693,"['£1.20', '£0.48/100g']",1.2,£0.48/100g
222,Tesco Classic Multipack Dips 516G,https://www.tesco.com/groceries/en-GB/products/259793971,1687613764.1748211,"['£3.00', '£0.58/100g']",3.0,£0.58/100g
223,Tesco Roast Sliced Chicken Breast 180G,https://www.tesco.com/groceries/en-GB/products/295014849,1687613764.248706,"['£3.25', '£1.81/100g']",3.25,£1.81/100g
224,Tesco Unsmoked Twin Pack Back Bacon 2X360g,https://www.tesco.com/groceries/en-GB/products/303088622,1687613764.318919,"['£5.00', '£6.94/kg']",5.0,£6.94/kg
225,Muller Corner Vanilla & Banana Chocolate Balls & Flakes 6 X 124G,https://www.tesco.com/groceries/en-GB/products/311937292,1687613764.412813,"['£3.50', '£0.47/100g']",3.5,£0.47/100g
226,Tesco Smoked Twin Pack Back Bacon 2X360g,https://www.tesco.com/groceries/en-GB/products/303088645,1687613764.510345,"['£5.00', '£6.94/kg']",5.0,£6.94/kg
227,Tesco Cheese & Garlic Flatbread 230G,https://www.tesco.com/groceries/en-GB/products/286265277,1687613764.6072462,"['£1.90', '£0.83/100g']",1.9,£0.83/100g
228,Tesco Finest 6 Pork & Caramelised Onion Sausages 400G,https://www.tesco.com/groceries/en-GB/products/255211164,1687613764.6768,"['£3.25', '£8.12/kg']",3.25,£8.12/kg
229,Tesco Grated Parmigiano Reggiano 100G,https://www.tesco.com/groceries/en-GB/products/255081368,1687613764.771602,"['£2.35', '£23.50/kg']",2.35,£23.50/kg
230,Tesco Whole Chicken Extra Large 1.9Kg - 2.3Kg,https://www.tesco.com/groceries/en-GB/products/292277755,1687613764.8603919,"['£5.60', '£2.95/kg']",5.6,£2.95/kg
231,Pukka All Steak Pie,https://www.tesco.com/groceries/en-GB/products/304401896,1687613764.9333289,"['£2.00', '£2.00/each']",2.0,£2.00/each
232,Tesco Stonebaked Pepperoni Pizza 277G,https://www.tesco.com/groceries/en-GB/products/308493883,1687613765.011334,"['£3.50', '£1.26/100g']",3.5,£1.26/100g
233,Tesco 50% Less Fat Creme Fraiche 300Ml,https://www.tesco.com/groceries/en-GB/products/263772685,1687613765.1149702,"['£1.05', '£0.35/100ml']",1.05,£0.35/100ml
234,Tesco Peppery Babyleaf Rocket Salad 90G,https://www.tesco.com/groceries/en-GB/products/268312543,1687613765.191894,"['£1.35', '£1.50/100g']",1.35,£1.50/100g
235,Tesco Longlife Almond Drink Unsweetened 1Ltr,https://www.tesco.com/groceries/en-GB/products/287531928,1687613765.265586,"['£1.25', '£1.25/litre']",1.25,£1.25/litre
236,Tesco Full Fat Creme Fraiche 300Ml,https://www.tesco.com/groceries/en-GB/products/263772662,1687613765.336971,"['£1.05', '£0.35/100ml']",1.05,£0.35/100ml
237,Tesco Peeled Baby Sprouts 180G,https://www.tesco.com/groceries/en-GB/products/277973967,1687613765.447812,"['£1.10', '£6.11/kg']",1.1,£6.11/kg
239,Tesco Parmigiano Reggiano 200G,https://www.tesco.com/groceries/en-GB/products/260663698,1687613765.661661,"['£3.40', '£17.00/kg']",3.4,£17.00/kg
240,Tesco Stringless Beans 180G,https://www.tesco.com/groceries/en-GB/products/293953633,1687613770.7447722,"['£1.25', '£6.94/kg']",1.25,£6.94/kg
241,Creamfields Grated Cheddar 500G,https://www.tesco.com/groceries/en-GB/products/310681024,1687613770.8454862,"['£2.80', '£5.60/kg']",2.8,£5.60/kg
242,Tesco Seedless Grape Selection Pack 500G,https://www.tesco.com/groceries/en-GB/products/260138514,1687613770.927213,"['£2.00', '£4.00/kg']",2.0,£4.00/kg
243,Tesco Soured Cream 150Ml,https://www.tesco.com/groceries/en-GB/products/265166150,1687613771.00177,"['£0.75', '£0.50/100ml']",0.75,£0.50/100ml
244,Tesco Red Chillies 60G,https://www.tesco.com/groceries/en-GB/products/256339363,1687613771.0772228,"['£0.57', '£9.50/kg']",0.57,£9.50/kg
245,Tesco Red Onion 1Kg,https://www.tesco.com/groceries/en-GB/products/262645072,1687613771.162766,"['£0.95', '£0.95/kg']",0.95,£0.95/kg
246,Tesco Butterpak Spreadable Slight Salted 500G,https://www.tesco.com/groceries/en-GB/products/291729407,1687613771.26209,"['£2.19', '£4.38/kg']",2.19,£4.38/kg
247,Tesco Fresh Cut Flat Leaf Parsley 30G,https://www.tesco.com/groceries/en-GB/products/292686582,1687613771.3371232,"['£0.60', '£0.20/10g']",0.6,£0.20/10g
248,Eastman's Cooked Ham 125G,https://www.tesco.com/groceries/en-GB/products/299955783,1687613771.4113941,"['£0.92', '£0.74/100g']",0.92,£0.74/100g
249,Tesco Pizza Pepperoni 120G,https://www.tesco.com/groceries/en-GB/products/291124830,1687613771.485138,"['£1.05', '£0.88/100g']",1.05,£0.88/100g
250,Growers Harvest Orange Juice Smooth 2L,https://www.tesco.com/groceries/en-GB/products/300474469,1687613771.573309,"['£1.79', '£0.09/100ml']",1.79,£0.09/100ml
251,Tesco Guacamole 163G,https://www.tesco.com/groceries/en-GB/products/272453220,1687613771.654974,"['£1.20', '£0.74/100g']",1.2,£0.74/100g
252,Tesco Finest Extra Fine Beans 200G,https://www.tesco.com/groceries/en-GB/products/305041628,1687613771.753628,"['£1.50', '£7.50/kg']",1.5,£7.50/kg
253,Eastmans Corned Beef Slices 150G,https://www.tesco.com/groceries/en-GB/products/305974463,1687613771.831368,"['£1.24', '£0.83/100g']",1.24,£0.83/100g
254,Willow Farm Chicken Breast Portions 900G -1.2Kg,https://www.tesco.com/groceries/en-GB/products/304797305,1687613771.903018,"['£6.29', '£5.99/kg']",6.29,£5.99/kg
255,Tesco Lamb Whole Leg Joint,https://www.tesco.com/groceries/en-GB/products/253188113,1687613771.982283,"['£26.00', '£13.00/kg']",26.0,£13.00/kg
256,Tesco British Chicken Thigh Fillets 600G,https://www.tesco.com/groceries/en-GB/products/288661225,1687613772.057945,"['£4.60', '£7.67/kg']",4.6,£7.67/kg
257,Tesco 16 Honey Roast Ham 400G,https://www.tesco.com/groceries/en-GB/products/303880749,1687613772.130456,"['£3.50', '£0.88/100g']",3.5,£0.88/100g
258,Tesco Finest* Smoked Dry Cure Streaky Bacon,https://www.tesco.com/groceries/en-GB/products/261992145,1687613772.2102022,"['£3.50', '£14.58/kg']",3.5,£14.58/kg
259,Tesco British Apple Minimum 5 Pack,https://www.tesco.com/groceries/en-GB/products/284477058,1687613772.286491,"['£1.70', '£0.34/each']",1.7,£0.34/each
260,Tesco 8 Brtish Pork Sausages 454G,https://www.tesco.com/groceries/en-GB/products/261879050,1687613772.359162,"['£2.30', '£5.07/kg']",2.3,£5.07/kg
261,Tesco Wafer Thin Honey Roast Ham 125G,https://www.tesco.com/groceries/en-GB/products/303881218,1687613772.43763,"['£1.50', '£1.20/100g']",1.5,£1.20/100g
262,Tesco 30 Bitesize Pork Cocktail Sausages 255G,https://www.tesco.com/groceries/en-GB/products/268294690,1687613772.511513,"['£2.20', '£0.86/100g']",2.2,£0.86/100g
263,Ski Smooth Strawberry & Raspberry Yogurt 4X120g,https://www.tesco.com/groceries/en-GB/products/262042556,1687613772.608076,"['£1.45', '£0.30/100g']",1.45,£0.30/100g
264,Mini Babybel Light Cheese Snacks 10 X 20G 200G,https://www.tesco.com/groceries/en-GB/products/307353982,1687613772.681056,"['£2.59', '£12.95/kg']",2.59,£12.95/kg
265,I Can't Believe It's Not Butter Original Spread 450G,https://www.tesco.com/groceries/en-GB/products/310171524,1687613772.7566452,"['£1.50', '£3.33/kg']",1.5,£3.33/kg
266,Tesco Butterhead Salad 80G,https://www.tesco.com/groceries/en-GB/products/312352060,1687613772.8289878,"['£1.10', '£1.38/100g']",1.1,£1.38/100g
267,Tesco Pork Lean Mince 5% Fat 500G,https://www.tesco.com/groceries/en-GB/products/258431866,1687613772.922776,"['£3.00', '£6.00/kg']",3.0,£6.00/kg
268,Tesco Organic Garlic 3 Pack,https://www.tesco.com/groceries/en-GB/products/263943986,1687613772.993589,"['£1.00', '£0.33/each']",1.0,£0.33/each
269,Heygate Farms Norfolk Potatoes 750G,https://www.tesco.com/groceries/en-GB/products/277438133,1687613773.071761,"['£1.40', '£1.87/kg']",1.4,£1.87/kg
270,Leeks Loose Class 2,https://www.tesco.com/groceries/en-GB/products/253555998,1687613773.143369,"['£0.70', '£2.78/kg']",0.7,£2.78/kg
271,Arla Protein Strawberry 200G,https://www.tesco.com/groceries/en-GB/products/286702423,1687613773.21763,"['£1.25', '£0.62/100g']",1.25,£0.62/100g
272,Tesco Organic Houmous 200G,https://www.tesco.com/groceries/en-GB/products/260258101,1687613773.311274,"['£1.20', '£0.60/100g']",1.2,£0.60/100g
273,Tesco Pickled Pink Slaw 140G,https://www.tesco.com/groceries/en-GB/products/287733373,1687613773.408366,"['£1.10', '£0.79/100g']",1.1,£0.79/100g
275,Suntrail Farms Orange Minimum 5 Pack,https://www.tesco.com/groceries/en-GB/products/292225110,1687613773.5523021,"['£0.95', '£0.19/each']",0.95,£0.19/each
276,Tesco Mozzarella 240G,https://www.tesco.com/groceries/en-GB/products/308098619,1687613773.631263,"['£1.10', '£8.80/kg DR.WT']",1.1,£8.80/kg DR.WT
277,Tesco Finest Smoked Dry Cure Back Bacon 8 Rashers 240G,https://www.tesco.com/groceries/en-GB/products/275174361,1687613773.7024481,"['£3.50', '£14.58/kg']",3.5,£14.58/kg
278,Tesco 0% Fat Greek Style Yogurt 500G,https://www.tesco.com/groceries/en-GB/products/274510599,1687613773.795669,"['£1.10', '£0.22/100g']",1.1,£0.22/100g
279,Tesco Sweet & Crunchy Salad 250G,https://www.tesco.com/groceries/en-GB/products/304412981,1687613773.8649,"['£0.83', '£0.33/100g']",0.83,£0.33/100g
280,Eastmans Wafer Thin Cooked Ham 125G,https://www.tesco.com/groceries/en-GB/products/303880611,1687613773.938339,"['£1.00', '£0.80/100g']",1.0,£0.80/100g
281,Tesco Diced Onion 400G,https://www.tesco.com/groceries/en-GB/products/294007399,1687613774.010318,"['£1.10', '£2.75/kg']",1.1,£2.75/kg
282,Tesco Tenderstem & Mixed Vegetables 160G,https://www.tesco.com/groceries/en-GB/products/297682889,1687613774.107863,"['£2.00', '£12.50/kg']",2.0,£12.50/kg
283,Tesco Iceberg Lettuce 200G,https://www.tesco.com/groceries/en-GB/products/312704710,1687613774.203917,"['£0.75', '£0.38/100g']",0.75,£0.38/100g
284,Creamfields Greek Style Natural Yogurt 500G,https://www.tesco.com/groceries/en-GB/products/307348303,1687613774.288312,"['£0.89', '£0.18/100g']",0.89,£0.18/100g
285,Eastman's Cooked Ham 30 Slices 400G,https://www.tesco.com/groceries/en-GB/products/299955685,1687613774.362443,"['£1.99', '£0.50/100g']",1.99,£0.50/100g
287,Tesco Tenderstem Broccoli Spears 330G,https://www.tesco.com/groceries/en-GB/products/299389237,1687613774.510033,"['£2.35', '£7.12/kg']",2.35,£7.12/kg
288,Tesco Raspberries 425G,https://www.tesco.com/groceries/en-GB/products/294697928,1687613780.8031192,"['£4.25', '£10.00/kg']",4.25,£10.00/kg
289,Tesco German Style Salami 125G,https://www.tesco.com/groceries/en-GB/products/254898538,1687613780.906395,"['£0.92', '£0.74/100g']",0.92,£0.74/100g
290,Oatly Oat Drink Whole 1 Litre,https://www.tesco.com/groceries/en-GB/products/302330090,1687613780.987079,"['£2.10', '£2.10/litre']",2.1,£2.10/litre
291,Arla Protein Strawberry Pouch Yogurt 200G,https://www.tesco.com/groceries/en-GB/products/296091386,1687613781.067212,"['£1.30', '£0.65/100g']",1.3,£0.65/100g
292,Tesco 2 Breaded Garlic Chicken Kievs 270G,https://www.tesco.com/groceries/en-GB/products/307733170,1687613781.148824,"['£2.90', '£10.74/kg']",2.9,£10.74/kg
293,Philadelphia Original Soft Cheese 280G,https://www.tesco.com/groceries/en-GB/products/311687892,1687613781.2220511,"['£3.25', '£11.61/kg']",3.25,£11.61/kg
294,Tesco Longlife Soya Drink Sweetened 1Ltr,https://www.tesco.com/groceries/en-GB/products/256438810,1687613781.295351,"['£1.25', '£1.25/litre']",1.25,£1.25/litre
295,Cathedral City Extra Mature 350G,https://www.tesco.com/groceries/en-GB/products/267273555,1687613781.3661299,"['£3.25', '£9.29/kg']",3.25,£9.29/kg
296,Tesco Mature 10 Cheddar Slices 250G,https://www.tesco.com/groceries/en-GB/products/264156169,1687613781.4388711,"['£2.75', '£11.00/kg']",2.75,£11.00/kg
297,Tesco Finest 6 Cumberland Pork Sausages 400G,https://www.tesco.com/groceries/en-GB/products/279993208,1687613781.531801,"['£3.25', '£8.12/kg']",3.25,£8.12/kg
298,Clover Lighter Spread 500G,https://www.tesco.com/groceries/en-GB/products/259373535,1687613781.640203,"['£2.40', '£4.80/kg']",2.4,£4.80/kg
299,Tesco Jazz Apple,https://www.tesco.com/groceries/en-GB/products/284477628,1687613781.7136588,"['£2.30', '£0.38/each']",2.3,£0.38/each
300,Country Life Original Spreadable 500G,https://www.tesco.com/groceries/en-GB/products/253002927,1687613781.788984,"['£3.50', '£7.00/kg']",3.5,£7.00/kg
301,Tesco Whole Longlife Milk 1L,https://www.tesco.com/groceries/en-GB/products/254277974,1687613781.8877702,"['£1.20', '£1.20/litre']",1.2,£1.20/litre
302,Tesco Halloumi 225G,https://www.tesco.com/groceries/en-GB/products/295580293,1687613781.982271,"['£2.40', '£10.67/kg']",2.4,£10.67/kg
303,Tesco British Pork Wafer Thin Oak Smoked Ham 125G,https://www.tesco.com/groceries/en-GB/products/276492380,1687613782.056554,"['£2.25', '£1.80/100g']",2.25,£1.80/100g
304,Tesco Spinach & Ricotta Tortelloni 300G,https://www.tesco.com/groceries/en-GB/products/299829340,1687613782.1597068,"['£2.00', '£6.67/kg']",2.0,£6.67/kg
305,Creamfields French Brie 200G,https://www.tesco.com/groceries/en-GB/products/299914515,1687613782.256958,"['£1.85', '£9.25/kg']",1.85,£9.25/kg
306,Fresh & Naked Just Wild Rocket 60G,https://www.tesco.com/groceries/en-GB/products/267315115,1687613782.330972,"['£1.20', '£20.00/kg']",1.2,£20.00/kg
307,Tesco Bramley Cooking Apples Loose,https://www.tesco.com/groceries/en-GB/products/253558033,1687613782.4047842,"['£0.55', '£2.20/kg']",0.55,£2.20/kg
308,Rosedene Farms Braeburn Apples 6 Pack,https://www.tesco.com/groceries/en-GB/products/305832741,1687613782.481262,"['£1.49', '£0.25/each']",1.49,£0.25/each
309,Tesco Smoked Cheese 125G,https://www.tesco.com/groceries/en-GB/products/258005559,1687613782.554132,"['£1.75', '£14.00/kg']",1.75,£14.00/kg
310,Tesco Family Pack Chestnut Mushroom 485G,https://www.tesco.com/groceries/en-GB/products/296652420,1687613782.6312692,"['£1.90', '£3.92/kg']",1.9,£3.92/kg
312,Tesco Carrot Batons 400G,https://www.tesco.com/groceries/en-GB/products/312693894,1687613782.7735848,"['£1.25', '£3.12/kg']",1.25,£3.12/kg
313,Tesco Scotch Bonnet Chillies 50G,https://www.tesco.com/groceries/en-GB/products/308476276,1687613782.873291,"['£0.90', '£18.00/kg']",0.9,£18.00/kg
314,Tesco Organic Whole Cucumber Each,https://www.tesco.com/groceries/en-GB/products/251582605,1687613782.944593,"['£1.20', '£1.20/each']",1.2,£1.20/each
315,Tesco Onion & Garlic Dip 200G,https://www.tesco.com/groceries/en-GB/products/260076333,1687613783.018323,"['£1.20', '£0.60/100g']",1.2,£0.60/100g
316,Tesco Finest Unsmoked Drycure Back Bacon 8 Rashers 240G,https://www.tesco.com/groceries/en-GB/products/275174349,1687613783.122793,"['£3.50', '£14.58/kg']",3.5,£14.58/kg
317,Tesco Tenderstem Broccoli Tips 120G,https://www.tesco.com/groceries/en-GB/products/280108932,1687613783.217536,"['£1.30', '£10.83/kg']",1.3,£10.83/kg
318,Tesco Trimmed Tenderstem Broccoli 80G,https://www.tesco.com/groceries/en-GB/products/300537350,1687613783.29191,"['£1.25', '£15.62/kg']",1.25,£15.62/kg
319,Tesco Red Potato 2.5Kg,https://www.tesco.com/groceries/en-GB/products/297543409,1687613783.386852,"['£1.50', '£0.60/kg']",1.5,£0.60/kg
320,Eastmans Wafer Thin Cooked Chicken 125G,https://www.tesco.com/groceries/en-GB/products/303880703,1687613783.456456,"['£0.92', '£0.74/100g']",0.92,£0.74/100g
321,Asparagus Tips 125G Class 1,https://www.tesco.com/groceries/en-GB/products/256651384,1687613783.530159,"['£2.00', '£16.00/kg']",2.0,£16.00/kg
322,Tesco Thyme 20G,https://www.tesco.com/groceries/en-GB/products/304785930,1687613783.607552,"['£0.52', '£0.26/10g']",0.52,£0.26/10g
323,Tesco 2 Scotch Eggs 227G,https://www.tesco.com/groceries/en-GB/products/250301492,1687613783.680435,"['£1.19', '£0.52/100g']",1.19,£0.52/100g
324,Creamfields Berry Medley Low Fat Yogurt 6X125g,https://www.tesco.com/groceries/en-GB/products/299970270,1687613783.7515678,"['£0.95', '£0.13/100g']",0.95,£0.13/100g
325,Pizza Express Margherita Pizza 245G,https://www.tesco.com/groceries/en-GB/products/261384030,1687613783.824972,"['£5.50', '£2.24/100g']",5.5,£2.24/100g
326,Pilgrims Choice Extra Mature Cheddar 550G,https://www.tesco.com/groceries/en-GB/products/300935339,1687613783.9070048,"['£5.20', '£9.46/kg']",5.2,£9.46/kg
327,Activia Low Fat Yogurt Vanilla & Granola 165G,https://www.tesco.com/groceries/en-GB/products/302218500,1687613783.98877,"['£1.50', '£0.91/100g']",1.5,£0.91/100g
328,Tesco Smoked Lardons 200G,https://www.tesco.com/groceries/en-GB/products/275117919,1687613784.065824,"['£2.70', '£13.50/kg']",2.7,£13.50/kg
329,Tesco Wafer Thin Honey Roast Ham 400G,https://www.tesco.com/groceries/en-GB/products/303881155,1687613784.141207,"['£3.50', '£0.88/100g']",3.5,£0.88/100g
330,Tesco British Diced Chicken Breast 650G,https://www.tesco.com/groceries/en-GB/products/304405349,1687613784.2127712,"['£5.40', '£8.31/kg']",5.4,£8.31/kg
331,Peperami Mini Original 10X10g,https://www.tesco.com/groceries/en-GB/products/250591613,1687613784.292543,"['£2.75', '£2.75/100g']",2.75,£2.75/100g
332,Richmond 8 Thick Pork Sausages 410G,https://www.tesco.com/groceries/en-GB/products/305984899,1687613784.368159,"['£2.50', '£6.10/kg']",2.5,£6.10/kg
333,Tesco Houmous 300G,https://www.tesco.com/groceries/en-GB/products/255412675,1687613784.4388459,"['£1.50', '£0.50/100g']",1.5,£0.50/100g
334,Tesco Finest Pork Sausage Meat 350G,https://www.tesco.com/groceries/en-GB/products/279992336,1687613784.509643,"['£3.35', '£9.57/kg']",3.35,£9.57/kg
335,Flora Pro.Activ Buttery Spread 250G,https://www.tesco.com/groceries/en-GB/products/272924781,1687613784.653352,"['£2.50', '£10.00/kg']",2.5,£10.00/kg
336,Danone Oykos Greek Style Yogurt Strawberry 4X110g,https://www.tesco.com/groceries/en-GB/products/273627768,1687613790.850712,"['£2.00', '£0.46/100g']",2.0,£0.46/100g
337,Cadbury Dairy Milk Buttons Chocolate Dessert 75G,https://www.tesco.com/groceries/en-GB/products/311781296,1687613790.933451,"['£1.15', '£1.53/100g']",1.15,£1.53/100g
338,Cadbury Flake Milk Chocolate Dessert 75G,https://www.tesco.com/groceries/en-GB/products/311807037,1687613791.03708,"['£1.15', '£1.53/100g']",1.15,£1.53/100g
339,Tesco 6 Pack Sausage Rolls 360G,https://www.tesco.com/groceries/en-GB/products/268905631,1687613791.141509,"['£1.95', '£0.54/100g']",1.95,£0.54/100g
340,Tesco Smoked Salmon Slices 180G,https://www.tesco.com/groceries/en-GB/products/305436565,1687613791.242183,"['£5.50', '£3.06/100g']",5.5,£3.06/100g
341,Tesco Finest Exotic Mixed Mushrooms 150G,https://www.tesco.com/groceries/en-GB/products/313852682,1687613791.315543,"['£2.00', '£13.33/kg']",2.0,£13.33/kg
342,Creamfields Red Leicester Cheese 400G,https://www.tesco.com/groceries/en-GB/products/302676688,1687613791.388696,"['£2.85', '£7.12/kg']",2.85,£7.12/kg
343,Tesco British Spreadable Salted 500G,https://www.tesco.com/groceries/en-GB/products/291725665,1687613791.462903,"['£2.19', '£4.38/kg']",2.19,£4.38/kg
344,The Black Farmer Mango & Chilli Pork Sausages 375G,https://www.tesco.com/groceries/en-GB/products/312221394,1687613791.545629,"['£3.45', '£9.20/kg']",3.45,£9.20/kg
345,Arla Protein Raspberry 200G,https://www.tesco.com/groceries/en-GB/products/286702291,1687613791.645482,"['£1.25', '£0.62/100g']",1.25,£0.62/100g
346,Tesco No Added Sugar Cranberry Juice Drink 1 Litre,https://www.tesco.com/groceries/en-GB/products/278082689,1687613791.749291,"['£1.15', '£0.12/100ml']",1.15,£0.12/100ml
347,Tesco Crispy Slices 350G,https://www.tesco.com/groceries/en-GB/products/277884433,1687613791.846941,"['£2.00', '£5.71/kg']",2.0,£5.71/kg
348,Wall's 10 Snack Sausage Rolls 270G,https://www.tesco.com/groceries/en-GB/products/305970686,1687613791.950119,"['£2.20', '£0.82/100g']",2.2,£0.82/100g
349,Tesco Houmous Red Pepper 182G,https://www.tesco.com/groceries/en-GB/products/296233369,1687613792.0480268,"['£1.20', '£0.66/100g']",1.2,£0.66/100g
350,Tesco Cheddar Cheese & Chive Dip 200G,https://www.tesco.com/groceries/en-GB/products/260076346,1687613792.146184,"['£1.20', '£0.60/100g']",1.2,£0.60/100g
351,Tesco Shredded Iceberg 130G,https://www.tesco.com/groceries/en-GB/products/311955598,1687613792.241015,"['£0.70', '£0.54/100g']",0.7,£0.54/100g
352,Tesco Mini Carrots 320G,https://www.tesco.com/groceries/en-GB/products/277941239,1687613792.310215,"['£1.00', '£3.12/kg']",1.0,£3.12/kg
353,Tesco Mashed Potato 450G,https://www.tesco.com/groceries/en-GB/products/299982630,1687613792.403347,"['£0.95', '£2.11/kg']",0.95,£2.11/kg
354,Tesco Rosemary 20G,https://www.tesco.com/groceries/en-GB/products/304782991,1687613792.476869,"['£0.52', '£0.26/10g']",0.52,£0.26/10g
355,Tesco Organic Celery,https://www.tesco.com/groceries/en-GB/products/281055568,1687613792.5568252,"['£1.20', '£1.20/each']",1.2,£1.20/each
356,Hearty Food Co. Cheese Pizza 300G,https://www.tesco.com/groceries/en-GB/products/299598030,1687613792.649877,"['£0.99', '£0.33/100g']",0.99,£0.33/100g
357,Stockwell & Co. Lard 250G,https://www.tesco.com/groceries/en-GB/products/300346570,1687613792.7245219,"['£0.50', '£2.00/kg']",0.5,£2.00/kg
358,Tesco Beef Steak Mince 750G 15% Fat,https://www.tesco.com/groceries/en-GB/products/296422890,1687613792.797899,"['£4.90', '£6.53/kg']",4.9,£6.53/kg
359,Tesco Finest Brussels Pate 170G,https://www.tesco.com/groceries/en-GB/products/292278040,1687613792.869737,"['£3.00', '£1.76/100g']",3.0,£1.76/100g
360,Clarence Court Burford Browns Free Range Eggs 6 Pack,https://www.tesco.com/groceries/en-GB/products/301868215,1687613792.965581,"['£2.75', '£0.46/each']",2.75,£0.46/each
361,Tesco British Chicken Thigh Fillets 1Kg,https://www.tesco.com/groceries/en-GB/products/304380429,1687613793.043604,"['£6.20', '£6.20/kg']",6.2,£6.20/kg
362,Activia Rhubarb Yogurt 4X115g,https://www.tesco.com/groceries/en-GB/products/308099590,1687613793.1178272,"['£2.50', '£0.54/100g']",2.5,£0.54/100g
363,Castello Extra Creamy Brie 200G,https://www.tesco.com/groceries/en-GB/products/303870531,1687613793.190293,"['£2.80', '£14.00/kg']",2.8,£14.00/kg
364,Freshlay Golden Yolks 6 Free Range Mixed Weight 328G,https://www.tesco.com/groceries/en-GB/products/314696409,1687613793.262784,"['£2.50', '£0.42/each']",2.5,£0.42/each
365,Cheestrings 8 Pack Cheddar 160G,https://www.tesco.com/groceries/en-GB/products/273196994,1687613793.334474,"['£2.49', '£15.56/kg']",2.49,£15.56/kg
366,Le Rustique Pasteurised Camembert 250G,https://www.tesco.com/groceries/en-GB/products/259540384,1687613793.408536,"['£2.85', '£11.40/kg']",2.85,£11.40/kg
367,Tesco Continental Selection Platter 120G,https://www.tesco.com/groceries/en-GB/products/266452276,1687613793.48052,"['£2.65', '£2.21/100g']",2.65,£2.21/100g
368,Tesco Chicken Tikka Masala & Pilau Rice 400G,https://www.tesco.com/groceries/en-GB/products/310147600,1687613793.590252,"['£3.00', '£7.50/kg']",3.0,£7.50/kg
369,Tesco Finest Sweet & Fiery Beetroot 180G,https://www.tesco.com/groceries/en-GB/products/297888940,1687613793.712824,"['£1.85', '£10.28/kg']",1.85,£10.28/kg
370,Tesco Red Leicester Cheese 400G,https://www.tesco.com/groceries/en-GB/products/305989479,1687613793.793739,"['£3.40', '£8.50/kg']",3.4,£8.50/kg
371,Tesco Reduced Fat Butterpak Spreadable 500G,https://www.tesco.com/groceries/en-GB/products/291725826,1687613793.8718998,"['£2.19', '£4.38/kg']",2.19,£4.38/kg
372,Tesco British Whole Medium Chicken 1.2Kg -1.5Kg,https://www.tesco.com/groceries/en-GB/products/292278149,1687613793.9591238,"['£4.10', '£3.42/kg']",4.1,£3.42/kg
373,Tesco 50% Reduced Fat Mature Grated Cheese 250G,https://www.tesco.com/groceries/en-GB/products/299970194,1687613794.073111,"['£2.75', '£11.00/kg']",2.75,£11.00/kg
374,Tesco Caramelised Onion Houmous 182G,https://www.tesco.com/groceries/en-GB/products/280677375,1687613794.175483,"['£1.20', '£0.66/100g']",1.2,£0.66/100g
375,Peppa Pig Strawberry Fromage Frais 6X45g,https://www.tesco.com/groceries/en-GB/products/271641638,1687613794.293555,"['£1.20', '£0.44/100g']",1.2,£0.44/100g
376,Tesco Mascarpone 250G,https://www.tesco.com/groceries/en-GB/products/258015530,1687613794.3691661,"['£1.80', '£7.20/kg']",1.8,£7.20/kg
377,Tesco Salsa 200G,https://www.tesco.com/groceries/en-GB/products/299936679,1687613794.442378,"['£1.20', '£0.60/100g']",1.2,£0.60/100g
378,Corner Deli Cypriot Halloumi 225G,https://www.tesco.com/groceries/en-GB/products/309181127,1687613794.552788,"['£2.15', '£9.56/kg']",2.15,£9.56/kg
379,Tesco Whole Milk 568Ml/1 Pint,https://www.tesco.com/groceries/en-GB/products/251314233,1687613794.6375942,"['£0.90', '£1.58/litre']",0.9,£1.58/litre
380,Tesco Greek Cheese Feta 200G,https://www.tesco.com/groceries/en-GB/products/260671607,1687613794.73245,"['£2.10', '£10.50/kg']",2.1,£10.50/kg
381,Tesco Tzatziki Dip 200G,https://www.tesco.com/groceries/en-GB/products/260083848,1687613794.863395,"['£1.20', '£0.60/100g']",1.2,£0.60/100g
382,Tesco Chestnut Baby Button Mushrooms 150G,https://www.tesco.com/groceries/en-GB/products/293821231,1687613794.9878678,"['£1.05', '£7.00/kg']",1.05,£7.00/kg
383,Tesco British Chicken Thighs 1Kg,https://www.tesco.com/groceries/en-GB/products/285210396,1687613795.066166,"['£3.00', '£3.00/kg']",3.0,£3.00/kg
384,Fielding Dairies Real Dairy Spray Cream Light 250G,https://www.tesco.com/groceries/en-GB/products/314428348,1687613801.7184262,"['£1.45', '£0.58/100g']",1.45,£0.58/100g
385,Tesco Mixed Chillies 65G,https://www.tesco.com/groceries/en-GB/products/262453391,1687613801.80141,"['£0.57', '£8.77/kg']",0.57,£8.77/kg
386,Tesco Babycorn And Mangetout 175G,https://www.tesco.com/groceries/en-GB/products/256989802,1687613801.879748,"['£2.00', '£11.43/kg']",2.0,£11.43/kg
387,Fielding Dairies Real Dairy Spray Cream 250G,https://www.tesco.com/groceries/en-GB/products/314423077,1687613801.976608,"['£1.45', '£0.58/100g']",1.45,£0.58/100g
388,Tesco Finest 4 Pork New York Style Hot Dogs 400G,https://www.tesco.com/groceries/en-GB/products/309763516,1687613802.051399,"['£3.25', '£8.12/kg']",3.25,£8.12/kg
389,Tesco Finest 6 Chicken & Herb Sausages 340G,https://www.tesco.com/groceries/en-GB/products/312236590,1687613802.1473112,"['£3.25', '£9.56/kg']",3.25,£9.56/kg
390,Tesco Baby Potatoes With Herb Butter 360G,https://www.tesco.com/groceries/en-GB/products/272336935,1687613802.241787,"['£1.00', '£2.78/kg']",1.0,£2.78/kg
391,Tesco Mint 30G,https://www.tesco.com/groceries/en-GB/products/259095864,1687613802.3373199,"['£0.52', '£0.17/10g']",0.52,£0.17/10g
392,Creamfields Fat Free Greek Style Natural Yogurt 500G,https://www.tesco.com/groceries/en-GB/products/307133459,1687613802.421105,"['£0.85', '£0.17/100g']",0.85,£0.17/100g
393,Tesco 4 Quarter Pound Burgers 454G,https://www.tesco.com/groceries/en-GB/products/253609248,1687613802.496705,"['£2.59', '£5.70/kg']",2.59,£5.70/kg
394,Tesco Medium Beef Roasting Joint With Basting Fat,https://www.tesco.com/groceries/en-GB/products/258139435,1687613802.5744581,"['£10.40', '£13.00/kg']",10.4,£13.00/kg
395,Anchor Original Spreadable 500G,https://www.tesco.com/groceries/en-GB/products/254362533,1687613802.65258,"['£4.50', '£9.00/kg']",4.5,£9.00/kg
396,Tesco Finest Lasagne 400G,https://www.tesco.com/groceries/en-GB/products/300726005,1687613802.728847,"['£4.25', '£10.62/kg']",4.25,£10.62/kg
397,Tesco Macaroni Cheese 400G,https://www.tesco.com/groceries/en-GB/products/310167622,1687613802.829489,"['£3.00', '£7.50/kg']",3.0,£7.50/kg
398,Pilgrims Choice Extra Mature Cheddar 350G,https://www.tesco.com/groceries/en-GB/products/268903247,1687613802.925463,"['£4.20', '£12.00/kg']",4.2,£12.00/kg
400,Cravendale Filtered Skimmed Milk 2 Litre,https://www.tesco.com/groceries/en-GB/products/255801128,1687613803.094663,"['£2.60', '£1.30/litre']",2.6,£1.30/litre
401,Oatly Oat Drink Semi 1 Litre,https://www.tesco.com/groceries/en-GB/products/300661962,1687613803.193732,"['£2.10', '£2.10/litre']",2.1,£2.10/litre
402,Tesco Finest Custard 500G,https://www.tesco.com/groceries/en-GB/products/253154977,1687613803.266141,"['£2.40', '£0.48/100g']",2.4,£0.48/100g
403,Tesco British Pork Wafer Thin Cooked Ham 125G,https://www.tesco.com/groceries/en-GB/products/276492604,1687613803.3363252,"['£2.25', '£1.80/100g']",2.25,£1.80/100g
404,Tesco 20 Mini Sausage Rolls 220G,https://www.tesco.com/groceries/en-GB/products/288442560,1687613803.4380941,"['£2.20', '£1.00/100g']",2.2,£1.00/100g
405,Tesco Filtered Skimmed Milk 2 Litre,https://www.tesco.com/groceries/en-GB/products/253743128,1687613803.533144,"['£1.90', '£0.95/litre']",1.9,£0.95/litre
406,Tesco Finest Mixed Baby Tomatoes 250G,https://www.tesco.com/groceries/en-GB/products/287593399,1687613803.604815,"['£1.80', '£7.20/kg']",1.8,£7.20/kg
407,Elmlea Single Alternative To Cream 270Ml,https://www.tesco.com/groceries/en-GB/products/308822161,1687613803.6765718,"['£1.25', '£0.46/100ml']",1.25,£0.46/100ml
408,Tesco Quiche Lorraine 400G,https://www.tesco.com/groceries/en-GB/products/288017298,1687613803.751505,"['£2.50', '£0.62/100g']",2.5,£0.62/100g
409,Willow Farm Chicken Wings 900G - 1.2Kg,https://www.tesco.com/groceries/en-GB/products/304780117,1687613803.8276532,"['£2.30', '£2.19/kg']",2.3,£2.19/kg
410,Tesco Organic Whole Milk 2.272L/4 Pints,https://www.tesco.com/groceries/en-GB/products/251500030,1687613803.907912,"['£2.15', '£0.95/litre']",2.15,£0.95/litre
411,Florette Mini Mixed 125G,https://www.tesco.com/groceries/en-GB/products/268450281,1687613803.983816,"['£1.25', '£1.00/100g']",1.25,£1.00/100g
412,Ocean Spray Cranbery Classic Juice Drink 1Ltr,https://www.tesco.com/groceries/en-GB/products/254859384,1687613804.056258,"['£1.75', '£0.18/100ml']",1.75,£0.18/100ml
413,Fresh & Naked Sweet Summer Salad Mix 90G,https://www.tesco.com/groceries/en-GB/products/305950572,1687613804.1324859,"['£1.20', '£13.33/kg']",1.2,£13.33/kg
414,Tesco Watercress 80G,https://www.tesco.com/groceries/en-GB/products/313519755,1687613804.205216,"['£1.35', '£1.69/100g']",1.35,£1.69/100g
415,Tesco Sliced Mushrooms 250G,https://www.tesco.com/groceries/en-GB/products/287571051,1687613804.275388,"['£1.25', '£5.00/kg']",1.25,£5.00/kg
416,Growers Harvest Pure Apple Juice 2 Litre,https://www.tesco.com/groceries/en-GB/products/300474095,1687613804.3523378,"['£1.79', '£0.09/100ml']",1.79,£0.09/100ml
417,Ginsters Large Cornish Pasty 227G,https://www.tesco.com/groceries/en-GB/products/259448131,1687613804.426636,"['£1.95', '£0.86/100g']",1.95,£0.86/100g
418,Fresh & Naked Peppery Mix 90G,https://www.tesco.com/groceries/en-GB/products/314310032,1687613804.5237298,"['£1.20', '£13.33/kg']",1.2,£13.33/kg
419,Tesco Baby Spinach 220G,https://www.tesco.com/groceries/en-GB/products/304401971,1687613804.604643,"['£1.35', '£0.61/100g']",1.35,£0.61/100g
420,Tesco Orange Juice Smooth Not From Concentrate 1.75L,https://www.tesco.com/groceries/en-GB/products/255595843,1687613804.676188,"['£2.40', '£0.14/100ml']",2.4,£0.14/100ml
421,Tesco Chicken Thighs 2Kg,https://www.tesco.com/groceries/en-GB/products/306820039,1687613804.7477288,"['£4.50', '£2.25/kg']",4.5,£2.25/kg
422,Tesco 12 Mini Savoury Eggs 216G,https://www.tesco.com/groceries/en-GB/products/268904010,1687613804.838997,"['£1.40', '£0.65/100g']",1.4,£0.65/100g
423,Tesco 6 Prosciutto Crudo Slices 84G,https://www.tesco.com/groceries/en-GB/products/266517333,1687613804.944414,"['£1.39', '£1.66/100g']",1.39,£1.66/100g
424,Tesco Large Broccoli Pack 500G,https://www.tesco.com/groceries/en-GB/products/272852905,1687613805.017995,"['£0.96', '£1.92/kg']",0.96,£1.92/kg
425,Tesco Egg Custard Tarts 4 Pack,https://www.tesco.com/groceries/en-GB/products/257471134,1687613805.092958,"['£1.25', '£0.31/each']",1.25,£0.31/each
426,Eastmans 8 Sausage Rolls 480G,https://www.tesco.com/groceries/en-GB/products/299914884,1687613805.164577,"['£0.95', '£0.20/100g']",0.95,£0.20/100g
427,Tesco Large Beef Roasting Joint With Basting Fat,https://www.tesco.com/groceries/en-GB/products/275492600,1687613805.24369,"['£22.20', '£12.00/kg']",22.2,£12.00/kg
428,Tesco Finest British Cumberland Pork Sausages 667G,https://www.tesco.com/groceries/en-GB/products/280010957,1687613805.325331,"['£5.00', '£7.50/kg']",5.0,£7.50/kg
430,Port Salut 185G,https://www.tesco.com/groceries/en-GB/products/260794122,1687613805.520919,"['£2.95', '£15.95/kg']",2.95,£15.95/kg
431,Innocent Orange Juice Smooth 1.35L,https://www.tesco.com/groceries/en-GB/products/271400233,1687613805.605948,"['£4.10', '£0.30/100ml']",4.1,£0.30/100ml
432,Tesco Fromage Frais Strawberry Raspberry Pouches 4 X 80G,https://www.tesco.com/groceries/en-GB/products/299970418,1687613812.174773,"['£1.40', '£0.44/100g']",1.4,£0.44/100g
433,Tesco Finest Mescolare Vine Tomatoes 400G,https://www.tesco.com/groceries/en-GB/products/313966115,1687613812.261887,"['£3.00', '£7.50/kg']",3.0,£7.50/kg
434,Tesco Finest Finely Sliced Hickory Smoked Ham 100G,https://www.tesco.com/groceries/en-GB/products/313605198,1687613812.3640058,"['£3.25', '£3.25/100g']",3.25,£3.25/100g
435,Tesco Cranberry Juice Drink 1L,https://www.tesco.com/groceries/en-GB/products/256095926,1687613812.459059,"['£1.15', '£0.12/100ml']",1.15,£0.12/100ml
436,Eastmans 4 Cured Pork Pies 260G,https://www.tesco.com/groceries/en-GB/products/299912206,1687613812.5586612,"['£1.19', '£0.46/100g']",1.19,£0.46/100g
438,Tesco 24 Beef Meatballs 672G,https://www.tesco.com/groceries/en-GB/products/282011659,1687613812.7016351,"['£4.75', '£7.07/kg']",4.75,£7.07/kg
439,Tesco Summer Vegetables 480G,https://www.tesco.com/groceries/en-GB/products/292450728,1687613812.794794,"['£1.50', '£3.12/kg']",1.5,£3.12/kg
440,Tesco Spinach 500G,https://www.tesco.com/groceries/en-GB/products/275549004,1687613812.889754,"['£1.77', '£3.54/kg']",1.77,£3.54/kg
441,Tesco Asparagus & Tenderstem Broccoli 190G,https://www.tesco.com/groceries/en-GB/products/279647204,1687613812.9627001,"['£2.25', '£11.84/kg']",2.25,£11.84/kg
442,Alpro Oat No Sugars Long Life Drink 1L,https://www.tesco.com/groceries/en-GB/products/304792587,1687613813.064834,"['£2.10', '£2.10/litre']",2.1,£2.10/litre
443,Tesco Tex Mex Multipack Dips 428G,https://www.tesco.com/groceries/en-GB/products/259794296,1687613813.148279,"['£3.00', '£0.70/100g']",3.0,£0.70/100g
444,Ilchester Applewood Smoked Cheddar 185G,https://www.tesco.com/groceries/en-GB/products/264014086,1687613813.223419,"['£2.65', '£14.32/kg']",2.65,£14.32/kg
445,Activia Yogurt No Added Sugar Cherry 4X115g,https://www.tesco.com/groceries/en-GB/products/308114020,1687613813.29775,"['£2.50', '£0.54/100g']",2.5,£0.54/100g
446,Tesco Finest* Unsmoked Dry Cure Streaky,https://www.tesco.com/groceries/en-GB/products/261969306,1687613813.3695302,"['£3.50', '£14.58/kg']",3.5,£14.58/kg
447,Castello Blue Cheese 150G,https://www.tesco.com/groceries/en-GB/products/262979759,1687613813.4414458,"['£2.80', '£18.67/kg']",2.8,£18.67/kg
448,Saint Agur Blue Cheese 150G,https://www.tesco.com/groceries/en-GB/products/252890607,1687613813.514545,"['£3.20', '£21.33/kg']",3.2,£21.33/kg
449,Cathedral City Lighter Cheddar 350G,https://www.tesco.com/groceries/en-GB/products/267308648,1687613813.592962,"['£3.25', '£9.29/kg']",3.25,£9.29/kg
450,Alpro Almond No Sugars Long Life Drink 1 Litre,https://www.tesco.com/groceries/en-GB/products/276761995,1687613813.6678588,"['£2.10', '£2.10/litre']",2.1,£2.10/litre
451,Rodda's Clotted Cream 227G,https://www.tesco.com/groceries/en-GB/products/252645749,1687613813.740532,"['£2.75', '£1.21/100g']",2.75,£1.21/100g
452,Tesco Finest Gorgonzola Piccante 175G,https://www.tesco.com/groceries/en-GB/products/285354260,1687613813.813735,"['£2.50', '£14.29/kg']",2.5,£14.29/kg
453,Tesco Finest 6 Pork & Bramley Apple Sausages 400G,https://www.tesco.com/groceries/en-GB/products/280002909,1687613813.884474,"['£3.25', '£8.12/kg']",3.25,£8.12/kg
454,Tesco Finest Wiltshire Crumbed Ham 125G,https://www.tesco.com/groceries/en-GB/products/296070820,1687613813.9825768,"['£3.25', '£2.60/100g']",3.25,£2.60/100g
455,Tesco Finest Honey Roast Ham 125G,https://www.tesco.com/groceries/en-GB/products/296070912,1687613814.085008,"['£3.25', '£2.60/100g']",3.25,£2.60/100g
456,Tesco Finest Greek Yogurt 500G,https://www.tesco.com/groceries/en-GB/products/256381115,1687613814.185042,"['£2.30', '£0.46/100g']",2.3,£0.46/100g
457,Tesco Gammon Joint With Honey Glaze 620G,https://www.tesco.com/groceries/en-GB/products/289242000,1687613814.259548,"['£6.00', '£9.68/kg']",6.0,£9.68/kg
458,Tesco Beef Lasagne 400G,https://www.tesco.com/groceries/en-GB/products/310130809,1687613814.362248,"['£3.00', '£7.50/kg']",3.0,£7.50/kg
459,Tesco Thin Cut Pork Loin Steaks 600G,https://www.tesco.com/groceries/en-GB/products/293250007,1687613814.4601228,"['£4.00', '£6.67/kg']",4.0,£6.67/kg
460,Flora Vegan Lighter Spread 450G,https://www.tesco.com/groceries/en-GB/products/312563000,1687613814.532541,"['£2.15', '£4.78/kg']",2.15,£4.78/kg
461,Tesco Fresh Whipping Cream 300Ml,https://www.tesco.com/groceries/en-GB/products/262478920,1687613814.6348999,"['£1.35', '£0.45/100ml']",1.35,£0.45/100ml
462,Bertolli Original Spread 450G,https://www.tesco.com/groceries/en-GB/products/312367872,1687613814.704929,"['£2.85', '£6.33/kg']",2.85,£6.33/kg
463,Tesco Thin & Crispy Pepperoni Pizza 272G,https://www.tesco.com/groceries/en-GB/products/308491234,1687613814.7999082,"['£1.95', '£0.72/100g']",1.95,£0.72/100g
464,Willow Farm Whole Chicken 1.2Kg - 1.6Kg,https://www.tesco.com/groceries/en-GB/products/304404069,1687613814.870657,"['£3.66', '£3.05/kg']",3.66,£3.05/kg
465,Tesco Coriander 100G,https://www.tesco.com/groceries/en-GB/products/252474219,1687613814.945339,"['£1.25', '£0.12/10g']",1.25,£0.12/10g
466,Hearty Food Co. Spinach & Ricotta Tortelloni 250G,https://www.tesco.com/groceries/en-GB/products/299915157,1687613815.017938,"['£1.21', '£4.84/kg']",1.21,£4.84/kg
467,Tesco Gouda Slices 250G,https://www.tesco.com/groceries/en-GB/products/299912575,1687613815.1002188,"['£2.75', '£11.00/kg']",2.75,£11.00/kg
468,Arla Protein Blueberry 200G,https://www.tesco.com/groceries/en-GB/products/286702481,1687613815.223628,"['£1.25', '£0.62/100g']",1.25,£0.62/100g
469,Peperami Pizza Bun Original Big Bite 75G,https://www.tesco.com/groceries/en-GB/products/313845869,1687613815.345242,"['£1.50', '£2.00/100g']",1.5,£2.00/100g
470,The Bury Black Pudding 4 Slices 230G,https://www.tesco.com/groceries/en-GB/products/261151906,1687613815.428874,"['£1.20', '£5.22/kg']",1.2,£5.22/kg
471,Wall's Jumbo Sausages Roll 130G,https://www.tesco.com/groceries/en-GB/products/305039511,1687613815.5072,"['£1.05', '£0.81/100g']",1.05,£0.81/100g
472,Fridge Raiders Smoky Bbq Chicken Bites 3X22.5G,https://www.tesco.com/groceries/en-GB/products/313735458,1687613815.58347,"['£1.60', '£2.37/100g']",1.6,£2.37/100g
473,Tesco Passion Fruit 3 Pack,https://www.tesco.com/groceries/en-GB/products/265460855,1687613815.6920059,"['£1.30', '£0.43/each']",1.3,£0.43/each
474,Tesco Perfectly Ripe Kiwi,https://www.tesco.com/groceries/en-GB/products/252496118,1687613815.801041,"['£1.60', '£1.60/each']",1.6,£1.60/each
475,Tesco Cauliflower & Broccoli Florets 400G (M),https://www.tesco.com/groceries/en-GB/products/276775218,1687613815.880864,"['£1.19', '£2.98/kg']",1.19,£2.98/kg
476,Creamfields Low Fat Natural Yogurt 500G,https://www.tesco.com/groceries/en-GB/products/299970292,1687613815.965207,"['£0.35', '£0.07/100g']",0.35,£0.07/100g
477,Woodside Farms Unsmoked Gammon Joint,https://www.tesco.com/groceries/en-GB/products/301832309,1687613816.092333,"['£4.09', '£4.09/kg']",4.09,£4.09/kg
478,Tesco Nectarines Minimum 4 Pack,https://www.tesco.com/groceries/en-GB/products/296057693,1687613816.20642,"['£1.75', '£0.44/each']",1.75,£0.44/each
479,Alpro Junior Growing Up Soya Drink 1Ltr,https://www.tesco.com/groceries/en-GB/products/267438511,1687613816.325142,"['£2.10', '£2.10/litre']",2.1,£2.10/litre
480,Tesco Longlife Unsweetened Soya Milk Alternative 1L,https://www.tesco.com/groceries/en-GB/products/295790361,1687613823.2409332,"['£1.25', '£1.25/litre']",1.25,£1.25/litre
481,Yamas! Authentic Cypriot Halloumi Pdo 200G,https://www.tesco.com/groceries/en-GB/products/314313697,1687613823.319207,"['£2.75', '£13.75/kg']",2.75,£13.75/kg
482,Large Pink Lady Apples Class 1 Loose,https://www.tesco.com/groceries/en-GB/products/251627289,1687613823.400125,"['£0.65', '£3.85/kg']",0.65,£3.85/kg
483,Tesco Large Melton Mowbray Pork Pie 440G,https://www.tesco.com/groceries/en-GB/products/257775754,1687613823.644403,"['£3.50', '£0.80/100g']",3.5,£0.80/100g
484,Tesco Finest 6 Free Range Chestnut Maran Eggs,https://www.tesco.com/groceries/en-GB/products/275399728,1687613823.736107,"['£2.60', '£0.43/each']",2.6,£0.43/each
485,Tesco Finest Italian Burrata 250G,https://www.tesco.com/groceries/en-GB/products/312827121,1687613823.819937,"['£2.75', '£11.00/kg']",2.75,£11.00/kg
486,Quorn Vegan Smoky Ham Free Slice 100G,https://www.tesco.com/groceries/en-GB/products/300544940,1687613823.892595,"['£2.60', '£0.03/kg']",2.6,£0.03/kg
487,Dairylea Cheese Slices 18Pack 369G,https://www.tesco.com/groceries/en-GB/products/313521550,1687613823.9868212,"['£2.50', '£6.78/kg']",2.5,£6.78/kg
488,Jus-Rol Shortcrust Pastry Ready Rolled Sheet 320G,https://www.tesco.com/groceries/en-GB/products/268973059,1687613824.059828,"['£1.75', '£5.47/kg']",1.75,£5.47/kg
489,Tesco Finest 2 Salmon Spinach & Lemon Fishcakes 290G,https://www.tesco.com/groceries/en-GB/products/291817879,1687613824.134877,"['£3.00', '£10.34/kg']",3.0,£10.34/kg
490,T.5 British Pork Oak Smoked Ham 125G,https://www.tesco.com/groceries/en-GB/products/276478386,1687613824.246925,"['£2.25', '£1.80/100g']",2.25,£1.80/100g
491,Cathedral City Mini Mature Nets 120G,https://www.tesco.com/groceries/en-GB/products/288456745,1687613824.343616,"['£2.00', '£16.67/kg']",2.0,£16.67/kg
492,Tesco Smoked Pancetta 2 X 65G,https://www.tesco.com/groceries/en-GB/products/268334344,1687613824.423202,"['£1.90', '£1.46/100g']",1.9,£1.46/100g
493,Petits Filous Apricot & Strawberry Fromage Frais 4X85g,https://www.tesco.com/groceries/en-GB/products/285021026,1687613824.502147,"['£1.85', '£0.54/100g']",1.85,£0.54/100g
494,Rustlers All Day Breakfast Sausage Muffin 155G,https://www.tesco.com/groceries/en-GB/products/300903602,1687613824.576153,"['£1.85', '£11.94/kg']",1.85,£11.94/kg
495,Tesco Chicken Chow Mein 400G,https://www.tesco.com/groceries/en-GB/products/288442341,1687613824.6469061,"['£3.00', '£7.50/kg']",3.0,£7.50/kg
496,Petits Filous Strawberry & Raspberry Fromage Frais 6 X 47G,https://www.tesco.com/groceries/en-GB/products/285019796,1687613824.742517,"['£1.85', '£0.66/100g']",1.85,£0.66/100g
497,Purely Organic 6 Free Range Mixed Weight Eggs,https://www.tesco.com/groceries/en-GB/products/314105045,1687613824.816009,"['£2.70', '£0.45/each']",2.7,£0.45/each
498,Eastman's Sliced Cooked Chicken Tikka 240G,https://www.tesco.com/groceries/en-GB/products/299955443,1687613824.891669,"['£1.99', '£0.83/100g']",1.99,£0.83/100g
499,Alpro Almond No Sugars Chilled Drink 1 Litre,https://www.tesco.com/groceries/en-GB/products/275067782,1687613824.971512,"['£2.10', '£2.10/litre']",2.1,£2.10/litre
500,I Can't Believe It's Not Butter Light Spread 450G,https://www.tesco.com/groceries/en-GB/products/310670792,1687613825.0694132,"['£1.50', '£3.33/kg']",1.5,£3.33/kg
501,Creamfields Mild White Cheddar 400G,https://www.tesco.com/groceries/en-GB/products/302676567,1687613825.138484,"['£2.85', '£7.12/kg']",2.85,£7.12/kg
502,Fresh & Naked Just Lambs Lettuce 60G,https://www.tesco.com/groceries/en-GB/products/267315167,1687613825.2145762,"['£1.20', '£20.00/kg']",1.2,£20.00/kg
503,Onken Mango & Passion Fruit Yogurt 450G,https://www.tesco.com/groceries/en-GB/products/268780385,1687613825.30821,"['£1.95', '£0.43/100g']",1.95,£0.43/100g
504,Tesco Flat Leaf Parsley 100G,https://www.tesco.com/groceries/en-GB/products/257482311,1687613825.401859,"['£1.25', '£0.12/10g']",1.25,£0.12/10g
505,Tesco Shallots Onions 400G,https://www.tesco.com/groceries/en-GB/products/290711055,1687613825.475483,"['£1.30', '£3.25/kg']",1.3,£3.25/kg
506,Tesco Finest Aberdeen Angus Steak Mince 500G,https://www.tesco.com/groceries/en-GB/products/261958659,1687613825.555171,"['£4.90', '£9.80/kg']",4.9,£9.80/kg
507,Big & Fresh Mixed Sized Eggs 6 Pack,https://www.tesco.com/groceries/en-GB/products/253270171,1687613825.655294,"['£1.45', '£0.24/each']",1.45,£0.24/each
508,Tesco Greek Style Yogurt 4 X 100G,https://www.tesco.com/groceries/en-GB/products/283587528,1687613825.731675,"['£1.15', '£0.29/100g']",1.15,£0.29/100g
509,Tesco 16 Spicy Chorizo Slices 80G,https://www.tesco.com/groceries/en-GB/products/285401032,1687613825.8029199,"['£0.92', '£1.15/100g']",0.92,£1.15/100g
510,Tesco Finest 2 Cornfed Free Range Chicken Fillets 270G-470G,https://www.tesco.com/groceries/en-GB/products/292606718,1687613825.873355,"['£4.95', '£16.50/kg']",4.95,£16.50/kg
511,Tesco Mashed Potato 800G,https://www.tesco.com/groceries/en-GB/products/277418278,1687613825.947295,"['£1.60', '£2.00/kg']",1.6,£2.00/kg
512,Creamfields Mild Cheddar 10 Slices 200G,https://www.tesco.com/groceries/en-GB/products/300066653,1687613826.0486588,"['£1.39', '£6.95/kg']",1.39,£6.95/kg
513,T.Cantaloupe Melon Each Class 1,https://www.tesco.com/groceries/en-GB/products/256582085,1687613826.122966,"['£2.00', '£2.00/each']",2.0,£2.00/each
515,Tesco Semi Skimmed Longlife Milk 6X1l,https://www.tesco.com/groceries/en-GB/products/255026297,1687613826.266243,"['£5.80', '£0.97/litre']",5.8,£0.97/litre
516,Tesco Finest Pea & Wiltshire Cured Ham Soup 600G,https://www.tesco.com/groceries/en-GB/products/253751308,1687613826.337193,"['£3.00', '£0.50/100g']",3.0,£0.50/100g
517,Tesco 12 Pork Sausages 681G,https://www.tesco.com/groceries/en-GB/products/265236085,1687613826.409868,"['£3.40', '£4.99/kg']",3.4,£4.99/kg
518,Tesco Finest Roasted Garlic Chicken Kiev With Salted Butter 385G,https://www.tesco.com/groceries/en-GB/products/309198897,1687613826.479254,"['£4.80', '£12.47/kg']",4.8,£12.47/kg
519,Tesco 12 Beef Meatballs 336G,https://www.tesco.com/groceries/en-GB/products/281974465,1687613826.5848188,"['£3.20', '£9.52/kg']",3.2,£9.52/kg
520,Tesco Pork Loin Steaks 960G,https://www.tesco.com/groceries/en-GB/products/304402267,1687613826.6679108,"['£7.00', '£7.29/kg']",7.0,£7.29/kg
521,Tesco Chicken & Bacon Pasta Bake 400G,https://www.tesco.com/groceries/en-GB/products/310675965,1687613826.739629,"['£3.00', '£7.50/kg']",3.0,£7.50/kg
522,Tesco Finest 6 Free Range Bluebell Aurancana Eggs,https://www.tesco.com/groceries/en-GB/products/277393000,1687613826.8372061,"['£2.60', '£0.43/each']",2.6,£0.43/each
523,Tesco Wensleydale & Apricot Cheese 200G,https://www.tesco.com/groceries/en-GB/products/299769928,1687613826.9089851,"['£2.45', '£12.25/kg']",2.45,£12.25/kg
524,Tesco Finest Sliced Cavolo Nero 200G,https://www.tesco.com/groceries/en-GB/products/307134699,1687613826.9856,"['£1.50', '£7.50/kg']",1.5,£7.50/kg
525,Beef Tomatoes Each,https://www.tesco.com/groceries/en-GB/products/254999782,1687613827.066002,"['£0.89', '£0.89/each']",0.89,£0.89/each
526,Oykos Greek Style Blueberry Yogurt 4X115g,https://www.tesco.com/groceries/en-GB/products/293848551,1687613827.136598,"['£2.00', '£0.44/100g']",2.0,£0.44/100g
527,Tesco Finest Sirloin Steak 227G,https://www.tesco.com/groceries/en-GB/products/308495443,1687613827.214274,"['£5.50', '£24.23/kg']",5.5,£24.23/kg
528,Love Beets No Vinegar Pouch Beetroot 280G,https://www.tesco.com/groceries/en-GB/products/303542690,1687613833.224139,"['£1.45', '£5.18/kg']",1.45,£5.18/kg
529,Tesco 50% Less Fat Soft Cheese 200G,https://www.tesco.com/groceries/en-GB/products/303618048,1687613833.3042738,"['£1.30', '£6.50/kg']",1.3,£6.50/kg
530,Finest Echalion Shallots 400G,https://www.tesco.com/groceries/en-GB/products/259098826,1687613833.38554,"['£1.35', '£3.38/kg']",1.35,£3.38/kg
532,Nestle Aero Chocolate Mousse 4 Pack 236G,https://www.tesco.com/groceries/en-GB/products/252857372,1687613833.565613,"['£1.85', '£0.78/100g']",1.85,£0.78/100g
533,Tesco Paneer Cheese 200G,https://www.tesco.com/groceries/en-GB/products/299685318,1687613833.6600032,"['£1.50', '£7.50/kg']",1.5,£7.50/kg
534,Tesco Beetroot Salad 160G,https://www.tesco.com/groceries/en-GB/products/267917077,1687613833.7391481,"['£1.35', '£0.84/100g']",1.35,£0.84/100g
535,Tesco Reduced Fat Sour Cream & Chive Dip 200G,https://www.tesco.com/groceries/en-GB/products/266078609,1687613833.826835,"['£1.20', '£0.60/100g']",1.2,£0.60/100g
536,Tesco Sweet Chilli Houmous 182G,https://www.tesco.com/groceries/en-GB/products/280710699,1687613833.9209511,"['£1.20', '£0.66/100g']",1.2,£0.66/100g
537,Tesco 10 Mild Cheese Slices 200G,https://www.tesco.com/groceries/en-GB/products/254266371,1687613834.013029,"['£1.30', '£6.50/kg']",1.3,£6.50/kg
538,Tesco 2 Beef Medallion Steaks 340G,https://www.tesco.com/groceries/en-GB/products/308079625,1687613834.0866728,"['£4.50', '£13.24/kg']",4.5,£13.24/kg
539,Tesco 100% Squeezed & Pressed Orange & Mango Juice Not From Concentrate 1L,https://www.tesco.com/groceries/en-GB/products/264959141,1687613834.1618838,"['£1.70', '£0.17/100ml']",1.7,£0.17/100ml
540,Stockwell & Co. Soft Spread 500G,https://www.tesco.com/groceries/en-GB/products/300346593,1687613834.234289,"['£0.99', '£1.98/kg']",0.99,£1.98/kg
541,Tesco Ginger 100g,https://www.tesco.com/groceries/en-GB/products/314931777,1687613834.309435,"['£1.20', '£12.00/kg']",1.2,£12.00/kg
542,Tesco 2 Hunters Chicken Breasts 430G,https://www.tesco.com/groceries/en-GB/products/268236846,1687613834.393426,"['£4.40', '£10.23/kg']",4.4,£10.23/kg
544,Tesco Garlic Baguette 205G,https://www.tesco.com/groceries/en-GB/products/307339562,1687613834.559836,"['£1.00', '£0.49/100g']",1.0,£0.49/100g
545,T.100% Pure Pressed Pineapple Juicenfc 1 Litre,https://www.tesco.com/groceries/en-GB/products/276956212,1687613834.631257,"['£1.70', '£0.17/100ml']",1.7,£0.17/100ml
546,Growers Harvest Orange Juice With Bits 1L,https://www.tesco.com/groceries/en-GB/products/300474112,1687613834.701164,"['£0.95', '£0.10/100ml']",0.95,£0.10/100ml
547,Tesco Thin Cut Beef Steaks 395G,https://www.tesco.com/groceries/en-GB/products/308108650,1687613834.771007,"['£3.94', '£9.98/kg']",3.94,£9.98/kg
548,Flora Buttery Spread 1Kg,https://www.tesco.com/groceries/en-GB/products/303260389,1687613834.844096,"['£4.60', '£4.60/kg']",4.6,£4.60/kg
549,Tesco Finest Cottage Pie 400G,https://www.tesco.com/groceries/en-GB/products/279899165,1687613834.9155269,"['£4.25', '£10.62/kg']",4.25,£10.62/kg
550,Tesco Finest Feta Red Pepper & Olive Pizza 405G,https://www.tesco.com/groceries/en-GB/products/313616254,1687613835.014231,"['£4.75', '£1.17/100g']",4.75,£1.17/100g
551,Tesco Finest Unsmoked Wiltshire Cured Bacon 240G,https://www.tesco.com/groceries/en-GB/products/259703288,1687613835.10893,"['£3.50', '£14.58/kg']",3.5,£14.58/kg
552,Tesco Finest Smoked Wiltshire Cured Bacon 240G,https://www.tesco.com/groceries/en-GB/products/259703198,1687613835.181526,"['£3.50', '£14.58/kg']",3.5,£14.58/kg
553,Jus-Rol Pains Au Chocolat Dough 6 Pack 275G,https://www.tesco.com/groceries/en-GB/products/273798639,1687613835.25529,"['£2.30', '£0.84/100g']",2.3,£0.84/100g
554,Lurpak Slightly Salted Spreadable 250G,https://www.tesco.com/groceries/en-GB/products/252581962,1687613835.328867,"['£3.00', '£12.00/kg']",3.0,£12.00/kg
555,Tesco 2 Boneless Sea Bass Fillets 180G,https://www.tesco.com/groceries/en-GB/products/310154741,1687613835.402909,"['£4.25', '£23.61/kg']",4.25,£23.61/kg
556,Jus-Rol Cinnamon Swirls Dough 6 Pack 270G,https://www.tesco.com/groceries/en-GB/products/280988358,1687613835.470637,"['£2.30', '£8.52/kg']",2.3,£8.52/kg
557,Tesco British Brie 160G,https://www.tesco.com/groceries/en-GB/products/309188955,1687613835.544387,"['£2.25', '£14.06/kg']",2.25,£14.06/kg
558,Tesco Finest Cooked Jumbo King Prawns 150G,https://www.tesco.com/groceries/en-GB/products/301795306,1687613835.6210089,"['£4.20', '£28.00/kg']",4.2,£28.00/kg
559,Cecile's Cuisine 16 Cocktail Blinis 135G,https://www.tesco.com/groceries/en-GB/products/309753753,1687613835.6921542,"['£2.20', '£1.63/100g']",2.2,£1.63/100g
560,Tesco Fresh Lasagne Sheets 250G,https://www.tesco.com/groceries/en-GB/products/303732718,1687613835.762018,"['£1.60', '£6.40/kg']",1.6,£6.40/kg
562,Danone Oykos Peach Greek Style Yogurt 4X110g,https://www.tesco.com/groceries/en-GB/products/273627808,1687613835.913394,"['£2.00', '£0.46/100g']",2.0,£0.46/100g
563,Primula Original Cheese Tube 140G,https://www.tesco.com/groceries/en-GB/products/310187258,1687613835.998382,"['£1.85', '£13.21/kg']",1.85,£13.21/kg
564,Tesco Thin & Crispy Cheese Feast Pizza 261G,https://www.tesco.com/groceries/en-GB/products/297662591,1687613836.070737,"['£1.95', '£0.75/100g']",1.95,£0.75/100g
565,Tesco Mild 10 Cheddar Slices 250G,https://www.tesco.com/groceries/en-GB/products/264156296,1687613836.146668,"['£2.75', '£11.00/kg']",2.75,£11.00/kg
566,Cheestrings Cheddar 4 Pack 80G,https://www.tesco.com/groceries/en-GB/products/273197498,1687613836.248477,"['£1.75', '£21.88/kg']",1.75,£21.88/kg
567,Tesco Finest Raspberries 150G,https://www.tesco.com/groceries/en-GB/products/287377771,1687613836.325826,"['£2.50', '£16.67/kg']",2.5,£16.67/kg
568,Tesco Beef Casserole & Dumplings 400G,https://www.tesco.com/groceries/en-GB/products/310691147,1687613836.396404,"['£3.00', '£7.50/kg']",3.0,£7.50/kg
570,Tesco 100% Pure Not From Concentrate Squeezed Juice Clementine 1L,https://www.tesco.com/groceries/en-GB/products/277805154,1687613836.5801039,"['£1.70', '£0.17/100ml']",1.7,£0.17/100ml
571,Tesco Edam Slices 250G,https://www.tesco.com/groceries/en-GB/products/299912552,1687613836.652304,"['£2.75', '£11.00/kg']",2.75,£11.00/kg
572,Tesco Finest Sweet Pointed Peppers 220G,https://www.tesco.com/groceries/en-GB/products/251298216,1687613836.748477,"['£1.60', '£7.27/kg']",1.6,£7.27/kg
573,Tesco Olive Spread 500G,https://www.tesco.com/groceries/en-GB/products/257258670,1687613836.826442,"['£1.40', '£2.80/kg']",1.4,£2.80/kg
574,Tesco Beansprouts 300G,https://www.tesco.com/groceries/en-GB/products/290981552,1687613836.896493,"['£0.75', '£2.50/kg']",0.75,£2.50/kg
575,Dairylea Cheese Slices 8 Pack 164G,https://www.tesco.com/groceries/en-GB/products/312580707,1687613836.988933,"['£1.45', '£8.84/kg']",1.45,£8.84/kg
576,Tesco British Chicken Legs 1Kg,https://www.tesco.com/groceries/en-GB/products/285210436,1687613843.769103,"['£2.50', '£2.50/kg']",2.5,£2.50/kg
577,Tesco Filtered Whole Milk 2 Litre,https://www.tesco.com/groceries/en-GB/products/253732988,1687613843.847378,"['£1.90', '£0.95/litre']",1.9,£0.95/litre
578,Don Simon Mango & Passion Fruit Juice Drink 1.5Ltr,https://www.tesco.com/groceries/en-GB/products/306802758,1687613843.9386618,"['£1.25', '£0.08/100ml']",1.25,£0.08/100ml
579,T.Growing Salad Cress Punnet Each,https://www.tesco.com/groceries/en-GB/products/253892828,1687613844.014056,"['£0.40', '£0.40/each']",0.4,£0.40/each
580,Tesco Butterhead Lettuce,https://www.tesco.com/groceries/en-GB/products/310693807,1687613844.093696,"['£0.65', '£0.65/each']",0.65,£0.65/each
581,Tesco 2 Belgian Chocolate Eclairs,https://www.tesco.com/groceries/en-GB/products/254985769,1687613844.168562,"['£0.85', '£0.42/each']",0.85,£0.42/each
582,Tesco Finest Italian Sharing Platter 325G,https://www.tesco.com/groceries/en-GB/products/313841948,1687613844.2433028,"['£8.00', '£24.62/kg']",8.0,£24.62/kg
583,Cypressa Italian Inspired Antipasti Platter 362G,https://www.tesco.com/groceries/en-GB/products/313623631,1687613844.318239,"['£7.00', '£19.34/kg']",7.0,£19.34/kg
584,Pizza Express American Pizza 250G,https://www.tesco.com/groceries/en-GB/products/261385173,1687613844.392811,"['£5.50', '£2.20/100g']",5.5,£2.20/100g
585,Muller Light Red Fruit Assorted Fat Free Yogurt 6X140g,https://www.tesco.com/groceries/en-GB/products/311935766,1687613844.4636512,"['£3.50', '£0.42/100g']",3.5,£0.42/100g
586,Activia Peach No Added Sugar Yogurt 4X115g,https://www.tesco.com/groceries/en-GB/products/308090229,1687613844.538377,"['£2.50', '£0.54/100g']",2.5,£0.54/100g
587,Activia Strawberry No Added Sugar Yogurt 4 X 115G,https://www.tesco.com/groceries/en-GB/products/308113849,1687613844.614314,"['£2.50', '£0.54/100g']",2.5,£0.54/100g
588,Tesco Strawberry Trifle 600G,https://www.tesco.com/groceries/en-GB/products/254154653,1687613844.687537,"['£3.00', '£0.50/100g']",3.0,£0.50/100g
589,Tesco 2 Chicken Breast Garlic Kievs 375G,https://www.tesco.com/groceries/en-GB/products/250057066,1687613844.7600188,"['£4.00', '£10.67/kg']",4.0,£10.67/kg
590,Tesco Red Leicester Cheese 220G,https://www.tesco.com/groceries/en-GB/products/300257842,1687613844.839722,"['£2.45', '£11.14/kg']",2.45,£11.14/kg
591,Richmond 12 Thin Pork Sausages 340G,https://www.tesco.com/groceries/en-GB/products/254274712,1687613844.912477,"['£2.25', '£6.62/kg']",2.25,£6.62/kg
592,Tesco Farmhouse Pate With Mushrooms 200G,https://www.tesco.com/groceries/en-GB/products/300117818,1687613844.983841,"['£1.75', '£0.88/100g']",1.75,£0.88/100g
593,Tesco Feta Stuffed Peppers 145G,https://www.tesco.com/groceries/en-GB/products/273423174,1687613845.056709,"['£2.65', '£1.83/100g']",2.65,£1.83/100g
594,Alpro Oat No Sugars Chilled Drink 1 Litre,https://www.tesco.com/groceries/en-GB/products/302565353,1687613845.153537,"['£2.10', '£2.10/litre']",2.1,£2.10/litre
595,Tesco Finest 14 Month Parma Ham 78G,https://www.tesco.com/groceries/en-GB/products/295981947,1687613845.24993,"['£2.95', '£3.78/100g']",2.95,£3.78/100g
596,Tesco Finest Charred Topside Beef 90G,https://www.tesco.com/groceries/en-GB/products/312228513,1687613845.356286,"['£3.25', '£3.61/100g']",3.25,£3.61/100g
597,Tesco 20 Chicken Poppers 200G,https://www.tesco.com/groceries/en-GB/products/289819678,1687613845.4490619,"['£2.20', '£1.10/100g']",2.2,£1.10/100g
598,Lindahls Kvarg Raspberry 150G Pot,https://www.tesco.com/groceries/en-GB/products/301253516,1687613845.544041,"['£1.25', '£0.83/100g']",1.25,£0.83/100g
599,Muller Light Greek Style Lemon Yogurt 4X115g,https://www.tesco.com/groceries/en-GB/products/311681512,1687613845.63947,"['£2.50', '£0.54/100g']",2.5,£0.54/100g
600,Tesco Apple & Mango Juice Not From Concentrate 1 Litre,https://www.tesco.com/groceries/en-GB/products/276956454,1687613845.7360299,"['£1.70', '£0.17/100ml']",1.7,£0.17/100ml
601,Tesco Skimmed Milk 568Ml/1 Pint,https://www.tesco.com/groceries/en-GB/products/251314095,1687613845.8097868,"['£0.90', '£1.58/litre']",0.9,£1.58/litre
603,Tesco Finest Roast Turkey Breast 125G,https://www.tesco.com/groceries/en-GB/products/296071030,1687613845.977398,"['£3.25', '£2.60/100g']",3.25,£2.60/100g
604,Cathedral City Dip & Go 60G,https://www.tesco.com/groceries/en-GB/products/286455778,1687613846.087859,"['£1.25', '£20.83/kg']",1.25,£20.83/kg
606,Tesco Perfectly Ripe Conference Minimum 4 Pack Pear,https://www.tesco.com/groceries/en-GB/products/284475129,1687613846.2437801,"['£2.10', '£0.52/each']",2.1,£0.52/each
607,Tesco British Pork Lunch Tongue 125G,https://www.tesco.com/groceries/en-GB/products/276491997,1687613846.316403,"['£2.25', '£1.80/100g']",2.25,£1.80/100g
608,Tesco Dill 20G,https://www.tesco.com/groceries/en-GB/products/304404478,1687613846.423541,"['£0.60', '£0.30/10g']",0.6,£0.30/10g
610,Tesco Stewing Steak 400G,https://www.tesco.com/groceries/en-GB/products/308094727,1687613846.591122,"['£3.50', '£8.75/kg']",3.5,£8.75/kg
611,Tesco Galia Melon Each Class 1,https://www.tesco.com/groceries/en-GB/products/254385356,1687613846.668672,"['£2.00', '£2.00/each']",2.0,£2.00/each
612,Tesco Cherries Punnet 200G,https://www.tesco.com/groceries/en-GB/products/266291241,1687613846.751819,"['£2.00', '£10.00/kg']",2.0,£10.00/kg
613,Cypressa Greek Inspired Meze Platter 364G,https://www.tesco.com/groceries/en-GB/products/313836638,1687613846.849782,"['£7.00', '£19.23/kg']",7.0,£19.23/kg
614,Activia Low Fat Yogurt Raspberry & Chia Muesli 165G,https://www.tesco.com/groceries/en-GB/products/305959319,1687613846.9236631,"['£1.50', '£0.91/100g']",1.5,£0.91/100g
615,Tesco Le Roule Full Fat Garlic And Herb 150G,https://www.tesco.com/groceries/en-GB/products/260810486,1687613847.044162,"['£2.20', '£14.67/kg']",2.2,£14.67/kg
616,Tesco Finest 12 Beef & Herb Meatballs 336G,https://www.tesco.com/groceries/en-GB/products/282025194,1687613847.129725,"['£3.50', '£10.42/kg']",3.5,£10.42/kg
617,Tesco Halkidiki Olives Stuffed With Garlic 160G,https://www.tesco.com/groceries/en-GB/products/268020266,1687613847.206496,"['£2.65', '£1.66/100g']",2.65,£1.66/100g
618,Tesco Yorkshire Puddings 6 Pack 180G,https://www.tesco.com/groceries/en-GB/products/299344469,1687613847.302521,"['£2.10', '£1.17/100g']",2.1,£1.17/100g
619,Tesco Finest 12 Cumberland Chipolata 375G,https://www.tesco.com/groceries/en-GB/products/251039075,1687613847.3901708,"['£3.25', '£8.67/kg']",3.25,£8.67/kg
620,Tesco Smoked Salmon 100g,https://www.tesco.com/groceries/en-GB/products/314583520,1687613847.491631,"['£3.50', '£3.50/100g']",3.5,£3.50/100g
622,Rymer Farm Eggs Large Free Range 6 Eggs,https://www.tesco.com/groceries/en-GB/products/280418591,1687613847.691133,"['£2.60', '£0.43/each']",2.6,£0.43/each
623,Cathedral City Matured Sliced 150G,https://www.tesco.com/groceries/en-GB/products/277969011,1687613847.7619898,"['£2.40', '£16.00/kg']",2.4,£16.00/kg
624,Tesco 4 Scotch Eggs 454G,https://www.tesco.com/groceries/en-GB/products/254606808,1687613853.345498,"['£2.15', '£0.47/100g']",2.15,£0.47/100g
625,Pukka Chicken & Mushroom Pie,https://www.tesco.com/groceries/en-GB/products/304416019,1687613853.425793,"['£2.00', '£2.00/each']",2.0,£2.00/each
626,Tesco Finest 5% Aberdeen Angus Steak Mince 500G,https://www.tesco.com/groceries/en-GB/products/309452019,1687613853.5081532,"['£4.65', '£9.30/kg']",4.65,£9.30/kg
627,Ski Variety Fruit Yogurt 4X120g,https://www.tesco.com/groceries/en-GB/products/262042883,1687613853.588785,"['£1.45', '£0.30/100g']",1.45,£0.30/100g
628,Tesco Organic Brown Onion 750G,https://www.tesco.com/groceries/en-GB/products/268597343,1687613853.663693,"['£1.50', '£2.00/kg']",1.5,£2.00/kg
629,New Tahira Chicken Mortadella With Paprika 200G,https://www.tesco.com/groceries/en-GB/products/254858713,1687613853.745101,"['£1.45', '£0.72/100g']",1.45,£0.72/100g
630,Tesco Raspberry Trifles 405G (3X135g),https://www.tesco.com/groceries/en-GB/products/304373634,1687613853.816999,"['£2.00', '£0.49/100g']",2.0,£0.49/100g
631,Tesco Pomegranate Seeds 80G,https://www.tesco.com/groceries/en-GB/products/273888602,1687613853.891027,"['£1.25', '£15.62/kg']",1.25,£15.62/kg
632,Yeo Valley Natural Yogurt 150G,https://www.tesco.com/groceries/en-GB/products/251791087,1687613853.962497,"['£0.85', '£0.57/100g']",0.85,£0.57/100g
633,Arla Skyr Natural 450G,https://www.tesco.com/groceries/en-GB/products/287960541,1687613854.034233,"['£1.75', '£0.39/100g']",1.75,£0.39/100g
634,Ms Mollys Toffee Layered Dessert 100G,https://www.tesco.com/groceries/en-GB/products/302064479,1687613854.132554,"['£0.75', '£0.75/100g']",0.75,£0.75/100g
635,Tesco Mixed Vegetables 225G,https://www.tesco.com/groceries/en-GB/products/293905363,1687613854.2131772,"['£1.60', '£7.11/kg']",1.6,£7.11/kg
636,Eastman's Houmous 200G,https://www.tesco.com/groceries/en-GB/products/310177161,1687613854.312027,"['£0.89', '£0.44/100g']",0.89,£0.44/100g
637,Tesco Stonebaked Spicy Meat Feast Pizza 305G,https://www.tesco.com/groceries/en-GB/products/303776096,1687613854.390944,"['£3.50', '£1.15/100g']",3.5,£1.15/100g
638,Rustlers The Essential Cheeseburger 172G,https://www.tesco.com/groceries/en-GB/products/312228375,1687613854.4914079,"['£1.40', '£8.14/kg']",1.4,£8.14/kg
639,Tesco Cauliflower Cheese 600G,https://www.tesco.com/groceries/en-GB/products/262585793,1687613854.564684,"['£2.40', '£4.00/kg']",2.4,£4.00/kg
640,Woodside Farms 8 Pork Sausages 454G,https://www.tesco.com/groceries/en-GB/products/309169206,1687613854.6615171,"['£1.50', '£3.30/kg']",1.5,£3.30/kg
641,Tesco Organic Strawberries 300G,https://www.tesco.com/groceries/en-GB/products/272254714,1687613854.738765,"['£2.50', '£8.33/kg']",2.5,£8.33/kg
642,Growers Harvest Orange Juice Drink No Added Sugar 1Litre,https://www.tesco.com/groceries/en-GB/products/301219512,1687613854.811126,"['£0.69', '£0.07/100ml']",0.69,£0.07/100ml
643,Tesco Fresh Egg Custard Tarts 2 Pack,https://www.tesco.com/groceries/en-GB/products/257471105,1687613854.884452,"['£0.85', '£0.42/each']",0.85,£0.42/each
644,Tesco Corn On The Cob Twinpack,https://www.tesco.com/groceries/en-GB/products/253555825,1687613854.960688,"['£1.35', '£0.68/each']",1.35,£0.68/each
645,Tesco Cream & Strawberry Jam Doughnuts 2 Pack,https://www.tesco.com/groceries/en-GB/products/254985809,1687613855.036551,"['£0.85', '£0.42/each']",0.85,£0.42/each
646,Tesco Finest Vintage Cheddar 300G,https://www.tesco.com/groceries/en-GB/products/294174009,1687613855.111499,"['£3.80', '£12.67/kg']",3.8,£12.67/kg
647,Alpro Long Life Oat Drink 1 Litre,https://www.tesco.com/groceries/en-GB/products/280832278,1687613855.192749,"['£2.10', '£2.10/litre']",2.1,£2.10/litre
648,Heck 6 97% Pork Sausages 400G,https://www.tesco.com/groceries/en-GB/products/277643857,1687613855.271931,"['£3.25', '£8.12/kg']",3.25,£8.12/kg
649,Heck Chicken 10 Italia Sausages 340G,https://www.tesco.com/groceries/en-GB/products/281137408,1687613855.34465,"['£3.25', '£9.56/kg']",3.25,£9.56/kg
650,Takul Halal Meat Feast Stonebake Pizza 340G,https://www.tesco.com/groceries/en-GB/products/312562053,1687613855.418497,"['£4.00', '£1.18/100g']",4.0,£1.18/100g
651,Tesco 30% Reduced Fat Mature Cheese 400G,https://www.tesco.com/groceries/en-GB/products/305960099,1687613855.50895,"['£3.40', '£8.50/kg']",3.4,£8.50/kg
652,Tesco Finest 20 Mini Meatballs 336G,https://www.tesco.com/groceries/en-GB/products/286694229,1687613855.588468,"['£3.50', '£10.42/kg']",3.5,£10.42/kg
653,Big & Free Large Free Range Eggs 6 Pack,https://www.tesco.com/groceries/en-GB/products/312586641,1687613855.665139,"['£2.00', '£0.33/each']",2.0,£0.33/each
654,Tesco Cottage Pie 400G,https://www.tesco.com/groceries/en-GB/products/310103641,1687613855.7443001,"['£3.00', '£7.50/kg']",3.0,£7.50/kg
655,Tesco Finest Lemon Curd Yogurt 150G,https://www.tesco.com/groceries/en-GB/products/309788959,1687613855.845301,"['£0.95', '£0.63/100g']",0.95,£0.63/100g
656,Tesco Spaghetti Carbonara 400G,https://www.tesco.com/groceries/en-GB/products/310670861,1687613855.923983,"['£3.00', '£7.50/kg']",3.0,£7.50/kg
658,Jus-Rol Puff Pastry Block 500G,https://www.tesco.com/groceries/en-GB/products/259728007,1687613856.108483,"['£1.60', '£3.20/kg']",1.6,£3.20/kg
659,Tesco Vegetable Stir Fry 320G,https://www.tesco.com/groceries/en-GB/products/301226624,1687613856.188302,"['£1.55', '£4.84/kg']",1.55,£4.84/kg
660,Cravendale Whole Milk 1 Litre,https://www.tesco.com/groceries/en-GB/products/276606921,1687613856.2896159,"['£1.60', '£1.60/litre']",1.6,£1.60/litre
661,Tesco Finest Strong And Robust Scottish Smoked Salmon 100G,https://www.tesco.com/groceries/en-GB/products/314306078,1687613856.3915489,"['£4.50', '£4.50/100g']",4.5,£4.50/100g
662,Frubes Strawberry Yogurts 9X37g,https://www.tesco.com/groceries/en-GB/products/302328963,1687613856.480748,"['£2.25', '£0.68/100g']",2.25,£0.68/100g
663,Tesco Cut Chives 20G,https://www.tesco.com/groceries/en-GB/products/304796979,1687613856.608553,"['£1.00', '£0.50/10g']",1.0,£0.50/10g
664,Lindahls Kvarg Vanilla 150G Pot,https://www.tesco.com/groceries/en-GB/products/301253499,1687613856.690797,"['£1.25', '£0.83/100g']",1.25,£0.83/100g
665,Tesco Cheddar & Onion Quiche 400G,https://www.tesco.com/groceries/en-GB/products/288017315,1687613856.794247,"['£2.50', '£0.62/100g']",2.5,£0.62/100g
666,Tesco British Lamb Mince 20% Fat 500G,https://www.tesco.com/groceries/en-GB/products/261941310,1687613856.86836,"['£5.10', '£10.20/kg']",5.1,£10.20/kg
667,Tesco Tagliatelle Nests 300G,https://www.tesco.com/groceries/en-GB/products/299829075,1687613856.947022,"['£1.25', '£4.17/kg']",1.25,£4.17/kg
668,Tesco Breaded Chunky Cod Fillets 350G,https://www.tesco.com/groceries/en-GB/products/271523387,1687613857.01824,"['£3.95', '£11.29/kg']",3.95,£11.29/kg
669,Tesco 4 Belgian Chocolate Eclairs,https://www.tesco.com/groceries/en-GB/products/251111323,1687613857.113264,"['£1.60', '£0.40/each']",1.6,£0.40/each
670,Tesco Buttery Spread 500G,https://www.tesco.com/groceries/en-GB/products/251063638,1687613857.2085729,"['£1.10', '£2.20/kg']",1.1,£2.20/kg
671,Tesco British Pastrami Slices 100G,https://www.tesco.com/groceries/en-GB/products/299957350,1687613857.281355,"['£2.25', '£2.25/100g']",2.25,£2.25/100g
672,Tesco Boneless Salmon Fillet 130G,https://www.tesco.com/groceries/en-GB/products/297186912,1687613863.6436281,"['£2.95', '£22.69/kg']",2.95,£22.69/kg
673,Tesco Crispy Sweet Potato Fries 300G,https://www.tesco.com/groceries/en-GB/products/299927310,1687613863.72414,"['£2.25', '£7.50/kg']",2.25,£7.50/kg
674,Willow Farm Chicken Thighs 900G - 1.2Kg,https://www.tesco.com/groceries/en-GB/products/304780797,1687613863.8300319,"['£2.99', '£2.85/kg']",2.99,£2.85/kg
675,Tesco Organic Broccoli 335G,https://www.tesco.com/groceries/en-GB/products/308490402,1687613863.928894,"['£1.10', '£3.28/kg']",1.1,£3.28/kg
676,Tesco Sliced Chorizo Sausage 150G,https://www.tesco.com/groceries/en-GB/products/273429784,1687613864.004703,"['£1.24', '£0.83/100g']",1.24,£0.83/100g
677,Tesco Blackberries 150G,https://www.tesco.com/groceries/en-GB/products/287377189,1687613864.0795991,"['£2.30', '£15.33/kg']",2.3,£15.33/kg
678,Tesco Persimmons Minimum 3 Pack,https://www.tesco.com/groceries/en-GB/products/271531711,1687613864.1510441,"['£1.25', '£0.42/each']",1.25,£0.42/each
679,Hearty Food Co Cheese & Ham Pizza 124G,https://www.tesco.com/groceries/en-GB/products/299598018,1687613864.2227788,"['£0.65', '£0.52/100g']",0.65,£0.52/100g
680,Tesco Large Pork Shoulder Joint,https://www.tesco.com/groceries/en-GB/products/259541778,1687613864.299146,"['£9.75', '£5.00/kg']",9.75,£5.00/kg
681,Tesco Lamb Half Leg Joint,https://www.tesco.com/groceries/en-GB/products/256531152,1687613864.3747368,"['£14.56', '£14.00/kg']",14.56,£14.00/kg
682,Alpro Soya No Sugars Long Life Drink 1L,https://www.tesco.com/groceries/en-GB/products/253178655,1687613864.451075,"['£2.10', '£2.10/litre']",2.1,£2.10/litre
683,Franco Manca Margarita With Pesto Sourdough Pizza 412G,https://www.tesco.com/groceries/en-GB/products/314121296,1687613864.534872,"['£5.75', '£1.40/100g']",5.75,£1.40/100g
684,Activia Yogurt Strawberry & Mixed Fruit 8X115g,https://www.tesco.com/groceries/en-GB/products/308094369,1687613864.609524,"['£4.00', '£0.44/100g']",4.0,£0.44/100g
685,Tesco Finest La Rustica Sausage Butternut Squash Pizza 467G,https://www.tesco.com/groceries/en-GB/products/313597920,1687613864.684525,"['£5.75', '£1.23/100g']",5.75,£1.23/100g
686,Anchor Spreadable Big Pack 750G,https://www.tesco.com/groceries/en-GB/products/305963643,1687613864.7578938,"['£5.85', '£7.80/kg']",5.85,£7.80/kg
687,Activia No Added Sugar Vanilla Yogurt 4X115g,https://www.tesco.com/groceries/en-GB/products/307745501,1687613864.834987,"['£2.50', '£0.54/100g']",2.5,£0.54/100g
689,Blue Diamond Almond Breeze Unsweetened Drink 1L,https://www.tesco.com/groceries/en-GB/products/273706064,1687613864.974127,"['£1.75', '£1.75/litre']",1.75,£1.75/litre
690,Clover Original Spread 1Kg,https://www.tesco.com/groceries/en-GB/products/254263702,1687613865.0751941,"['£4.00', '£4.00/kg']",4.0,£4.00/kg
691,Tesco Walnuts 200G,https://www.tesco.com/groceries/en-GB/products/296546961,1687613865.169228,"['£2.75', '£13.75/kg']",2.75,£13.75/kg
692,Tesco Finest 2 Thick Whole Slices Roast Ham 125G,https://www.tesco.com/groceries/en-GB/products/307351425,1687613865.240902,"['£3.25', '£2.60/100g']",3.25,£2.60/100g
694,Tesco Tomato Juice 1 Litre,https://www.tesco.com/groceries/en-GB/products/257983254,1687613865.409051,"['£1.15', '£0.12/100ml']",1.15,£0.12/100ml
695,Tesco Pancetta Cubes 130G,https://www.tesco.com/groceries/en-GB/products/268380708,1687613865.504082,"['£1.90', '£1.46/100g']",1.9,£1.46/100g
696,Lactofree Mature Cheddar Cheese 200G,https://www.tesco.com/groceries/en-GB/products/283788008,1687613865.578793,"['£2.50', '£12.50/kg']",2.5,£12.50/kg
697,Lindahls Kvarg White Chocolate 150G,https://www.tesco.com/groceries/en-GB/products/306953849,1687613865.661864,"['£1.25', '£0.83/100g']",1.25,£0.83/100g
698,Tesco 30% Reduced Fat Mature Cheese Slices 250G,https://www.tesco.com/groceries/en-GB/products/266499192,1687613865.773361,"['£2.75', '£11.00/kg']",2.75,£11.00/kg
699,Ocean Spray Cranberry Classic Light Juice Drink 1 Litre,https://www.tesco.com/groceries/en-GB/products/252648579,1687613865.876122,"['£1.75', '£0.18/100ml']",1.75,£0.18/100ml
700,Tesco Finest Sweet Mini Peppers 220G,https://www.tesco.com/groceries/en-GB/products/307346023,1687613865.9604218,"['£1.65', '£7.50/kg']",1.65,£7.50/kg
701,Seriously Strong Cheddar Cheese Spreadable 125G,https://www.tesco.com/groceries/en-GB/products/258805200,1687613866.0390751,"['£1.58', '£12.64/kg']",1.58,£12.64/kg
702,Tesco Finest Mature Blue Stilton 180G,https://www.tesco.com/groceries/en-GB/products/302308682,1687613866.120407,"['£2.50', '£13.89/kg']",2.5,£13.89/kg
703,Elmlea Plant Double Alternative To Cream 250Ml,https://www.tesco.com/groceries/en-GB/products/310107207,1687613866.222615,"['£1.25', '£0.50/100ml']",1.25,£0.50/100ml
704,Tesco Chocolate Flavoured Milk 1L,https://www.tesco.com/groceries/en-GB/products/310152607,1687613866.298892,"['£1.25', '£0.12/100ml']",1.25,£0.12/100ml
705,Tesco 0% Fat Greek Style Yogurt 1Kg,https://www.tesco.com/groceries/en-GB/products/303631204,1687613866.3812659,"['£1.95', '£0.20/100g']",1.95,£0.20/100g
706,Tesco Aioli Dip 200G,https://www.tesco.com/groceries/en-GB/products/296455884,1687613866.457579,"['£1.20', '£0.60/100g']",1.2,£0.60/100g
707,Arla Protein Passion Fruit & Papaya 200G,https://www.tesco.com/groceries/en-GB/products/293860633,1687613866.565633,"['£1.25', '£0.62/100g']",1.25,£0.62/100g
708,Tesco 4 Breaded Chicken Steaks 505G,https://www.tesco.com/groceries/en-GB/products/264567506,1687613866.6778429,"['£3.60', '£7.13/kg']",3.6,£7.13/kg
709,Danone Actimel Strawberry Drink 12X100g,https://www.tesco.com/groceries/en-GB/products/257720163,1687613866.760788,"['£4.50', '£0.38/100g']",4.5,£0.38/100g
710,Tesco Mixed Nuts 200G,https://www.tesco.com/groceries/en-GB/products/266375033,1687613866.865458,"['£2.75', '£13.75/kg']",2.75,£13.75/kg
711,Tesco Finest Roast Chicken & Pancetta Bake 400G,https://www.tesco.com/groceries/en-GB/products/267266846,1687613866.949294,"['£4.25', '£10.62/kg']",4.25,£10.62/kg
712,British Goats Cheese 125G,https://www.tesco.com/groceries/en-GB/products/258061140,1687613867.071549,"['£2.40', '£19.20/kg']",2.4,£19.20/kg
713,Tesco Coriander Bunches 150G,https://www.tesco.com/groceries/en-GB/products/254948175,1687613867.151443,"['£2.10', '£0.14/10g']",2.1,£0.14/10g
714,Tesco 30% Reduced Fat Extra Mature Cheese 400G,https://www.tesco.com/groceries/en-GB/products/305960554,1687613867.220531,"['£3.40', '£8.50/kg']",3.4,£8.50/kg
715,Flora Plant Butter Salted 250G,https://www.tesco.com/groceries/en-GB/products/306944307,1687613867.290903,"['£2.00', '£8.00/kg']",2.0,£8.00/kg
716,Premier Deli Roasted Turkey Breast Slices 125G,https://www.tesco.com/groceries/en-GB/products/314691737,1687613867.38565,"['£2.25', '£1.80/100g']",2.25,£1.80/100g
717,Tesco 12 Pork Chipolatas Chipolatas 375G,https://www.tesco.com/groceries/en-GB/products/308082632,1687613867.456266,"['£2.50', '£6.67/kg']",2.5,£6.67/kg
718,Castello Pineapple Halo 125G,https://www.tesco.com/groceries/en-GB/products/251888083,1687613867.526438,"['£2.10', '£16.80/kg']",2.1,£16.80/kg
719,New Covent Garden Soup Co Classic Chicken Soup 560G,https://www.tesco.com/groceries/en-GB/products/307739699,1687613867.6052039,"['£2.00', '£0.36/100g']",2.0,£0.36/100g
720,Tesco Finest Ploughmans Pate 200G,https://www.tesco.com/groceries/en-GB/products/313608310,1687613873.388556,"['£2.75', '£1.38/100g']",2.75,£1.38/100g
721,Najma Halal Bear Turkey Slices 90G,https://www.tesco.com/groceries/en-GB/products/312720235,1687613873.4996312,"['£1.70', '£1.89/100g']",1.7,£1.89/100g
723,Innocent Tropical Juice 900Ml,https://www.tesco.com/groceries/en-GB/products/272488576,1687613873.657737,"['£3.00', '£0.33/100ml']",3.0,£0.33/100ml
724,Tesco Finest Reserve Swiss Gruyere 195G,https://www.tesco.com/groceries/en-GB/products/260655103,1687613873.7538471,"['£3.80', '£19.49/kg']",3.8,£19.49/kg
725,Yeo Kefir Natural Organic Yogurt 350G,https://www.tesco.com/groceries/en-GB/products/302218990,1687613873.84956,"['£1.70', '£0.49/100g']",1.7,£0.49/100g
726,Wildlife Choobs Strawberry 6X37g,https://www.tesco.com/groceries/en-GB/products/310152841,1687613873.948338,"['£1.20', '£0.54/100g']",1.2,£0.54/100g
727,Tesco 100% Pure Squeezed Breakfast Juice Not From Concentrate 1 Litre,https://www.tesco.com/groceries/en-GB/products/278993187,1687613874.019074,"['£1.70', '£0.17/100ml']",1.7,£0.17/100ml
728,Tesco Vegetable And Beansprout Stir Fry 570G,https://www.tesco.com/groceries/en-GB/products/311268985,1687613874.0934348,"['£1.50', '£2.63/kg']",1.5,£2.63/kg
729,Tesco Beef Fillet Steak 170G,https://www.tesco.com/groceries/en-GB/products/300400644,1687613874.1963599,"['£6.00', '£35.29/kg']",6.0,£35.29/kg
730,Loose Closed Cup Mushrooms,https://www.tesco.com/groceries/en-GB/products/253560219,1687613874.269262,"['£0.06', '£3.13/kg']",0.06,£3.13/kg
731,Tesco 2 Pack Steak Slices 300G,https://www.tesco.com/groceries/en-GB/products/293740303,1687613874.34891,"['£2.10', '£0.70/100g']",2.1,£0.70/100g
732,Seachill Cooked& Peeled Cold Water Prawns 150G,https://www.tesco.com/groceries/en-GB/products/307159688,1687613874.447755,"['£2.19', '£1.46/100g']",2.19,£1.46/100g
733,Tesco Flat Nectarines Minimum 4 Pack,https://www.tesco.com/groceries/en-GB/products/268663036,1687613874.529741,"['£1.50', '£0.38/each']",1.5,£0.38/each
734,Tesco Fine Beans & Tenderstem Broccoli 210G,https://www.tesco.com/groceries/en-GB/products/282151147,1687613874.602894,"['£2.25', '£10.71/kg']",2.25,£10.71/kg
735,Suntrail Farms Ripen At Home Nectarine M/Mum4,https://www.tesco.com/groceries/en-GB/products/292275515,1687613874.699677,"['£1.49', '£0.37/each']",1.49,£0.37/each
736,Tesco Beef Ribeye Steak 227G,https://www.tesco.com/groceries/en-GB/products/300400621,1687613874.7774458,"['£5.35', '£23.57/kg']",5.35,£23.57/kg
737,Eastman's Cooked Beef Slices 125G,https://www.tesco.com/groceries/en-GB/products/299927673,1687613874.8467999,"['£0.92', '£0.74/100g']",0.92,£0.74/100g
738,Tesco 4 Ready To Eat Roast Chicken Breasts 485G,https://www.tesco.com/groceries/en-GB/products/264465402,1687613874.919467,"['£5.85', '£1.21/100g']",5.85,£1.21/100g
739,Alpro Original Longlife Soya Drink Alternative 1L,https://www.tesco.com/groceries/en-GB/products/251523947,1687613874.9897459,"['£2.10', '£2.10/litre']",2.1,£2.10/litre
740,Tesco Finest Duck & Seville Orange Pate 170G,https://www.tesco.com/groceries/en-GB/products/292277974,1687613875.068502,"['£3.00', '£1.76/100g']",3.0,£1.76/100g
741,Lactofree Semi Skimmed Longlife 1L,https://www.tesco.com/groceries/en-GB/products/260569996,1687613875.1398988,"['£1.90', '£1.90/litre']",1.9,£1.90/litre
742,Tesco Finest Sweet Potato Coconut & Chilli Soup 600G,https://www.tesco.com/groceries/en-GB/products/274749311,1687613875.2157152,"['£3.00', '£0.50/100g']",3.0,£0.50/100g
743,Clarence Court Brown Medium Free Range Eggs 6 Pack,https://www.tesco.com/groceries/en-GB/products/309494477,1687613875.2878652,"['£2.75', '£0.46/each']",2.75,£0.46/each
744,Clarence Court Burford Brown Large Free Range Eggs 6 Pack,https://www.tesco.com/groceries/en-GB/products/305520004,1687613875.368225,"['£3.00', '£0.50/each']",3.0,£0.50/each
745,Tesco Camembert 250G,https://www.tesco.com/groceries/en-GB/products/299685629,1687613875.453245,"['£2.80', '£11.20/kg']",2.8,£11.20/kg
746,2 Sweet Chilli Hot Smoked Salmon Fillets 180G,https://www.tesco.com/groceries/en-GB/products/281693820,1687613875.5454888,"['£5.50', '£3.06/100g']",5.5,£3.06/100g
747,Tesco Oat Drink 1L,https://www.tesco.com/groceries/en-GB/products/307760281,1687613875.631434,"['£1.40', '£1.40/litre']",1.4,£1.40/litre
748,Pure Dairy Free Buttery Spread 500G,https://www.tesco.com/groceries/en-GB/products/305971345,1687613875.7057931,"['£2.15', '£4.30/kg']",2.15,£4.30/kg
749,Tesco Finest 12 Pork & Honey Chipolatas 375G,https://www.tesco.com/groceries/en-GB/products/268821142,1687613875.783872,"['£3.25', '£8.67/kg']",3.25,£8.67/kg
750,Tesco Tomato & Basil Sauce 350G,https://www.tesco.com/groceries/en-GB/products/253174043,1687613875.886176,"['£1.90', '£0.54/100g']",1.9,£0.54/100g
751,Tesco British Wafer Thin Roast Chicken 125G,https://www.tesco.com/groceries/en-GB/products/277052076,1687613875.96929,"['£2.25', '£1.80/100g']",2.25,£1.80/100g
753,Innocent Kids Strawberry Raspberry & Apple 4X150ml,https://www.tesco.com/groceries/en-GB/products/305249700,1687613876.158308,"['£3.60', '£0.60/100ml']",3.6,£0.60/100ml
754,Cathedral City Lunch Pack 122G,https://www.tesco.com/groceries/en-GB/products/286455663,1687613876.2672698,"['£2.00', '£16.39/kg']",2.0,£16.39/kg
755,"Tesco Organic Free Range Whole Milk 1.136L, 2 Pint",https://www.tesco.com/groceries/en-GB/products/251499900,1687613876.3481128,"['£1.65', '£1.45/litre']",1.65,£1.45/litre
756,Onken Natural Set Yogurt 450G,https://www.tesco.com/groceries/en-GB/products/313949954,1687613876.431623,"['£1.75', '£0.39/100g']",1.75,£0.39/100g
757,Tesco Small Melton Mowbray Pork Pie 145G,https://www.tesco.com/groceries/en-GB/products/254271813,1687613876.5404,"['£1.70', '£1.17/100g']",1.7,£1.17/100g
758,Tesco Italian Sausage & Ham Tortelloni 300G,https://www.tesco.com/groceries/en-GB/products/299829363,1687613876.655095,"['£2.00', '£6.67/kg']",2.0,£6.67/kg
759,Tesco Cheese Sauce 350G,https://www.tesco.com/groceries/en-GB/products/251328286,1687613876.772039,"['£1.90', '£0.54/100g']",1.9,£0.54/100g
760,Alpro Soya Chilled Drink 1 Litre,https://www.tesco.com/groceries/en-GB/products/253528288,1687613876.853208,"['£2.10', '£2.10/litre']",2.1,£2.10/litre
761,Richmond 6 Thick Pork Sausages 308G,https://www.tesco.com/groceries/en-GB/products/313754619,1687613876.9652271,"['£1.70', '£5.52/kg']",1.7,£5.52/kg
762,Tesco Greek Style Honey Yogurt 450G,https://www.tesco.com/groceries/en-GB/products/272429624,1687613877.038304,"['£1.60', '£0.36/100g']",1.6,£0.36/100g
763,Tesco Fire Pit 4 Cheddar Burger Melts 100G,https://www.tesco.com/groceries/en-GB/products/308862153,1687613877.115763,"['£1.60', '£16.00/kg']",1.6,£16.00/kg
764,Onken Cherry Yogurt 450G,https://www.tesco.com/groceries/en-GB/products/268804854,1687613877.204114,"['£1.95', '£0.43/100g']",1.95,£0.43/100g
765,Tesco Fire Pit 4 Blue Stilton Burger Melts 100G,https://www.tesco.com/groceries/en-GB/products/311224352,1687613877.2985642,"['£1.60', '£16.00/kg']",1.6,£16.00/kg
766,Dairylea Cheese Triangles 125G,https://www.tesco.com/groceries/en-GB/products/285140426,1687613877.369962,"['£1.75', '£14.00/kg']",1.75,£14.00/kg
767,Eastmans Cheese & Bacon Quiche 400G,https://www.tesco.com/groceries/en-GB/products/300000109,1687613877.473335,"['£1.99', '£0.50/100g']",1.99,£0.50/100g
768,Creamfields Grated Grana Padano 100G,https://www.tesco.com/groceries/en-GB/products/304400809,1687613883.725157,"['£1.49', '£14.90/kg']",1.49,£14.90/kg
769,Tesco Fire Pit 4 Monterey Jack Burger Melts 100G,https://www.tesco.com/groceries/en-GB/products/313516507,1687613883.806875,"['£1.60', '£16.00/kg']",1.6,£16.00/kg
770,Philadelphia Lightest Soft Cheese 165G,https://www.tesco.com/groceries/en-GB/products/311679395,1687613883.889878,"['£2.20', '£13.33/kg']",2.2,£13.33/kg
771,Tesco Watermelon Each,https://www.tesco.com/groceries/en-GB/products/254638605,1687613884.02864,"['£3.50', '£3.50/each']",3.5,£3.50/each
772,Eastman's Reduced Fat Houmous 200G,https://www.tesco.com/groceries/en-GB/products/310109168,1687613884.112913,"['£0.89', '£0.44/100g']",0.89,£0.44/100g
773,Tesco 0% Fat Natural Yogurt 500G,https://www.tesco.com/groceries/en-GB/products/281838783,1687613884.188555,"['£1.10', '£0.22/100g']",1.1,£0.22/100g
774,Tesco Emmental Slices 250G,https://www.tesco.com/groceries/en-GB/products/299914498,1687613884.260567,"['£2.75', '£11.00/kg']",2.75,£11.00/kg
775,The Original Oatly Light Oat Drink 1 Litre,https://www.tesco.com/groceries/en-GB/products/314099903,1687613884.354207,"['£2.00', '£2.00/litre']",2.0,£2.00/litre
776,Plenish Organic Soya 1Ltr,https://www.tesco.com/groceries/en-GB/products/305205240,1687613884.425534,"['£2.00', '£2.00/litre']",2.0,£2.00/litre
777,The Original Oatly No Sugars Oat Drink 1L,https://www.tesco.com/groceries/en-GB/products/314309927,1687613884.497544,"['£2.00', '£2.00/litre']",2.0,£2.00/litre
778,The Original Oatly Whole Oat Drink 1L,https://www.tesco.com/groceries/en-GB/products/314315257,1687613884.573015,"['£2.00', '£2.00/litre']",2.0,£2.00/litre
779,Tesco Unsmoked Lardons 200G,https://www.tesco.com/groceries/en-GB/products/299054449,1687613884.652831,"['£2.70', '£13.50/kg']",2.7,£13.50/kg
780,Petits Filous Variety Fromage Frais 18X47g,https://www.tesco.com/groceries/en-GB/products/285021202,1687613884.727909,"['£3.50', '£0.41/100g']",3.5,£0.41/100g
781,Tesco 36 Wafer Thin Roast Chicken Slices 400G,https://www.tesco.com/groceries/en-GB/products/303881309,1687613884.810848,"['£3.50', '£0.88/100g']",3.5,£0.88/100g
782,Danone Actimel Multifruit Drink 12X100g,https://www.tesco.com/groceries/en-GB/products/258207983,1687613884.887606,"['£4.50', '£0.38/100g']",4.5,£0.38/100g
783,Rude Health Brown Rice Drink 1Ltr,https://www.tesco.com/groceries/en-GB/products/288500532,1687613884.971168,"['£2.00', '£2.00/litre']",2.0,£2.00/litre
784,Tesco Crumbed Ham 400G,https://www.tesco.com/groceries/en-GB/products/303880726,1687613885.079116,"['£3.50', '£0.88/100g']",3.5,£0.88/100g
785,Tesco Small Unsmoked Gammon Joint,https://www.tesco.com/groceries/en-GB/products/297793994,1687613885.155363,"['£5.31', '£6.25/kg']",5.31,£6.25/kg
786,Tesco Bangers & Mash 400G,https://www.tesco.com/groceries/en-GB/products/310678812,1687613885.2402859,"['£3.00', '£7.50/kg']",3.0,£7.50/kg
788,Casa Toscana Finocchiona Igp 100G,https://www.tesco.com/groceries/en-GB/products/313751847,1687613885.4511712,"['£3.00', '£30.00/kg']",3.0,£30.00/kg
789,Tesco Halkidiki Olives & Slow Roasted Tomatoes 160G,https://www.tesco.com/groceries/en-GB/products/267965923,1687613885.528161,"['£2.65', '£0.02/kg']",2.65,£0.02/kg
790,Tesco Finest Medjool Dates 200G,https://www.tesco.com/groceries/en-GB/products/302676947,1687613885.622338,"['£2.50', '£12.50/kg']",2.5,£12.50/kg
791,Large Braeburn Apples Loose Class 1,https://www.tesco.com/groceries/en-GB/products/253807413,1687613885.699457,"['£0.52', '£2.60/kg']",0.52,£2.60/kg
793,Cathedral City Mature Grated 180G,https://www.tesco.com/groceries/en-GB/products/277968663,1687613885.862518,"['£2.50', '£13.89/kg']",2.5,£13.89/kg
794,Tesco British Mild Grated Cheddar 250G,https://www.tesco.com/groceries/en-GB/products/264886952,1687613885.959071,"['£2.75', '£11.00/kg']",2.75,£11.00/kg
795,The Original Oatly Semi Oat Drink 1 Litre,https://www.tesco.com/groceries/en-GB/products/314325775,1687613886.0551949,"['£2.00', '£2.00/litre']",2.0,£2.00/litre
796,Stork Original Baking Spread 500G,https://www.tesco.com/groceries/en-GB/products/254263535,1687613886.136966,"['£2.30', '£4.60/kg']",2.3,£4.60/kg
797,The Original Oatly No Sugars Oat Drink 1L,https://www.tesco.com/groceries/en-GB/products/314323570,1687613886.208268,"['£2.10', '£2.10/litre']",2.1,£2.10/litre
798,Tesco Finest Garlic & Parsley Ciabatta 255G,https://www.tesco.com/groceries/en-GB/products/296481201,1687613886.278681,"['£2.55', '£1.00/100g']",2.55,£1.00/100g
799,Beretta Cacciatore Salametto 90G,https://www.tesco.com/groceries/en-GB/products/313947616,1687613886.3733351,"['£3.00', '£33.33/kg']",3.0,£33.33/kg
800,Dairylea Cheese Spread 145G,https://www.tesco.com/groceries/en-GB/products/299001985,1687613886.444017,"['£1.95', '£13.45/kg']",1.95,£13.45/kg
801,Dairylea Dunkers Jumbo Tubes Snacks 4 Pack 164G,https://www.tesco.com/groceries/en-GB/products/308856345,1687613886.517047,"['£2.25', '£13.72/kg']",2.25,£13.72/kg
802,Tesco 9 Mini Sausage Rolls 270G,https://www.tesco.com/groceries/en-GB/products/291066027,1687613886.61135,"['£1.75', '£0.65/100g']",1.75,£0.65/100g
803,Alpro This Is Not M*Lk Semi Oat Drink 1,https://www.tesco.com/groceries/en-GB/products/314299603,1687613886.682996,"['£2.10', '£2.10/litre']",2.1,£2.10/litre
804,Tesco Penne 300G,https://www.tesco.com/groceries/en-GB/products/299829030,1687613886.788717,"['£1.25', '£4.17/kg']",1.25,£4.17/kg
805,Tesco Beechwood Smoked Cheese 150G,https://www.tesco.com/groceries/en-GB/products/282362905,1687613886.860199,"['£1.95', '£13.00/kg']",1.95,£13.00/kg
806,Tesco Taramasalata 200G,https://www.tesco.com/groceries/en-GB/products/260083923,1687613886.932788,"['£1.20', '£0.60/100g']",1.2,£0.60/100g
807,Fridge Raiders Southern Style Chicken Bites 3X22.5G,https://www.tesco.com/groceries/en-GB/products/302490043,1687613887.041993,"['£1.60', '£2.37/100g']",1.6,£2.37/100g
808,Tesco Tender Vegetable Medley 160G,https://www.tesco.com/groceries/en-GB/products/297674922,1687613887.1386728,"['£2.00', '£12.50/kg']",2.0,£12.50/kg
809,Growers Harvest No Added Sugar Apple Juice Drink 1 Litre,https://www.tesco.com/groceries/en-GB/products/301219535,1687613887.236855,"['£0.69', '£0.07/100ml']",0.69,£0.07/100ml
810,Redmere Farms Beetroot 500G,https://www.tesco.com/groceries/en-GB/products/307365645,1687613887.309333,"['£0.62', '£1.24/kg']",0.62,£1.24/kg
811,Pomegranates Each,https://www.tesco.com/groceries/en-GB/products/253554982,1687613887.39472,"['£1.25', '£1.25/each']",1.25,£1.25/each
812,Tesco Finest Beef Roasting Joint,https://www.tesco.com/groceries/en-GB/products/254269241,1687613887.46633,"['£21.00', '£15.00/kg']",21.0,£15.00/kg
813,Flora Light Spread 1Kg,https://www.tesco.com/groceries/en-GB/products/303260366,1687613887.538932,"['£4.60', '£4.60/kg']",4.6,£4.60/kg
814,Tesco Finest Extra Mature English Cheddar 350G,https://www.tesco.com/groceries/en-GB/products/294173984,1687613887.610883,"['£3.80', '£10.86/kg']",3.8,£10.86/kg
815,Tesco Organic Unsalted Butter 250G,https://www.tesco.com/groceries/en-GB/products/261819963,1687613887.685125,"['£2.75', '£11.00/kg']",2.75,£11.00/kg
816,Tesco Finest Buffalo Mozzarella & Tomato Pizza 420G,https://www.tesco.com/groceries/en-GB/products/303806338,1687613897.246387,"['£4.75', '£1.13/100g']",4.75,£1.13/100g
817,Tesco Finest Diced Beef 400G,https://www.tesco.com/groceries/en-GB/products/285104502,1687613897.3514931,"['£5.55', '£13.88/kg']",5.55,£13.88/kg
818,Alpro Soya No Sugars Chilled Drink 1 Litre,https://www.tesco.com/groceries/en-GB/products/266567296,1687613897.429127,"['£2.10', '£2.10/litre']",2.1,£2.10/litre
819,Tesco Finest Spaghetti Bolognese 400G,https://www.tesco.com/groceries/en-GB/products/261892196,1687613897.533535,"['£4.25', '£10.62/kg']",4.25,£10.62/kg
820,Tesco Kalamata & Green Olives With Feta 150G,https://www.tesco.com/groceries/en-GB/products/266073373,1687613897.637671,"['£2.65', '£1.77/100g']",2.65,£1.77/100g
821,Philadelphia Light Soft Cheese 280G,https://www.tesco.com/groceries/en-GB/products/311436216,1687613897.736494,"['£3.25', '£11.61/kg']",3.25,£11.61/kg
822,Broad Oak Farm 8 Pork Premium Sausages 454G,https://www.tesco.com/groceries/en-GB/products/254058047,1687613897.807539,"['£2.65', '£5.84/kg']",2.65,£5.84/kg
823,Theos Filo Pastry Ready Rolled 250G,https://www.tesco.com/groceries/en-GB/products/250829305,1687613897.8786821,"['£1.80', '£7.20/kg']",1.8,£7.20/kg
824,Tesco Finest British Lincolnshire Pork Sausages 400G,https://www.tesco.com/groceries/en-GB/products/280011075,1687613897.949247,"['£3.25', '£8.12/kg']",3.25,£8.12/kg
825,Tesco 6 Mini Pork & Pickle Pork Pies 300G,https://www.tesco.com/groceries/en-GB/products/263687550,1687613898.043338,"['£2.50', '£0.83/100g']",2.5,£0.83/100g
826,Peperami Hot 5 Pack 5X22.5G,https://www.tesco.com/groceries/en-GB/products/296526887,1687613898.117763,"['£2.75', '£2.44/100g']",2.75,£2.44/100g
827,Tesco Cashews 300G,https://www.tesco.com/groceries/en-GB/products/312567071,1687613898.213208,"['£3.00', '£10.00/kg']",3.0,£10.00/kg
828,"T, Sweet & Sour Chicken & Egg Fried Rice 400G",https://www.tesco.com/groceries/en-GB/products/310693102,1687613898.290121,"['£3.00', '£7.50/kg']",3.0,£7.50/kg
829,Tesco Wafer Thin Roast Chicken 125G,https://www.tesco.com/groceries/en-GB/products/303881269,1687613898.387087,"['£1.50', '£1.20/100g']",1.5,£1.20/100g
830,Tesco Lamb Leg Steaks 300G,https://www.tesco.com/groceries/en-GB/products/276310314,1687613898.468054,"['£4.75', '£15.83/kg']",4.75,£15.83/kg
831,Tesco Organic Cherry On The Vine Tomatoes 200G,https://www.tesco.com/groceries/en-GB/products/265555588,1687613898.541572,"['£1.95', '£9.75/kg']",1.95,£9.75/kg
832,Tesco Spanish Inspired Selection 120G,https://www.tesco.com/groceries/en-GB/products/304417532,1687613898.6151412,"['£2.65', '£2.21/100g']",2.65,£2.21/100g
833,Tesco 2X Extra Strong Garlic Baguettes 410G,https://www.tesco.com/groceries/en-GB/products/307339959,1687613898.709933,"['£1.80', '£0.44/100g']",1.8,£0.44/100g
834,Boursin Garlic & Herbs 6 Pack 96G,https://www.tesco.com/groceries/en-GB/products/255375931,1687613898.804051,"['£2.25', '£23.44/kg']",2.25,£23.44/kg
835,Tesco Grated Red Leicester Cheese 250G,https://www.tesco.com/groceries/en-GB/products/253704327,1687613898.8988612,"['£2.75', '£11.00/kg']",2.75,£11.00/kg
836,Tesco Baking Block 250G,https://www.tesco.com/groceries/en-GB/products/256521688,1687613898.998571,"['£1.00', '£4.00/kg']",1.0,£4.00/kg
837,Lindahls Kvarg Stracciatella Pot 150G,https://www.tesco.com/groceries/en-GB/products/305117056,1687613899.069587,"['£1.25', '£0.83/100g']",1.25,£0.83/100g
838,Tesco Teriyaki Stir Fry Sauce 180G,https://www.tesco.com/groceries/en-GB/products/301339197,1687613899.16397,"['£1.15', '£6.39/kg']",1.15,£6.39/kg
839,Tesco Buttery Spread 1Kg,https://www.tesco.com/groceries/en-GB/products/253695365,1687613899.2773912,"['£1.90', '£1.90/kg']",1.9,£1.90/kg
840,Tesco Soft Apricots 250G,https://www.tesco.com/groceries/en-GB/products/258057537,1687613899.3574662,"['£2.00', '£8.00/kg']",2.0,£8.00/kg
841,Tesco Mediterranean Style Vegetables 400G,https://www.tesco.com/groceries/en-GB/products/302319790,1687613899.437523,"['£2.00', '£5.00/kg']",2.0,£5.00/kg
842,Tesco Peeled Potatoes 700G,https://www.tesco.com/groceries/en-GB/products/260999122,1687613899.5443761,"['£1.25', '£1.79/kg']",1.25,£1.79/kg
843,Tesco Fresh Cut Curled Parsley 30G,https://www.tesco.com/groceries/en-GB/products/292686720,1687613899.649001,"['£0.60', '£0.20/10g']",0.6,£0.20/10g
844,Tesco Wensleydale & Cranberry Cheese 170G,https://www.tesco.com/groceries/en-GB/products/302307176,1687613899.724448,"['£2.50', '£14.71/kg']",2.5,£14.71/kg
845,Tesco Tendersweet Carrots 150G,https://www.tesco.com/groceries/en-GB/products/279627298,1687613899.82509,"['£1.30', '£8.67/kg']",1.3,£8.67/kg
846,Albert Bartlett Cheese Croquettes 250G,https://www.tesco.com/groceries/en-GB/products/311230753,1687613899.917387,"['£1.60', '£6.40/kg']",1.6,£6.40/kg
847,St Helen's Semi Skimmed Goats Milk 1L,https://www.tesco.com/groceries/en-GB/products/260454295,1687613900.02386,"['£2.15', '£2.15/litre']",2.15,£2.15/litre
848,Tesco Breaded Chicken Goujons 270G,https://www.tesco.com/groceries/en-GB/products/279935929,1687613900.135381,"['£2.60', '£9.63/kg']",2.6,£9.63/kg
849,Tesco Breaded Chicken Mini Fillets 305G,https://www.tesco.com/groceries/en-GB/products/264566899,1687613900.225437,"['£3.30', '£10.82/kg']",3.3,£10.82/kg
850,Tesco Finest Wild Sage & Buttered Onion Stuffing 225G,https://www.tesco.com/groceries/en-GB/products/284850371,1687613900.309964,"['£2.90', '£0.01/kg']",2.9,£0.01/kg
851,Stork Original Baking Spread 1Kg,https://www.tesco.com/groceries/en-GB/products/254400495,1687613900.382205,"['£3.85', '£3.85/kg']",3.85,£3.85/kg
852,Mattessons Smoked Turkey Rashers 200G,https://www.tesco.com/groceries/en-GB/products/266988460,1687613900.4530911,"['£2.75', '£13.75/kg']",2.75,£13.75/kg
853,Tesco Spaghetti Bolognese 400G,https://www.tesco.com/groceries/en-GB/products/310690468,1687613900.537426,"['£3.00', '£7.50/kg']",3.0,£7.50/kg
854,Tesco Finest Roast Chicken & Stuffing 125G,https://www.tesco.com/groceries/en-GB/products/303579865,1687613900.642712,"['£3.25', '£2.60/100g']",3.25,£2.60/100g
855,Tesco Fresh Potato Gnocchi 400G,https://www.tesco.com/groceries/en-GB/products/275062447,1687613900.736633,"['£1.65', '£4.12/kg']",1.65,£4.12/kg
856,Tesco Finest Belgian Chocolate Mousse 100G,https://www.tesco.com/groceries/en-GB/products/261945191,1687613900.811999,"['£1.00', '£1.00/100g']",1.0,£1.00/100g
857,Yeo Valley Organic Natural Yogurt 450G,https://www.tesco.com/groceries/en-GB/products/312573408,1687613900.901703,"['£2.00', '£0.44/100g']",2.0,£0.44/100g
858,Tesco Egg Mayonaise 250G,https://www.tesco.com/groceries/en-GB/products/307154117,1687613900.9729931,"['£1.85', '£0.74/100g']",1.85,£0.74/100g
859,Tesco Broccoli & Tomato Quiche 400G,https://www.tesco.com/groceries/en-GB/products/288017367,1687613901.0456388,"['£2.50', '£0.62/100g']",2.5,£0.62/100g
860,Oykos Greek Style Salted Caramel Yogurt 4X110g,https://www.tesco.com/groceries/en-GB/products/292702996,1687613901.1493912,"['£2.00', '£0.46/100g']",2.0,£0.46/100g
861,Tesco British Pork Wafer Thin Crumbed Ham 125G,https://www.tesco.com/groceries/en-GB/products/276307820,1687613901.224513,"['£2.25', '£1.80/100g']",2.25,£1.80/100g
862,Rymer Farm Eggs Medium Free Range 6 Eggs,https://www.tesco.com/groceries/en-GB/products/280418429,1687613901.323872,"['£2.00', '£0.33/each']",2.0,£0.33/each
863,The Tofoo Co Naked Tofu 280G,https://www.tesco.com/groceries/en-GB/products/294476706,1687613901.443606,"['£2.30', '£8.21/kg']",2.3,£8.21/kg
864,Eastman's Chicken Roll Slices 250G,https://www.tesco.com/groceries/en-GB/products/299955823,1687613907.666023,"['£1.43', '£0.57/100g']",1.43,£0.57/100g
865,Tesco Aromatic Babyleaf Salad 90G,https://www.tesco.com/groceries/en-GB/products/304371589,1687613907.7581198,"['£1.35', '£1.50/100g']",1.35,£1.50/100g
866,Philadelphia Garlic & Herbs Soft Cheese 165G,https://www.tesco.com/groceries/en-GB/products/311794004,1687613907.834684,"['£2.20', '£13.33/kg']",2.2,£13.33/kg
867,Tesco Plum & Hoisin Stir Fry Sauce 180G,https://www.tesco.com/groceries/en-GB/products/290819660,1687613907.940323,"['£1.15', '£6.39/kg']",1.15,£6.39/kg
868,Tesco Finest Cavolo Nero Kale 200G,https://www.tesco.com/groceries/en-GB/products/305053885,1687613908.0400891,"['£1.35', '£6.75/kg']",1.35,£6.75/kg
869,Tesco Pink Grapefruit 1 Litre,https://www.tesco.com/groceries/en-GB/products/282646562,1687613908.113898,"['£1.70', '£0.17/100ml']",1.7,£0.17/100ml
870,Tesco Simple Salad With Sour Cream & Chive 165G,https://www.tesco.com/groceries/en-GB/products/302988716,1687613908.190707,"['£1.10', '£0.67/100g']",1.1,£0.67/100g
872,Tesco Pork Loin Joint,https://www.tesco.com/groceries/en-GB/products/258261577,1687613908.33367,"['£14.00', '£7.00/kg']",14.0,£7.00/kg
873,Tesco Reduced Fat & Salt 10 Unsmoked Bacon Medallions 300G,https://www.tesco.com/groceries/en-GB/products/311425264,1687613908.43656,"['£3.75', '£12.50/kg']",3.75,£12.50/kg
874,Tesco Finest Ham Hock Leek & Potato Gratin 400G,https://www.tesco.com/groceries/en-GB/products/279899286,1687613908.522882,"['£4.25', '£10.62/kg']",4.25,£10.62/kg
875,Activia Strawberry & Red Fruit No Added Sugar Yogurt 8X115g,https://www.tesco.com/groceries/en-GB/products/308090340,1687613908.622546,"['£4.00', '£0.44/100g']",4.0,£0.44/100g
876,Tesco Finest Ham Mushroom Mascarpone Pizza 450G,https://www.tesco.com/groceries/en-GB/products/303806373,1687613908.699253,"['£4.75', '£1.06/100g']",4.75,£1.06/100g
877,Benecol Buttery Spread 500G,https://www.tesco.com/groceries/en-GB/products/260439056,1687613908.798929,"['£4.50', '£9.00/kg']",4.5,£9.00/kg
878,Higgidy Smoked Salmon & Spinach Quiche 155G,https://www.tesco.com/groceries/en-GB/products/313520087,1687613908.875707,"['£3.00', '£1.94/100g']",3.0,£1.94/100g
879,Tesco Diced Chorizo 130G,https://www.tesco.com/groceries/en-GB/products/277570378,1687613908.949985,"['£2.50', '£1.92/100g']",2.5,£1.92/100g
880,Tesco Fire Pit Salt & Chilli Chicken Thigh Fillets 350G,https://www.tesco.com/groceries/en-GB/products/313520787,1687613909.027851,"['£3.50', '£10.00/kg']",3.5,£10.00/kg
881,Tesco British Ready To Eat Roast Chicken Drumsticks 430G,https://www.tesco.com/groceries/en-GB/products/279818458,1687613909.104522,"['£3.00', '£0.70/100g']",3.0,£0.70/100g
882,Tesco British Ready To Eat Roast Chicken Thighs 450G,https://www.tesco.com/groceries/en-GB/products/279818389,1687613909.174929,"['£3.75', '£0.83/100g']",3.75,£0.83/100g
883,Tesco Finest Vintage Cheddar & Caramelised Onion Quiche 420G,https://www.tesco.com/groceries/en-GB/products/308859837,1687613909.249755,"['£3.75', '£0.89/100g']",3.75,£0.89/100g
884,Tesco British Medium Cheddar Cheese 220G,https://www.tesco.com/groceries/en-GB/products/300257410,1687613909.3785222,"['£2.45', '£11.14/kg']",2.45,£11.14/kg
885,Tesco British Mature Cheddar Cheese 220G,https://www.tesco.com/groceries/en-GB/products/300257744,1687613909.448261,"['£2.45', '£11.14/kg']",2.45,£11.14/kg
886,President Unsalted Butter 250G,https://www.tesco.com/groceries/en-GB/products/250760137,1687613909.518139,"['£2.70', '£10.80/kg']",2.7,£10.80/kg
887,Woodside Farms Pork Chops 700G,https://www.tesco.com/groceries/en-GB/products/292285739,1687613909.5948648,"['£3.99', '£5.70/kg']",3.99,£5.70/kg
888,Cadbury Dairy Milk Pots Of Joy Chocolate Dessert 4X60g,https://www.tesco.com/groceries/en-GB/products/311948209,1687613909.670893,"['£2.70', '£1.12/100g']",2.7,£1.12/100g
889,Actimel Multifruit Drink 8X100g,https://www.tesco.com/groceries/en-GB/products/256145937,1687613909.7478862,"['£3.50', '£0.44/100g']",3.5,£0.44/100g
890,Tesco Finest Garlic & Extra Virgin Olive Oil Flatbread 200G,https://www.tesco.com/groceries/en-GB/products/304797553,1687613909.845516,"['£2.55', '£1.28/100g']",2.55,£1.28/100g
891,Tesco Prawn Cocktail 170G,https://www.tesco.com/groceries/en-GB/products/262220920,1687613909.945073,"['£2.50', '£1.47/100g']",2.5,£1.47/100g
892,Activia Fusions Blueberry Yogurt 4X120g,https://www.tesco.com/groceries/en-GB/products/308105289,1687613910.026849,"['£2.75', '£0.57/100g']",2.75,£0.57/100g
893,Tesco Finest Prawn Cocktail 170G,https://www.tesco.com/groceries/en-GB/products/287134241,1687613910.12368,"['£2.90', '£17.06/kg']",2.9,£17.06/kg
894,Tesco Honey Roast Ham 125G,https://www.tesco.com/groceries/en-GB/products/303880761,1687613910.195675,"['£1.50', '£1.20/100g']",1.5,£1.20/100g
896,Tesco Finest Tomato Olive & Basil Quiche 130G,https://www.tesco.com/groceries/en-GB/products/313750497,1687613910.347571,"['£2.00', '£1.54/100g']",2.0,£1.54/100g
897,Tesco 2 Boneless Cod Fillets 280G,https://www.tesco.com/groceries/en-GB/products/292916835,1687613910.41967,"['£5.25', '£18.75/kg']",5.25,£18.75/kg
898,Tesco 4 Cornish Pasties 520G,https://www.tesco.com/groceries/en-GB/products/268949596,1687613910.49293,"['£2.25', '£0.43/100g']",2.25,£0.43/100g
899,Arla Big Milk 2Ltr,https://www.tesco.com/groceries/en-GB/products/287971983,1687613910.570505,"['£2.60', '£1.30/litre']",2.6,£1.30/litre
900,Lurpak Unsalted Spreadable 500G,https://www.tesco.com/groceries/en-GB/products/261631216,1687613910.666764,"['£4.46', '£8.92/kg']",4.46,£8.92/kg
901,Muller Light Greek Style Strawberry Yogurt 4X115g,https://www.tesco.com/groceries/en-GB/products/311934773,1687613910.7649121,"['£2.50', '£0.54/100g']",2.5,£0.54/100g
902,Tesco 10 Chicken Satay Bites 120G,https://www.tesco.com/groceries/en-GB/products/309194573,1687613910.871,"['£2.20', '£1.83/100g']",2.2,£1.83/100g
903,Tesco Stonebaked Ham & Pineapple Pizza 322G,https://www.tesco.com/groceries/en-GB/products/308865023,1687613910.9753358,"['£3.50', '£1.09/100g']",3.5,£1.09/100g
904,Tesco 3 Chilli Bean Soup 600G,https://www.tesco.com/groceries/en-GB/products/265287542,1687613911.0812302,"['£1.75', '£0.29/100g']",1.75,£0.29/100g
905,Tesco Red Organic Onions 500G,https://www.tesco.com/groceries/en-GB/products/254932061,1687613911.1591349,"['£1.30', '£2.60/kg']",1.3,£2.60/kg
906,Tesco Fusilli 300G,https://www.tesco.com/groceries/en-GB/products/302089248,1687613911.230549,"['£1.25', '£4.17/kg']",1.25,£4.17/kg
907,Rustlers Southern Fried Chicken Burger 132G,https://www.tesco.com/groceries/en-GB/products/314714211,1687613911.307982,"['£1.40', '£10.61/kg']",1.4,£10.61/kg
908,Tesco House Salad 120G,https://www.tesco.com/groceries/en-GB/products/299969830,1687613911.380405,"['£1.10', '£0.92/100g']",1.1,£0.92/100g
909,Tesco Sliced Red Onion 180G,https://www.tesco.com/groceries/en-GB/products/292632440,1687613911.452638,"['£1.00', '£5.56/kg']",1.0,£5.56/kg
910,Tesco Roast In Bag Whole Chicken Butter 1.50Kg,https://www.tesco.com/groceries/en-GB/products/275455524,1687613911.553047,"['£6.00', '£4.00/kg']",6.0,£4.00/kg
911,Tesco Finest Slow Cooked Char Siu Pork Shoulder 560G,https://www.tesco.com/groceries/en-GB/products/313371352,1687613911.626016,"['£6.00', '£10.71/kg']",6.0,£10.71/kg
912,Muller Light Tffee Fat Free Yogurts 6X140g,https://www.tesco.com/groceries/en-GB/products/311957694,1687613917.976678,"['£3.50', '£0.42/100g']",3.5,£0.42/100g
913,Tesco Almonds 200G,https://www.tesco.com/groceries/en-GB/products/266357101,1687613918.0589938,"['£2.75', '£13.75/kg']",2.75,£13.75/kg
914,Charlie Bigham's Potato Dauphinoise 450G,https://www.tesco.com/groceries/en-GB/products/314588970,1687613918.145928,"['£4.00', '£8.89/kg']",4.0,£8.89/kg
915,Charlie Bigham's Bombay Potatoes 400G,https://www.tesco.com/groceries/en-GB/products/314412862,1687613918.2495732,"['£4.00', '£10.00/kg']",4.0,£10.00/kg
917,Jord Organic Oat Drink 1 Litre,https://www.tesco.com/groceries/en-GB/products/309185561,1687613918.4167612,"['£1.90', '£1.90/litre']",1.9,£1.90/litre
918,Tesco Chicken Mince 5% Fat 500G,https://www.tesco.com/groceries/en-GB/products/308104406,1687613918.487937,"['£3.15', '£6.30/kg']",3.15,£6.30/kg
919,Tesco Room To Roam British Chicken Breast Portions 300G,https://www.tesco.com/groceries/en-GB/products/308450341,1687613918.5594728,"['£3.70', '£12.33/kg']",3.7,£12.33/kg
920,Flora Plant Butter Unsalted 250G,https://www.tesco.com/groceries/en-GB/products/306932137,1687613918.636331,"['£2.00', '£8.00/kg']",2.0,£8.00/kg
921,Tesco 2 Cheese & Bacon Chicken Kiev 260G,https://www.tesco.com/groceries/en-GB/products/304406482,1687613918.707802,"['£2.90', '£11.15/kg']",2.9,£11.15/kg
922,Plenish Organic Cashew Milk Longlife 1L,https://www.tesco.com/groceries/en-GB/products/314416570,1687613918.8052921,"['£2.25', '£2.25/litre']",2.25,£2.25/litre
923,Richmond 12 Skinless Pork Sausages 319G,https://www.tesco.com/groceries/en-GB/products/257447210,1687613918.889427,"['£2.25', '£7.05/kg']",2.25,£7.05/kg
924,Tesco Tuna & Sweetcorn Sandwich Filler 250G,https://www.tesco.com/groceries/en-GB/products/307142879,1687613918.964597,"['£1.85', '£0.74/100g']",1.85,£0.74/100g
925,Tesco Chicken Korma & Pilau Rice 400G,https://www.tesco.com/groceries/en-GB/products/310101447,1687613919.040766,"['£3.00', '£7.50/kg']",3.0,£7.50/kg
926,Yop Drinking Yogurt Strawberry500g,https://www.tesco.com/groceries/en-GB/products/266000155,1687613919.1367738,"['£1.40', '£0.28/100g']",1.4,£0.28/100g
927,Cully & Sully Chicken & Vegetable Soup 400G,https://www.tesco.com/groceries/en-GB/products/263663706,1687613919.208601,"['£2.00', '£0.50/100g']",2.0,£0.50/100g
928,Stork Original Baking Block 250G,https://www.tesco.com/groceries/en-GB/products/254263443,1687613919.281827,"['£1.50', '£6.00/kg']",1.5,£6.00/kg
929,Rachel's Organic Divine Rice Twin Traditional 2X150g,https://www.tesco.com/groceries/en-GB/products/256186068,1687613919.357166,"['£1.85', '£0.62/100g']",1.85,£0.62/100g
930,Tesco Finest Chunky Chips 449G,https://www.tesco.com/groceries/en-GB/products/305830841,1687613919.456233,"['£2.75', '£6.12/kg']",2.75,£6.12/kg
931,Tesco Beef Lasagne 750G,https://www.tesco.com/groceries/en-GB/products/310659037,1687613919.552141,"['£4.00', '£5.33/kg']",4.0,£5.33/kg
932,Britannia Beef Dripping 250G,https://www.tesco.com/groceries/en-GB/products/288354065,1687613919.6246479,"['£1.25', '£5.00/kg']",1.25,£5.00/kg
933,Tesco Minced Lamb Hotpot 400G,https://www.tesco.com/groceries/en-GB/products/310178275,1687613919.695137,"['£3.00', '£7.50/kg']",3.0,£7.50/kg
934,Tesco Finest 4 Roast Chicken Slices 125G,https://www.tesco.com/groceries/en-GB/products/303579888,1687613919.798051,"['£3.25', '£2.60/100g']",3.25,£2.60/100g
935,Tesco Carrot Cauliflower & Broccoli 370G,https://www.tesco.com/groceries/en-GB/products/277974816,1687613919.899491,"['£1.65', '£4.46/kg']",1.65,£4.46/kg
936,Dairylea Lunchers Chicken & Cheese 68g,https://www.tesco.com/groceries/en-GB/products/314412073,1687613919.993721,"['£1.60', '£23.53/kg']",1.6,£23.53/kg
937,Tesco Fennel 250G,https://www.tesco.com/groceries/en-GB/products/305037277,1687613920.099645,"['£1.25', '£5.00/kg']",1.25,£5.00/kg
938,Alpro Vanilla Soya Custard 525G,https://www.tesco.com/groceries/en-GB/products/302301545,1687613920.170033,"['£1.15', '£0.22/100g']",1.15,£0.22/100g
939,Tesco Mango 250G,https://www.tesco.com/groceries/en-GB/products/302987699,1687613920.2414489,"['£2.25', '£9.00/kg']",2.25,£9.00/kg
940,Graham's Skyr Passion Fruit Mango Papaya Yogurt 150G,https://www.tesco.com/groceries/en-GB/products/305828384,1687613920.312953,"['£0.75', '£0.50/100g']",0.75,£0.50/100g
941,Tesco Orange Juice With Bits Not From Concentrate 1.75L,https://www.tesco.com/groceries/en-GB/products/255595993,1687613920.382993,"['£2.40', '£0.14/100ml']",2.4,£0.14/100ml
942,Eastman's Pork Luncheon Meat 250G,https://www.tesco.com/groceries/en-GB/products/299955800,1687613920.4541461,"['£1.00', '£0.40/100g']",1.0,£0.40/100g
943,Creamfields Mild White Cheddar Large,https://www.tesco.com/groceries/en-GB/products/301511183,1687613920.525613,"['£5.54', '£5.54/kg']",5.54,£5.54/kg
944,Tesco Cheese And Garlic Stuffed Mushrooms 200G,https://www.tesco.com/groceries/en-GB/products/303261342,1687613920.602078,"['£2.00', '£10.00/kg']",2.0,£10.00/kg
945,Tesco Singapore Noodles 300G,https://www.tesco.com/groceries/en-GB/products/290981362,1687613920.7034082,"['£1.25', '£4.17/kg']",1.25,£4.17/kg
946,Fage Total 0%Fat Greek Recipe Yogurt 950G,https://www.tesco.com/groceries/en-GB/products/311214047,1687613920.79851,"['£5.50', '£0.58/100g']",5.5,£0.58/100g
947,Eat Me Dates Deglet Nourishing Pitted 200G,https://www.tesco.com/groceries/en-GB/products/284196413,1687613920.870313,"['£2.50', '£12.50/kg']",2.5,£12.50/kg
948,Activia Rhubarb & Mixed Fruit Yogurt 8X115g,https://www.tesco.com/groceries/en-GB/products/308096610,1687613920.939631,"['£4.00', '£0.44/100g']",4.0,£0.44/100g
949,Tesco Finest Moroccan Inspired Chicken Soup 600G,https://www.tesco.com/groceries/en-GB/products/259335662,1687613921.01895,"['£3.00', '£0.50/100g']",3.0,£0.50/100g
950,Tesco Finest Crispy Katsu Chicken Tenders 305G,https://www.tesco.com/groceries/en-GB/products/306822918,1687613921.097576,"['£3.70', '£12.13/kg']",3.7,£12.13/kg
951,Tesco Zingy Sweet Chilli Chicken Chunks 180G,https://www.tesco.com/groceries/en-GB/products/279817782,1687613921.1767528,"['£3.00', '£1.67/100g']",3.0,£1.67/100g
952,Tesco Fresh Lamb Chops 300G,https://www.tesco.com/groceries/en-GB/products/274513043,1687613921.286873,"['£4.60', '£15.33/kg']",4.6,£15.33/kg
953,Tesco Unsmoked Gammon Steaks 2 Pack 450G,https://www.tesco.com/groceries/en-GB/products/291125367,1687613921.382359,"['£4.50', '£10.00/kg']",4.5,£10.00/kg
954,Tesco 12 Indian Selection 320G,https://www.tesco.com/groceries/en-GB/products/302411530,1687613921.495359,"['£2.90', '£9.06/kg']",2.9,£9.06/kg
955,Lindahls Protein Pudding Chocolate 140G,https://www.tesco.com/groceries/en-GB/products/310130017,1687613921.585154,"['£1.40', '£10.00/kg']",1.4,£10.00/kg
956,Tesco Prime Cuts Cumberland Sausage Slices 150G,https://www.tesco.com/groceries/en-GB/products/310666982,1687613921.662393,"['£2.25', '£1.50/100g']",2.25,£1.50/100g
957,Tesco Carrot Coriander Soup 600G,https://www.tesco.com/groceries/en-GB/products/252074226,1687613921.8045208,"['£1.75', '£0.29/100g']",1.75,£0.29/100g
958,Tesco Melt In The Middle Chocolate Sponge Pudding 2 X 135G,https://www.tesco.com/groceries/en-GB/products/262696949,1687613921.878835,"['£2.50', '£0.93/100g']",2.5,£0.93/100g
959,Lactofree Fresh Whole Milk 1L,https://www.tesco.com/groceries/en-GB/products/259742068,1687613921.960952,"['£2.00', '£2.00/litre']",2.0,£2.00/litre
960,Tesco Double Gloucester Cheese 400G,https://www.tesco.com/groceries/en-GB/products/305990028,1687613928.092814,"['£3.40', '£8.50/kg']",3.4,£8.50/kg
961,Tesco Wafer Thin Smoked Ham 125G,https://www.tesco.com/groceries/en-GB/products/303881247,1687613928.171548,"['£1.50', '£1.20/100g']",1.5,£1.20/100g
962,Quorn Cocktail Sausages 180G,https://www.tesco.com/groceries/en-GB/products/274886712,1687613928.252545,"['£2.20', '£12.22/kg']",2.2,£12.22/kg
963,Tesco Finest 2 Smoked Haddock Fishcakes 290G,https://www.tesco.com/groceries/en-GB/products/291844640,1687613928.324439,"['£3.00', '£10.34/kg']",3.0,£10.34/kg
964,Tesco Lightly Dusted Yellow Fin Sole 272G,https://www.tesco.com/groceries/en-GB/products/313616536,1687613928.426914,"['£3.00', '£11.03/kg']",3.0,£11.03/kg
965,Tesco Pepper Stir Fry Mix 320G,https://www.tesco.com/groceries/en-GB/products/308479457,1687613928.511049,"['£1.50', '£4.69/kg']",1.5,£4.69/kg
966,Tesco Root Vegetable Mash 425G,https://www.tesco.com/groceries/en-GB/products/280218827,1687613928.6069918,"['£1.22', '£2.87/kg']",1.22,£2.87/kg
967,Muller Light Greek Style Coconut With Vanilla Yogurt 4X115g,https://www.tesco.com/groceries/en-GB/products/311259987,1687613928.682801,"['£2.50', '£0.54/100g']",2.5,£0.54/100g
968,Tesco Grated Pecorino Cheese 50G,https://www.tesco.com/groceries/en-GB/products/299769986,1687613928.782429,"['£1.35', '£27.00/kg']",1.35,£27.00/kg
969,Tesco Parmigiano Reggiano 100G,https://www.tesco.com/groceries/en-GB/products/276889389,1687613928.8548532,"['£2.10', '£21.00/kg']",2.1,£21.00/kg
970,Innocent Orange Juice Smooth 900Ml,https://www.tesco.com/groceries/en-GB/products/268218386,1687613928.9293,"['£3.00', '£0.33/100ml']",3.0,£0.33/100ml
971,Tesco Buttery Spread 30% Less Fat 500G,https://www.tesco.com/groceries/en-GB/products/260977655,1687613929.02949,"['£1.10', '£2.20/kg']",1.1,£2.20/kg
972,Lancashire Farm Whole Milk Yogurt 1Kg,https://www.tesco.com/groceries/en-GB/products/281381884,1687613929.105798,"['£1.80', '£180.00/100g']",1.8,£180.00/100g
973,Tesco Spanish Serrano Ham 80G,https://www.tesco.com/groceries/en-GB/products/273429726,1687613929.187219,"['£1.59', '£1.99/100g']",1.59,£1.99/100g
974,Tesco Finest Fillet Steak 210G,https://www.tesco.com/groceries/en-GB/products/308481079,1687613929.266155,"['£7.95', '£37.86/kg']",7.95,£37.86/kg
975,Tesco Large Stir Fry 570G,https://www.tesco.com/groceries/en-GB/products/280003281,1687613929.33707,"['£1.40', '£2.46/kg']",1.4,£2.46/kg
976,Albert Bartlett Creamy Mashed Potato 400G,https://www.tesco.com/groceries/en-GB/products/309754130,1687613929.433471,"['£1.30', '£3.25/kg']",1.3,£3.25/kg
977,Tesco Fire Pit Burger Sauce 100G,https://www.tesco.com/groceries/en-GB/products/308091811,1687613929.536482,"['£1.00', '£1.00/100g']",1.0,£1.00/100g
978,Tesco Grated Carrot 200G,https://www.tesco.com/groceries/en-GB/products/292451013,1687613929.60686,"['£0.55', '£0.28/100g']",0.55,£0.28/100g
979,Tesco German Style Peppered Salami 11 Slices 110G,https://www.tesco.com/groceries/en-GB/products/300412329,1687613929.6789708,"['£0.81', '£0.74/100g']",0.81,£0.74/100g
980,Tesco Finest Bbq Loaded Wings 700G,https://www.tesco.com/groceries/en-GB/products/314120357,1687613929.754004,"['£5.00', '£7.14/kg']",5.0,£7.14/kg
981,Tesco Finest Mango Coconut & Lime Loaded Wings 700G,https://www.tesco.com/groceries/en-GB/products/313624287,1687613929.8264709,"['£5.00', '£7.14/kg']",5.0,£7.14/kg
982,Tesco Chol Red Strawberry Yogurt Drink 6X100g,https://www.tesco.com/groceries/en-GB/products/273196482,1687613929.900994,"['£3.00', '£0.50/100g']",3.0,£0.50/100g
983,Tesco Finest Sirloin Steak 454G,https://www.tesco.com/groceries/en-GB/products/308494588,1687613929.984359,"['£10.95', '£24.12/kg']",10.95,£24.12/kg
984,Tesco Finest Spaghetti Carbonara 400G,https://www.tesco.com/groceries/en-GB/products/266748693,1687613930.0579252,"['£4.25', '£10.62/kg']",4.25,£10.62/kg
985,Chavroux Goat's Cheese Log 150G,https://www.tesco.com/groceries/en-GB/products/260644617,1687613930.185313,"['£2.70', '£18.00/kg']",2.7,£18.00/kg
986,Tesco Finest Rump Steak 255G,https://www.tesco.com/groceries/en-GB/products/308477494,1687613930.256911,"['£4.80', '£18.82/kg']",4.8,£18.82/kg
987,Tesco 50% Less Fat Creme Fraiche 600Ml,https://www.tesco.com/groceries/en-GB/products/263772679,1687613930.330789,"['£2.00', '£0.33/100ml']",2.0,£0.33/100ml
988,Tesco Brazil Nuts 200G,https://www.tesco.com/groceries/en-GB/products/302685533,1687613930.418495,"['£2.75', '£13.75/kg']",2.75,£13.75/kg
989,Tesco 10 Extra Mature Cheddar Slices 250G,https://www.tesco.com/groceries/en-GB/products/264156434,1687613930.502848,"['£2.75', '£11.00/kg']",2.75,£11.00/kg
990,Tesco Butter Chicken With Pilau Rice 400G,https://www.tesco.com/groceries/en-GB/products/310672317,1687613930.604486,"['£3.00', '£7.50/kg']",3.0,£7.50/kg
991,Quorn Vegan Chicken Free Slices 100G,https://www.tesco.com/groceries/en-GB/products/300544928,1687613930.708278,"['£2.60', '£26.00/kg']",2.6,£26.00/kg
992,Coffee & Milk Latte Caramel Macchiato Iced Coffee 250Ml,https://www.tesco.com/groceries/en-GB/products/309198389,1687613930.787576,"['£0.95', '£0.38/100ml']",0.95,£0.38/100ml
994,Tesco Finest Aged Blue Stilton 215G,https://www.tesco.com/groceries/en-GB/products/261543021,1687613930.9498801,"['£3.15', '£14.65/kg']",3.15,£14.65/kg
995,Swedish Glace Vanilla Non Dairy Frozen Dessert 750Ml,https://www.tesco.com/groceries/en-GB/products/295228677,1687613931.030252,"['£2.50', '£0.33/100ml']",2.5,£0.33/100ml
996,Tesco Spanish Style Tortilla 500G,https://www.tesco.com/groceries/en-GB/products/267317096,1687613931.112618,"['£2.85', '£5.70/kg']",2.85,£5.70/kg
997,Willow Farm Chicken Drumsticks 900G - 1.2Kg,https://www.tesco.com/groceries/en-GB/products/304396555,1687613931.2214038,"['£2.82', '£2.69/kg']",2.82,£2.69/kg
998,Tesco Organic Free Range Skimmed Milk 1.136L/2 Pints,https://www.tesco.com/groceries/en-GB/products/251499687,1687613931.298002,"['£1.65', '£1.45/litre']",1.65,£1.45/litre
999,Jus-Rol Gluten Free Puff Pastry Ready Rolled 280G,https://www.tesco.com/groceries/en-GB/products/294128716,1687613931.392697,"['£2.35', '£0.84/100g']",2.35,£0.84/100g
1000,St Helen's Fresh Whole Goats Milk 1L,https://www.tesco.com/groceries/en-GB/products/260454237,1687613931.523815,"['£2.15', '£2.15/litre']",2.15,£2.15/litre
1001,Tesco Chicken Casserole & Dumplings 400G,https://www.tesco.com/groceries/en-GB/products/310661336,1687613931.598285,"['£3.00', '£7.50/kg']",3.0,£7.50/kg
1002,Willow Original Spread 250G,https://www.tesco.com/groceries/en-GB/products/254068922,1687613931.726586,"['£1.50', '£6.00/kg']",1.5,£6.00/kg
1003,Tesco 2 Harissa Style Lamb Leg Steaks 250G,https://www.tesco.com/groceries/en-GB/products/310657549,1687613931.798283,"['£4.75', '£19.00/kg']",4.75,£19.00/kg
1004,Tesco Cheese & Tomato Tortelloni 300G,https://www.tesco.com/groceries/en-GB/products/303615495,1687613931.877874,"['£2.00', '£6.67/kg']",2.0,£6.67/kg
1005,Tesco Finest Manchego 175G,https://www.tesco.com/groceries/en-GB/products/277248375,1687613932.00212,"['£3.75', '£21.43/kg']",3.75,£21.43/kg
1006,Tesco Bitesize Southern Fried Chicken Straws 168G,https://www.tesco.com/groceries/en-GB/products/266358198,1687613932.106838,"['£2.20', '£1.31/100g']",2.2,£1.31/100g
1007,Tesco Organic Gala Apples 630G,https://www.tesco.com/groceries/en-GB/products/287023171,1687613932.2045262,"['£2.35', '£3.73/kg']",2.35,£3.73/kg
1008,Quorn Picnic Egg 180G,https://www.tesco.com/groceries/en-GB/products/286748743,1687613938.63821,"['£2.00', '£11.11/kg']",2.0,£11.11/kg
1009,Tesco Chinese Stir Fry Sauce 180G,https://www.tesco.com/groceries/en-GB/products/290819648,1687613938.736914,"['£1.15', '£6.39/kg']",1.15,£6.39/kg
1010,Tesco Organic Raw Beetroot 450G,https://www.tesco.com/groceries/en-GB/products/281055891,1687613938.875144,"['£2.00', '£4.44/kg']",2.0,£4.44/kg
1011,Woodside Farms 12% Fat Pork Mince 500G,https://www.tesco.com/groceries/en-GB/products/292286358,1687613938.95421,"['£2.65', '£5.30/kg']",2.65,£5.30/kg
1012,Tesco 10 Mature Singles 200G,https://www.tesco.com/groceries/en-GB/products/274219518,1687613939.039148,"['£1.30', '£6.50/kg']",1.3,£6.50/kg
1013,Tesco Smoked Mackerel,https://www.tesco.com/groceries/en-GB/products/251631139,1687613939.129559,"['£3.25', '£12.50/kg']",3.25,£12.50/kg
1014,Tesco Chocolate Profiterole 12 Stack,https://www.tesco.com/groceries/en-GB/products/299936161,1687613939.286536,"['£3.50', '£0.29/each']",3.5,£0.29/each
1016,Tesco Finest 4 Pork Sausage Rolls 188G,https://www.tesco.com/groceries/en-GB/products/306500712,1687613939.493588,"['£2.65', '£1.41/100g']",2.65,£1.41/100g
1017,Tesco Finest Pesto & Basil Sauce 130G,https://www.tesco.com/groceries/en-GB/products/267023345,1687613939.6077518,"['£2.60', '£2.00/100g']",2.6,£2.00/100g
1018,Tesco Ready To Eat Flamegrilled Chicken Chunks 180G,https://www.tesco.com/groceries/en-GB/products/279797769,1687613939.708143,"['£3.00', '£1.67/100g']",3.0,£1.67/100g
1019,Tesco Finest Chicken Prawn & Chorizo Paella 400G,https://www.tesco.com/groceries/en-GB/products/312091546,1687613939.8035939,"['£4.25', '£10.62/kg']",4.25,£10.62/kg
1020,Hellmann's Vegan Mayonnaise 270G,https://www.tesco.com/groceries/en-GB/products/301956559,1687613939.9179468,"['£2.60', '£9.63/kg']",2.6,£9.63/kg
1021,Hearty Food Co. Breaded Chicken Goujons 270G,https://www.tesco.com/groceries/en-GB/products/298865009,1687613939.99223,"['£1.99', '£7.37/kg']",1.99,£7.37/kg
1022,Cauldron Falafel 200G,https://www.tesco.com/groceries/en-GB/products/266727804,1687613940.074195,"['£2.50', '£12.50/kg']",2.5,£12.50/kg
1023,Tesco Cold Water Prawns 150G,https://www.tesco.com/groceries/en-GB/products/301795289,1687613940.168688,"['£2.80', '£18.67/kg']",2.8,£18.67/kg
1024,Tesco Coronation Chicken Sandwich Filler 250G,https://www.tesco.com/groceries/en-GB/products/306945122,1687613940.246023,"['£1.85', '£0.74/100g']",1.85,£0.74/100g
1025,Tesco 4 Vegetable Samosas 216G,https://www.tesco.com/groceries/en-GB/products/305831022,1687613940.319596,"['£2.15', '£9.95/kg']",2.15,£9.95/kg
1026,Innocent Kids Orange Mango & Pineapple 4X150ml,https://www.tesco.com/groceries/en-GB/products/305529830,1687613940.389771,"['£3.60', '£0.60/100ml']",3.6,£0.60/100ml
1027,Leerdammer Light Slices 160G,https://www.tesco.com/groceries/en-GB/products/273939900,1687613940.493087,"['£2.35', '£14.69/kg']",2.35,£14.69/kg
1028,Rustlers 2 Flame Grilled Cheese Burgers 264G,https://www.tesco.com/groceries/en-GB/products/314105742,1687613940.58775,"['£2.50', '£9.47/kg']",2.5,£9.47/kg
1029,Tesco Finest West Country Cheddar Coleslaw 250G,https://www.tesco.com/groceries/en-GB/products/296447560,1687613940.659402,"['£1.70', '£0.68/100g']",1.7,£0.68/100g
1030,Tesco Organic Large On The Vine Tomatoes 400G,https://www.tesco.com/groceries/en-GB/products/282723462,1687613940.73358,"['£2.00', '£5.00/kg']",2.0,£5.00/kg
1031,Bertolli Light 450G,https://www.tesco.com/groceries/en-GB/products/312086743,1687613940.811219,"['£2.85', '£6.33/kg']",2.85,£6.33/kg
1032,Tesco Soft Cheese 50% Less Fat Garlic & Herb 200G,https://www.tesco.com/groceries/en-GB/products/303618060,1687613940.9049401,"['£1.30', '£6.50/kg']",1.3,£6.50/kg
1033,Tesco Medium Pot Basil,https://www.tesco.com/groceries/en-GB/products/256180514,1687613940.978508,"['£1.50', '£1.50/each']",1.5,£1.50/each
1034,Nestle Nesquik Milk Slice Chocolate Flavour 4X26g,https://www.tesco.com/groceries/en-GB/products/286690153,1687613941.06077,"['£1.35', '£1.30/100g']",1.35,£1.30/100g
1035,Tesco Boneless Smoked Haddock 280G,https://www.tesco.com/groceries/en-GB/products/289820635,1687613941.133066,"['£5.60', '£20.00/kg']",5.6,£20.00/kg
1036,Tesco Strawberry Mousse 6X60g,https://www.tesco.com/groceries/en-GB/products/287661273,1687613941.2307599,"['£1.45', '£0.40/100g']",1.45,£0.40/100g
1037,Tesco Pumpkin Seeds 150G,https://www.tesco.com/groceries/en-GB/products/266387140,1687613941.306931,"['£1.20', '£8.00/kg']",1.2,£8.00/kg
1038,Tesco Ricotta 250G,https://www.tesco.com/groceries/en-GB/products/257596614,1687613941.3787498,"['£1.40', '£5.60/kg']",1.4,£5.60/kg
1039,Rustlers Marinara Meatball Sub 143G,https://www.tesco.com/groceries/en-GB/products/311950592,1687613941.448213,"['£2.25', '£1.57/100g']",2.25,£1.57/100g
1040,Tesco Large Selection Grapes 800G Pack,https://www.tesco.com/groceries/en-GB/products/294076120,1687613941.547488,"['£2.75', '£3.44/kg']",2.75,£3.44/kg
1041,Tesco Apricots 320G,https://www.tesco.com/groceries/en-GB/products/279233078,1687613941.618158,"['£1.25', '£3.91/kg']",1.25,£3.91/kg
1042,Woodside Farms Cooking Bacon 500G,https://www.tesco.com/groceries/en-GB/products/292310837,1687613941.6872718,"['£0.90', '£1.80/kg']",0.9,£1.80/kg
1043,Tesco Figs Minimum 3 Pack,https://www.tesco.com/groceries/en-GB/products/272897950,1687613941.758614,"['£2.00', '£0.67/each']",2.0,£0.67/each
1044,Tesco Protein Noodles 300G,https://www.tesco.com/groceries/en-GB/products/299847531,1687613941.8294778,"['£1.25', '£4.17/kg']",1.25,£4.17/kg
1045,T.Skimmed Longlife Milk 6X1l,https://www.tesco.com/groceries/en-GB/products/254278011,1687613941.922823,"['£5.80', '£0.97/litre']",5.8,£0.97/litre
1046,Fage Total 0%Fat Greek Recipe Yogurt 450G,https://www.tesco.com/groceries/en-GB/products/311229525,1687613941.997796,"['£3.50', '£0.78/100g']",3.5,£0.78/100g
1047,Bramley Apple Pie Each,https://www.tesco.com/groceries/en-GB/products/256859922,1687613942.076947,"['£1.90', '£1.90/each']",1.9,£1.90/each
1048,Tesco Indian Onion Bhajis 294G,https://www.tesco.com/groceries/en-GB/products/273927062,1687613942.156291,"['£2.35', '£7.99/kg']",2.35,£7.99/kg
1049,Activiva Yogurt No Added Sugar Raspberry 4X115g,https://www.tesco.com/groceries/en-GB/products/308089763,1687613942.229121,"['£2.50', '£0.54/100g']",2.5,£0.54/100g
1050,Pilgrims Choice Mature Cheddar 350G,https://www.tesco.com/groceries/en-GB/products/268900953,1687613942.3030882,"['£4.20', '£12.00/kg']",4.2,£12.00/kg
1051,Tesco 4 Pork Loin Steaks 540G,https://www.tesco.com/groceries/en-GB/products/293273781,1687613942.3984509,"['£4.50', '£8.33/kg']",4.5,£8.33/kg
1052,Flora Pro Activ Buttery Taste Spread 450G,https://www.tesco.com/groceries/en-GB/products/312355454,1687613942.511117,"['£4.50', '£10.00/kg']",4.5,£10.00/kg
1053,Bol Cauliflower Truffle Power Soup 600G,https://www.tesco.com/groceries/en-GB/products/313856574,1687613942.607799,"['£3.30', '£0.55/100g']",3.3,£0.55/100g
1054,Tesco German Style Smoked Selection 120G,https://www.tesco.com/groceries/en-GB/products/305970899,1687613942.704511,"['£2.65', '£2.21/100g']",2.65,£2.21/100g
1055,Tesco Cambozola Blue Brie 175G,https://www.tesco.com/groceries/en-GB/products/260608828,1687613942.799366,"['£3.10', '£17.71/kg']",3.1,£17.71/kg
1056,Tesco Finest Madagascan Vanilla Yogurt 150G,https://www.tesco.com/groceries/en-GB/products/310170871,1687613948.5359528,"['£0.95', '£0.63/100g']",0.95,£0.63/100g
1057,Tesco Medium Fat Edam Cheese 310G,https://www.tesco.com/groceries/en-GB/products/275566531,1687613948.616607,"['£2.80', '£9.03/kg']",2.8,£9.03/kg
1058,Tesco 2 Breaded Chicken Breast Fillets 350,https://www.tesco.com/groceries/en-GB/products/281260313,1687613948.691419,"['£3.60', '£10.29/kg']",3.6,£10.29/kg
1059,Tesco Garlic & Rosemary Flatbread 220G,https://www.tesco.com/groceries/en-GB/products/286264762,1687613948.784895,"['£1.90', '£0.86/100g']",1.9,£0.86/100g
1060,Tesco 10 Medium Cheddar Slices 250G,https://www.tesco.com/groceries/en-GB/products/264156267,1687613948.868621,"['£2.75', '£11.00/kg']",2.75,£11.00/kg
1061,Lurpak Garlic Butter 125G,https://www.tesco.com/groceries/en-GB/products/262611446,1687613948.9652858,"['£2.25', '£18.00/kg']",2.25,£18.00/kg
1062,Tesco 8 Lincolnshire Sausages 454G,https://www.tesco.com/groceries/en-GB/products/261878876,1687613949.0396879,"['£2.30', '£5.07/kg']",2.3,£5.07/kg
1063,Tesco Finest Indian Style Spiced Cod & Rice F/Cakes 290G,https://www.tesco.com/groceries/en-GB/products/313516107,1687613949.1117282,"['£3.00', '£10.34/kg']",3.0,£10.34/kg
1064,Tesco Chunky Minestrone Soup 600G,https://www.tesco.com/groceries/en-GB/products/252074353,1687613949.2176168,"['£1.75', '£0.29/100g']",1.75,£0.29/100g
1065,Tesco Carbonara Sauce 350G,https://www.tesco.com/groceries/en-GB/products/251328257,1687613949.291649,"['£1.90', '£0.54/100g']",1.9,£0.54/100g
1066,Happy Monkey Strawberries & Bananas 4 Pack,https://www.tesco.com/groceries/en-GB/products/265160818,1687613949.375113,"['£2.30', '£0.32/100ml']",2.3,£0.32/100ml
1067,Onken Biopot Summer Raspberry Yogurt 450G,https://www.tesco.com/groceries/en-GB/products/268783825,1687613949.4505432,"['£1.95', '£0.43/100g']",1.95,£0.43/100g
1068,Tesco Finest Meal Deal Potato Dauphinoise 400G,https://www.tesco.com/groceries/en-GB/products/313002329,1687613949.549118,"['£2.75', '£6.88/kg']",2.75,£6.88/kg
1069,Tesco Finest Shiitake Mushrooms 125G,https://www.tesco.com/groceries/en-GB/products/273664769,1687613949.653423,"['£1.75', '£14.00/kg']",1.75,£14.00/kg
1070,Tesco Finest Mini San Marzano Tomatoes 270G,https://www.tesco.com/groceries/en-GB/products/278004806,1687613949.725017,"['£1.80', '£6.67/kg']",1.8,£6.67/kg
1071,Ginsters Creamy Tomato Chicken & Mozzarella Slice 170G,https://www.tesco.com/groceries/en-GB/products/313504162,1687613949.796909,"['£1.95', '£1.15/100g']",1.95,£1.15/100g
1072,Tesco Prime Cuts Roast Chicken & Stuffing 4 Slices 100G,https://www.tesco.com/groceries/en-GB/products/312215577,1687613949.874193,"['£2.25', '£2.25/100g']",2.25,£2.25/100g
1073,Celeriac Catchweight,https://www.tesco.com/groceries/en-GB/products/255932007,1687613949.971623,"['£1.16', '£1.45/kg']",1.16,£1.45/kg
1074,Tesco Prosciutto Cotto 100G,https://www.tesco.com/groceries/en-GB/products/304781404,1687613950.04601,"['£1.66', '£1.66/100g']",1.66,£1.66/100g
1075,Tesco Steak & Ale Puff Pie 200G,https://www.tesco.com/groceries/en-GB/products/285346771,1687613950.118412,"['£1.75', '£0.88/100g']",1.75,£0.88/100g
1076,Tesco 6 Pack Cheese & Onion Rolls 360G,https://www.tesco.com/groceries/en-GB/products/268984455,1687613950.190141,"['£1.95', '£0.54/100g']",1.95,£0.54/100g
1077,Eastman's Pork & Egg Roll 5 Slices 125G,https://www.tesco.com/groceries/en-GB/products/299957493,1687613950.286819,"['£1.00', '£0.80/100g']",1.0,£0.80/100g
1078,Tesco Smoked Kippers With Butter,https://www.tesco.com/groceries/en-GB/products/255969252,1687613950.3631349,"['£1.58', '£7.50/kg']",1.58,£7.50/kg
1079,T Smoked Boneless Gammon Joint,https://www.tesco.com/groceries/en-GB/products/267158243,1687613950.4423199,"['£13.75', '£6.25/kg']",13.75,£6.25/kg
1080,Country Life Original Spreadable 750G,https://www.tesco.com/groceries/en-GB/products/273676409,1687613950.517809,"['£4.95', '£6.60/kg']",4.95,£6.60/kg
1081,Tesco Finest Pork Chops 500G,https://www.tesco.com/groceries/en-GB/products/285399356,1687613950.593845,"['£5.25', '£10.50/kg']",5.25,£10.50/kg
1082,Davidstow Extra Mature Crackler 320G,https://www.tesco.com/groceries/en-GB/products/277759790,1687613950.705962,"['£4.40', '£13.75/kg']",4.4,£13.75/kg
1083,Tesco Finest Creamy Buttery Mash 450G,https://www.tesco.com/groceries/en-GB/products/299982698,1687613950.804273,"['£2.75', '£6.11/kg']",2.75,£6.11/kg
1084,Tesco Soft Pitted Dates 250G,https://www.tesco.com/groceries/en-GB/products/274171043,1687613950.906079,"['£2.00', '£8.00/kg']",2.0,£8.00/kg
1085,Tesco British Pork Big Pack Crumbed Ham 400G,https://www.tesco.com/groceries/en-GB/products/276414756,1687613950.977994,"['£5.00', '£1.25/100g']",5.0,£1.25/100g
1086,Nestle Rolo Dessert 2X65g,https://www.tesco.com/groceries/en-GB/products/310182701,1687613951.073931,"['£1.85', '£1.42/100g']",1.85,£1.42/100g
1087,Tesco Finest Dinky Pork Sausages Rolls 144G,https://www.tesco.com/groceries/en-GB/products/313621345,1687613951.142943,"['£3.50', '£2.43/100g']",3.5,£2.43/100g
1088,Tesco Finest Spanish Spicy Chorizo 225G,https://www.tesco.com/groceries/en-GB/products/275318555,1687613951.2371242,"['£2.50', '£1.11/100g']",2.5,£1.11/100g
1089,Activia Prune Fusion Yogurt 4X120g,https://www.tesco.com/groceries/en-GB/products/308111910,1687613951.30704,"['£2.75', '£0.57/100g']",2.75,£0.57/100g
1090,Primula Cheese & Chive Tube 140G,https://www.tesco.com/groceries/en-GB/products/310169171,1687613951.405909,"['£1.85', '£13.21/kg']",1.85,£13.21/kg
1091,Innocent Orange Juice With Bits 1.35L,https://www.tesco.com/groceries/en-GB/products/271400354,1687613951.475965,"['£4.10', '£0.30/100ml']",4.1,£0.30/100ml
1092,Munch Bunch Double Up Strawberry Banana Fromage Frais 4X85g,https://www.tesco.com/groceries/en-GB/products/268776736,1687613951.573069,"['£2.00', '£0.59/100g']",2.0,£0.59/100g
1093,Tesco Four Cheese Tortelloni 300G,https://www.tesco.com/groceries/en-GB/products/299829426,1687613951.643796,"['£2.00', '£6.67/kg']",2.0,£6.67/kg
1094,Oatly Creamy Oat 250Ml,https://www.tesco.com/groceries/en-GB/products/293836605,1687613951.751883,"['£1.25', '£0.50/100ml']",1.25,£0.50/100ml
1095,Tesco Finest Dinky Cheese & Onion Muffins 150G,https://www.tesco.com/groceries/en-GB/products/313740964,1687613951.823072,"['£3.50', '£2.33/100g']",3.5,£2.33/100g
1096,Tesco Mango Passion Fruit Smoothie 750Ml,https://www.tesco.com/groceries/en-GB/products/305983377,1687613951.924055,"['£1.80', '£0.24/100ml']",1.8,£0.24/100ml
1097,Tesco Chicken & Bacon Sandwich Filler 250G,https://www.tesco.com/groceries/en-GB/products/307131922,1687613951.994356,"['£1.85', '£0.74/100g']",1.85,£0.74/100g
1098,Tesco Tomato & Basil Soup With Double Cream 600G,https://www.tesco.com/groceries/en-GB/products/293623680,1687613952.070983,"['£1.75', '£0.29/100g']",1.75,£0.29/100g
1099,Tesco Chicken & Vegetable Soup 600G,https://www.tesco.com/groceries/en-GB/products/290848285,1687613952.151568,"['£1.75', '£0.29/100g']",1.75,£0.29/100g
1100,Tesco 10 Red Leicester Slices 250G,https://www.tesco.com/groceries/en-GB/products/264156405,1687613952.22243,"['£2.75', '£11.00/kg']",2.75,£11.00/kg
1101,Tesco Chia Seeds 150G,https://www.tesco.com/groceries/en-GB/products/290594510,1687613952.316782,"['£1.20', '£8.00/kg']",1.2,£8.00/kg
1102,Tesco Reduced Fat Cumberland Sausage 454G,https://www.tesco.com/groceries/en-GB/products/299669459,1687613952.3963819,"['£2.30', '£5.07/kg']",2.3,£5.07/kg
1103,Tesco Honey Roast Ham Chunks 100G,https://www.tesco.com/groceries/en-GB/products/310162754,1687613952.530219,"['£2.25', '£2.25/100g']",2.25,£2.25/100g
1104,Tesco Frittata 300G,https://www.tesco.com/groceries/en-GB/products/313837453,1687613959.3844118,"['£2.65', '£0.88/100g']",2.65,£0.88/100g
1105,Tesco Butter Basted Turkey Breast Joint 640G,https://www.tesco.com/groceries/en-GB/products/266507796,1687613959.4892979,"['£6.00', '£9.38/kg']",6.0,£9.38/kg
1106,Tesco Beef Medallion Steak 227G,https://www.tesco.com/groceries/en-GB/products/308106479,1687613959.574681,"['£3.15', '£13.88/kg']",3.15,£13.88/kg
1108,Tesco Lamb Sliced Liver,https://www.tesco.com/groceries/en-GB/products/258016016,1687613959.727715,"['£1.98', '£4.40/kg']",1.98,£4.40/kg
1109,Tesco Finest 8 Nduja Honey Mozzarella Pastry Bites 128G,https://www.tesco.com/groceries/en-GB/products/313745037,1687613959.805714,"['£3.50', '£2.73/100g']",3.5,£2.73/100g
1110,Tesco Finest Chicken Shawarma Empanadas 200G,https://www.tesco.com/groceries/en-GB/products/313951674,1687613959.911191,"['£3.50', '£1.75/100g']",3.5,£1.75/100g
1112,Tesco Finest Skinless & Boneless Cod Loins 280G,https://www.tesco.com/groceries/en-GB/products/303270573,1687613960.09151,"['£5.60', '£20.00/kg']",5.6,£20.00/kg
1113,Tesco Fish Pie Mix 340G,https://www.tesco.com/groceries/en-GB/products/304377492,1687613960.162414,"['£4.55', '£13.38/kg']",4.55,£13.38/kg
1114,Yeo Valley Organic Block Butter 250G,https://www.tesco.com/groceries/en-GB/products/257854718,1687613960.23519,"['£3.00', '£12.00/kg']",3.0,£12.00/kg
1115,Benecol Light Spread 500G,https://www.tesco.com/groceries/en-GB/products/252552749,1687613960.312931,"['£4.50', '£9.00/kg']",4.5,£9.00/kg
1116,Muller Light Fat Free Mango Psn/Fruit Peach Yogurt 6X140g,https://www.tesco.com/groceries/en-GB/products/311229018,1687613960.3847868,"['£3.50', '£0.42/100g']",3.5,£0.42/100g
1117,Tesco 12 Cumberland British Pork Sausages 681G,https://www.tesco.com/groceries/en-GB/products/262615661,1687613960.459142,"['£3.40', '£4.99/kg']",3.4,£4.99/kg
1118,Koko Dairy Free Unsweetened Alternative Longlife Drink 1L,https://www.tesco.com/groceries/en-GB/products/297673324,1687613960.531911,"['£1.80', '£1.80/litre']",1.8,£1.80/litre
1119,Tesco Lamb Lamb Leg Steaks 450G,https://www.tesco.com/groceries/en-GB/products/281464487,1687613960.633635,"['£7.00', '£15.56/kg']",7.0,£15.56/kg
1120,Tesco Finest Fudge Yogurt 150G,https://www.tesco.com/groceries/en-GB/products/310116545,1687613960.7058141,"['£0.95', '£0.63/100g']",0.95,£0.63/100g
1121,Yeo Valley Greek Style Natural Yogurt 450G,https://www.tesco.com/groceries/en-GB/products/255639038,1687613960.777323,"['£2.15', '£0.48/100g']",2.15,£0.48/100g
1122,Mattessons Smoked Pork Sausage Original 260G,https://www.tesco.com/groceries/en-GB/products/305055105,1687613960.850239,"['£3.00', '£1.15/100g']",3.0,£1.15/100g
1123,Tesco Raspberry Trifle 600G,https://www.tesco.com/groceries/en-GB/products/254154797,1687613960.9547892,"['£3.00', '£0.50/100g']",3.0,£0.50/100g
1124,Tesco Braised Beef & Mash 400G,https://www.tesco.com/groceries/en-GB/products/310675723,1687613961.027058,"['£3.00', '£7.50/kg']",3.0,£7.50/kg
1125,Fage Total 0%Fat Greek Recipe Yogurt Honey 150G,https://www.tesco.com/groceries/en-GB/products/311250927,1687613961.125828,"['£1.35', '£0.90/100g']",1.35,£0.90/100g
1126,Petits Filous No Added Sugar Strawberry Banana Fromage Frais 6 X 47G,https://www.tesco.com/groceries/en-GB/products/304375298,1687613961.23236,"['£1.85', '£0.66/100g']",1.85,£0.66/100g
1127,Tesco Stonebaked Spinach & Ricotta Pizza 314G,https://www.tesco.com/groceries/en-GB/products/303806102,1687613961.304933,"['£3.50', '£1.12/100g']",3.5,£1.12/100g
1128,Cadbury Wispa Bubbles Of Joy Chocolate Mss 4X45g,https://www.tesco.com/groceries/en-GB/products/276760656,1687613961.4072452,"['£2.00', '£1.11/100g']",2.0,£1.11/100g
1129,Tesco Black & Green Olives 120G,https://www.tesco.com/groceries/en-GB/products/311271963,1687613961.480381,"['£1.60', '£1.33/100g']",1.6,£1.33/100g
1130,Leerdammer Slices 160G,https://www.tesco.com/groceries/en-GB/products/273939566,1687613961.553578,"['£2.35', '£14.69/kg']",2.35,£14.69/kg
1131,Primula Cheese & Ham Tube 140G,https://www.tesco.com/groceries/en-GB/products/310131739,1687613961.65279,"['£1.85', '£13.21/kg']",1.85,£13.21/kg
1132,Munch Bunch Squashums Strawberry & R'berry 6X60g,https://www.tesco.com/groceries/en-GB/products/268270021,1687613961.7269561,"['£2.30', '£0.64/100g']",2.3,£0.64/100g
1133,Seachill Cooked& Peeled King Prawns 150G,https://www.tesco.com/groceries/en-GB/products/306934596,1687613961.8233678,"['£2.39', '£1.59/100g']",2.39,£1.59/100g
1134,Tesco Finest Cheddar Red Onion Mini Flatbreads 295G,https://www.tesco.com/groceries/en-GB/products/286266161,1687613961.9044921,"['£2.55', '£0.86/100g']",2.55,£0.86/100g
1135,Tesco Shredded Ham Hock 100G,https://www.tesco.com/groceries/en-GB/products/310658214,1687613961.9993548,"['£2.25', '£2.25/100g']",2.25,£2.25/100g
1136,Ginsters Chicken And Mushroom Slice 170G,https://www.tesco.com/groceries/en-GB/products/277645475,1687613962.095933,"['£1.95', '£1.15/100g']",1.95,£1.15/100g
1137,Tesco Gammon Steaks P/Pple & Mango Relish 300G,https://www.tesco.com/groceries/en-GB/products/308112235,1687613962.1702662,"['£4.50', '£15.00/kg']",4.5,£15.00/kg
1138,Eastmans Cheese & Onion Quiche 400G,https://www.tesco.com/groceries/en-GB/products/300000081,1687613962.269737,"['£1.99', '£0.50/100g']",1.99,£0.50/100g
1139,Tesco Pineapple Chunks 145G,https://www.tesco.com/groceries/en-GB/products/302971678,1687613962.343395,"['£1.25', '£8.62/kg']",1.25,£8.62/kg
1140,Yazoo Chilled Strawberry Flavoured Milkshake 400Ml,https://www.tesco.com/groceries/en-GB/products/290369713,1687613962.429078,"['£1.20', '£0.30/100ml']",1.2,£0.30/100ml
1141,Seriously Strong Lighter Cheese Spreadable 125G,https://www.tesco.com/groceries/en-GB/products/276877236,1687613962.5621939,"['£1.58', '£12.64/kg']",1.58,£12.64/kg
1142,Tesco Finest Live Scottish Mussels 1Kg,https://www.tesco.com/groceries/en-GB/products/313857947,1687613962.6472151,"['£3.00', '£0.30/100g']",3.0,£0.30/100g
1143,Tesco Cheddar & Bacon Quiche 400G,https://www.tesco.com/groceries/en-GB/products/288017396,1687613962.721594,"['£2.50', '£0.62/100g']",2.5,£0.62/100g
1144,Tesco Cheddar Mash 450G,https://www.tesco.com/groceries/en-GB/products/299982617,1687613962.800572,"['£1.50', '£3.33/kg']",1.5,£3.33/kg
1145,Tesco Cambozola Blue Brie 160G,https://www.tesco.com/groceries/en-GB/products/302280319,1687613962.903504,"['£2.75', '£17.19/kg']",2.75,£17.19/kg
1146,Tesco British Pork Belly Slices,https://www.tesco.com/groceries/en-GB/products/256564625,1687613963.013081,"['£3.90', '£7.80/kg']",3.9,£7.80/kg
1147,The Laughing Cow Light Cheese Spread Triangles 16Pk 267G,https://www.tesco.com/groceries/en-GB/products/309477204,1687613963.09077,"['£2.95', '£11.05/kg']",2.95,£11.05/kg
1148,Tesco Tomato & Mozzarella Pasta Bake 400G,https://www.tesco.com/groceries/en-GB/products/310109145,1687613963.166913,"['£3.00', '£7.50/kg']",3.0,£7.50/kg
1149,Tesco Pork Shoulder Steaks 700G,https://www.tesco.com/groceries/en-GB/products/281085590,1687613963.330614,"['£5.00', '£7.14/kg']",5.0,£7.14/kg
1150,Tesco Organic Chestnut Mushrooms 250 G,https://www.tesco.com/groceries/en-GB/products/254707265,1687613963.440219,"['£2.15', '£8.60/kg']",2.15,£8.60/kg
1151,Tesco 2 Sticky Toffee Pudding 235G,https://www.tesco.com/groceries/en-GB/products/297297337,1687613963.524447,"['£2.50', '£1.06/100g']",2.5,£1.06/100g
1152,Tesco Strawberry Yogurt Drinks 6X100g,https://www.tesco.com/groceries/en-GB/products/264799122,1687613972.043448,"['£1.90', '£0.32/100g']",1.9,£0.32/100g
1153,Pure Sunflower 500G,https://www.tesco.com/groceries/en-GB/products/254263587,1687613972.13347,"['£2.15', '£4.30/kg']",2.15,£4.30/kg
1154,Coffee & Milk Latte Cappuccino Iced Coffee 250Ml,https://www.tesco.com/groceries/en-GB/products/309175170,1687613972.216609,"['£0.95', '£0.38/100ml']",0.95,£0.38/100ml
1155,Tesco Lightly Dusted Cod Fillets 255G,https://www.tesco.com/groceries/en-GB/products/289553605,1687613972.305832,"['£4.15', '£16.28/kg']",4.15,£16.28/kg
1156,Tesco 2 Skinless & Boneless Basa Fillets 250G,https://www.tesco.com/groceries/en-GB/products/310150394,1687613972.403519,"['£2.75', '£11.00/kg']",2.75,£11.00/kg
1157,Tesco Double Gloucester Onion & Chives 200G,https://www.tesco.com/groceries/en-GB/products/258663021,1687613972.476875,"['£2.45', '£12.25/kg']",2.45,£12.25/kg
1158,Alpro Barista Oat Long Life Drink 1 Litre,https://www.tesco.com/groceries/en-GB/products/304788437,1687613972.545772,"['£2.30', '£2.30/litre']",2.3,£2.30/litre
1159,Tesco Finest Roasted Hazelnut Yogurt 150G,https://www.tesco.com/groceries/en-GB/products/310152294,1687613972.6185238,"['£0.95', '£0.63/100g']",0.95,£0.63/100g
1160,Tesco Cheese & Onion Sandwich Filler 250G,https://www.tesco.com/groceries/en-GB/products/307143666,1687613972.691604,"['£1.85', '£0.74/100g']",1.85,£0.74/100g
1161,Golden King Buttery Golden Potatoes 2Kg,https://www.tesco.com/groceries/en-GB/products/312833044,1687613972.764195,"['£1.75', '£0.88/kg']",1.75,£0.88/kg
1162,Tesco Wensleydale Cheese 220G,https://www.tesco.com/groceries/en-GB/products/300257076,1687613972.844766,"['£2.45', '£11.14/kg']",2.45,£11.14/kg
1163,Tesco 2 Breaded Cod Fillets 300G,https://www.tesco.com/groceries/en-GB/products/304381123,1687613972.9182951,"['£3.15', '£10.50/kg']",3.15,£10.50/kg
1164,Fage Total 0% Fat Greek Recipe Yogurt 150G,https://www.tesco.com/groceries/en-GB/products/311222204,1687613972.993643,"['£1.50', '£1.00/100g']",1.5,£1.00/100g
1165,Tesco Caesar Salad Kit 250G,https://www.tesco.com/groceries/en-GB/products/313960605,1687613973.071124,"['£2.00', '£0.80/100g']",2.0,£0.80/100g
1166,Tesco 8 Garlic Ciabatta Slices 360G,https://www.tesco.com/groceries/en-GB/products/267114791,1687613973.1415691,"['£2.15', '£0.60/100g']",2.15,£0.60/100g
1167,Innocent Apple Juice 1.35L,https://www.tesco.com/groceries/en-GB/products/272489114,1687613973.214462,"['£4.10', '£0.30/100ml']",4.1,£0.30/100ml
1168,Tesco Crackling Pork Loin Joint 637G,https://www.tesco.com/groceries/en-GB/products/304380245,1687613973.314661,"['£6.00', '£9.42/kg']",6.0,£9.42/kg
1169,Tesco Strawberry Sensation Smoothie 750Ml,https://www.tesco.com/groceries/en-GB/products/305959509,1687613973.414407,"['£1.80', '£0.24/100ml']",1.8,£0.24/100ml
1170,Yeo Valley Organic Little Yeos Fruity Favourites Yogurt 4X85g,https://www.tesco.com/groceries/en-GB/products/312085018,1687613973.485433,"['£2.00', '£0.59/100g']",2.0,£0.59/100g
1171,Lactofree Cream 250Ml,https://www.tesco.com/groceries/en-GB/products/272153454,1687613973.5835211,"['£1.60', '£0.64/100ml']",1.6,£0.64/100ml
1172,Florette Classic Crispy Salad Strong 140g,https://www.tesco.com/groceries/en-GB/products/314581015,1687613973.6587,"['£1.70', '£1.21/100g']",1.7,£1.21/100g
1173,Tesco Quiche Lorraine 160G,https://www.tesco.com/groceries/en-GB/products/288731713,1687613973.751615,"['£1.70', '£1.06/100g']",1.7,£1.06/100g
1174,Tesco Sweet Crisp Salad 128G,https://www.tesco.com/groceries/en-GB/products/292482771,1687613973.875946,"['£1.10', '£0.86/100g']",1.1,£0.86/100g
1175,Seriously Cheese Vintage Cheddar Spreadable 125G,https://www.tesco.com/groceries/en-GB/products/303851911,1687613973.9535518,"['£1.58', '£12.64/kg']",1.58,£12.64/kg
1176,Tesco 2 Chicken Tikka Slices 300G,https://www.tesco.com/groceries/en-GB/products/260690999,1687613974.026952,"['£2.10', '£0.70/100g']",2.1,£0.70/100g
1178,Tesco Perfectly Ripe Peaches Minimum 3 Pack,https://www.tesco.com/groceries/en-GB/products/311423796,1687613974.1963499,"['£2.00', '£0.67/each']",2.0,£0.67/each
1179,Tesco Rice Noodles 300G,https://www.tesco.com/groceries/en-GB/products/290981805,1687613974.269131,"['£1.25', '£4.17/kg']",1.25,£4.17/kg
1180,Tesco Firepit Smoky Baby Potatoes With Bbq Glaze 500G,https://www.tesco.com/groceries/en-GB/products/313846298,1687613974.371679,"['£2.25', '£4.50/kg']",2.25,£4.50/kg
1181,Tesco 12 Bitesize Pork Pies 300G,https://www.tesco.com/groceries/en-GB/products/268835483,1687613974.46833,"['£2.20', '£0.73/100g']",2.2,£0.73/100g
1182,Pizza Express Sloppy Giuseppe Pizza 305G,https://www.tesco.com/groceries/en-GB/products/261385305,1687613974.570078,"['£5.50', '£1.80/100g']",5.5,£1.80/100g
1183,Tesco Finest Sausage & Mash 400G,https://www.tesco.com/groceries/en-GB/products/313618839,1687613974.639094,"['£4.25', '£10.62/kg']",4.25,£10.62/kg
1184,Tesco Hazelnuts 200G,https://www.tesco.com/groceries/en-GB/products/266374921,1687613974.733442,"['£2.75', '£13.75/kg']",2.75,£13.75/kg
1185,Tesco Finest Macaroni Cheese 400G,https://www.tesco.com/groceries/en-GB/products/313854501,1687613974.8063319,"['£4.25', '£10.62/kg']",4.25,£10.62/kg
1186,Benecol Strawberry Yogurt Drink 6X67.5G,https://www.tesco.com/groceries/en-GB/products/258208141,1687613974.9012868,"['£4.30', '£1.06/100g']",4.3,£1.06/100g
1187,Tesco Finest Roasted Pepper & Nduja Pasta 375G,https://www.tesco.com/groceries/en-GB/products/313844899,1687613974.994446,"['£4.25', '£11.33/kg']",4.25,£11.33/kg
1188,Benecol Light Natural Yogurt Drink 6 X 67.5G,https://www.tesco.com/groceries/en-GB/products/255080338,1687613975.094957,"['£4.30', '£1.06/100g']",4.3,£1.06/100g
1189,Tesco Toad In The Hole 340G,https://www.tesco.com/groceries/en-GB/products/285331903,1687613975.204861,"['£3.00', '£8.82/kg']",3.0,£8.82/kg
1190,Tesco British Ready To Eat Bbq Roast Chicken Wings 525G,https://www.tesco.com/groceries/en-GB/products/279819342,1687613975.303025,"['£3.70', '£0.70/100g']",3.7,£0.70/100g
1191,Tesco Finest Chicken Chow Mein 380G,https://www.tesco.com/groceries/en-GB/products/313739638,1687613975.375607,"['£4.25', '£11.18/kg']",4.25,£11.18/kg
1192,Wholefood Pine Nuts 100G,https://www.tesco.com/groceries/en-GB/products/254142569,1687613975.478415,"['£3.90', '£39.00/kg']",3.9,£39.00/kg
1193,Tesco British Pork Sausage Meat 375G,https://www.tesco.com/groceries/en-GB/products/274857718,1687613975.549474,"['£2.35', '£6.27/kg']",2.35,£6.27/kg
1194,Tesco Bacon Strips 50G,https://www.tesco.com/groceries/en-GB/products/312345570,1687613975.629288,"['£3.00', '£6.00/100g']",3.0,£6.00/100g
1195,Tesco Small Smoked Gammon Joint,https://www.tesco.com/groceries/en-GB/products/297794117,1687613975.706796,"['£5.31', '£6.25/kg']",5.31,£6.25/kg
1196,Tesco Finest Chicken Primavera Pasta 375G,https://www.tesco.com/groceries/en-GB/products/313942117,1687613975.781078,"['£4.25', '£11.33/kg']",4.25,£11.33/kg
1197,Tesco Finest Steak Ragu Pappardelle 400G,https://www.tesco.com/groceries/en-GB/products/264744337,1687613975.8770182,"['£4.25', '£10.62/kg']",4.25,£10.62/kg
1198,Alpro Natural Yogurt 500G,https://www.tesco.com/groceries/en-GB/products/264866878,1687613975.97448,"['£2.10', '£0.42/100g']",2.1,£0.42/100g
1199,Tesco Finest Smoked Haddock Risotto 395G,https://www.tesco.com/groceries/en-GB/products/312985217,1687613976.044547,"['£4.25', '£10.76/kg']",4.25,£10.76/kg
1200,Tesco Finest Green Vegetable Selection 250G,https://www.tesco.com/groceries/en-GB/products/314434778,1687613981.885567,"['£2.75', '£11.00/kg']",2.75,£11.00/kg
1201,Frijj Fudge Brownie 400Ml,https://www.tesco.com/groceries/en-GB/products/297794470,1687613981.9882822,"['£1.50', '£0.38/100ml']",1.5,£0.38/100ml
1202,Creamfields Grated Mature Cheddar 250G,https://www.tesco.com/groceries/en-GB/products/303806049,1687613982.071318,"['£1.99', '£7.96/kg']",1.99,£7.96/kg
1203,Walls 4 Hearty Sausage Rolls 220G,https://www.tesco.com/groceries/en-GB/products/305956208,1687613982.1560519,"['£1.85', '£0.84/100g']",1.85,£0.84/100g
1204,Alpro Single Soya Uht Soya Alternative To Cream 250Ml,https://www.tesco.com/groceries/en-GB/products/255764252,1687613982.2346098,"['£1.20', '£0.48/100ml']",1.2,£0.48/100ml
1205,Tesco Finest Parmigiano Reggiano Parmesan 170G,https://www.tesco.com/groceries/en-GB/products/276772509,1687613982.3049119,"['£3.55', '£20.88/kg']",3.55,£20.88/kg
1206,Tesco Linguine 300G,https://www.tesco.com/groceries/en-GB/products/304396630,1687613982.4024582,"['£1.25', '£4.17/kg']",1.25,£4.17/kg
1207,Tesco 2 Ham & Cheese Slices 300G,https://www.tesco.com/groceries/en-GB/products/268949452,1687613982.474828,"['£2.10', '£0.70/100g']",2.1,£0.70/100g
1208,Tesco Tropical Juice Drink 1 Litre,https://www.tesco.com/groceries/en-GB/products/301219459,1687613982.570271,"['£1.15', '£0.12/100ml']",1.15,£0.12/100ml
1209,Tesco Free From Raspberry Strawberry Soya Alternative 4X90g,https://www.tesco.com/groceries/en-GB/products/297660437,1687613982.6778061,"['£1.20', '£0.33/100g']",1.2,£0.33/100g
1210,Tesco Fire Pit Babycorn Skewer & Bbq Glaze 210G,https://www.tesco.com/groceries/en-GB/products/313855546,1687613982.753344,"['£3.00', '£14.29/kg']",3.0,£14.29/kg
1211,Tesco Ready To Eat Extra Large Avocados Each,https://www.tesco.com/groceries/en-GB/products/284605046,1687613982.852499,"['£1.29', '£1.29/each']",1.29,£1.29/each
1212,Tesco Fire Pit Grilling Cheese & Vegetable Kebabs 256G,https://www.tesco.com/groceries/en-GB/products/308480748,1687613982.9289868,"['£3.00', '£11.72/kg']",3.0,£11.72/kg
1213,Tesco White Stilton Mango & Ginger Cheese 200G,https://www.tesco.com/groceries/en-GB/products/302277302,1687613983.031708,"['£2.90', '£14.50/kg']",2.9,£14.50/kg
1214,Tesco Baby Carrots In Water 300G,https://www.tesco.com/groceries/en-GB/products/312088361,1687613983.1319501,"['£0.45', '£2.43/kg DR.WT']",0.45,£2.43/kg DR.WT
1215,Tesco Finest Cheese Selection 480G,https://www.tesco.com/groceries/en-GB/products/276131664,1687613983.209265,"['£10.00', '£20.83/kg']",10.0,£20.83/kg
1216,Tesco Reduced Fat & Salt 10 Smoked Bacon Medallions 300G,https://www.tesco.com/groceries/en-GB/products/311682851,1687613983.2809532,"['£3.75', '£12.50/kg']",3.75,£12.50/kg
1217,Fage Total 5% Fat Greek Recipe Yogurt 450G,https://www.tesco.com/groceries/en-GB/products/311220949,1687613983.3585641,"['£3.50', '£0.78/100g']",3.5,£0.78/100g
1218,Tesco Roast In The Bag Rotisserie Style Whole Chicken 1.5Kg,https://www.tesco.com/groceries/en-GB/products/306941570,1687613983.430955,"['£6.00', '£4.00/kg']",6.0,£4.00/kg
1219,Tesco Sweet Chilli Salmon Flakes 80G,https://www.tesco.com/groceries/en-GB/products/305435007,1687613983.503126,"['£3.25', '£4.06/100g']",3.25,£4.06/100g
1220,Tesco Honey Roast Salmon Flakes 80G,https://www.tesco.com/groceries/en-GB/products/305529818,1687613983.578065,"['£3.25', '£4.06/100g']",3.25,£4.06/100g
1221,Benecol Yogurt Drink Rasp 6X67.5G,https://www.tesco.com/groceries/en-GB/products/297794152,1687613983.6550431,"['£4.30', '£1.06/100g']",4.3,£1.06/100g
1222,Tesco Finest Shepherds Pie 400G,https://www.tesco.com/groceries/en-GB/products/279899096,1687613983.752361,"['£4.25', '£10.62/kg']",4.25,£10.62/kg
1223,Alpro No Bits Strawberry Banana Yogurt Alternative 4X125g,https://www.tesco.com/groceries/en-GB/products/307758709,1687613983.850422,"['£2.50', '£0.50/100g']",2.5,£0.50/100g
1224,Flora Pro Activ Light Spread 450G,https://www.tesco.com/groceries/en-GB/products/312346649,1687613983.922921,"['£4.50', '£10.00/kg']",4.5,£10.00/kg
1225,Petits Filous Strawberry Drinking Yogurt 4X100g,https://www.tesco.com/groceries/en-GB/products/303930582,1687613984.023963,"['£2.25', '£0.56/100g']",2.25,£0.56/100g
1226,Tesco British Chicken Drumsticks 1Kg,https://www.tesco.com/groceries/en-GB/products/285210344,1687613984.10381,"['£3.00', '£3.00/kg']",3.0,£3.00/kg
1227,Tesco Finest Smoked Applewood Ham 125G,https://www.tesco.com/groceries/en-GB/products/296070895,1687613984.1815639,"['£3.25', '£2.60/100g']",3.25,£2.60/100g
1228,Rymer Farm Eggs Medium Free Range 12 Eggs,https://www.tesco.com/groceries/en-GB/products/285527908,1687613984.2763782,"['£3.10', '£0.26/each']",3.1,£0.26/each
1229,Tesco Finest Salami Milano 90G,https://www.tesco.com/groceries/en-GB/products/273635925,1687613984.34926,"['£2.40', '£2.67/100g']",2.4,£2.67/100g
1230,Muller Corner Bliss Cheesecake Salted Caramel 4X100g,https://www.tesco.com/groceries/en-GB/products/300543814,1687613984.4432,"['£2.75', '£0.69/100g']",2.75,£0.69/100g
1231,Innocent Kids Smoothies Apple & Blackcurrant 4X150ml,https://www.tesco.com/groceries/en-GB/products/305524927,1687613984.514435,"['£3.60', '£0.60/100ml']",3.6,£0.60/100ml
1232,Tesco Finest 2 Cod & Chorizo Fishcakes 290G,https://www.tesco.com/groceries/en-GB/products/299598583,1687613984.609972,"['£3.00', '£10.34/kg']",3.0,£10.34/kg
1233,Tesco Purple Sprouting Broccoli 200G,https://www.tesco.com/groceries/en-GB/products/280404472,1687613984.707625,"['£1.80', '£9.00/kg']",1.8,£9.00/kg
1234,Tesco Lighter Greek Salad Cheese 200G,https://www.tesco.com/groceries/en-GB/products/264252101,1687613984.779968,"['£1.80', '£9.00/kg']",1.8,£9.00/kg
1235,Tesco Crispy Roast Potatoes 450G,https://www.tesco.com/groceries/en-GB/products/260713127,1687613984.850132,"['£2.50', '£5.56/kg']",2.5,£5.56/kg
1236,Tesco Quark Fat Free Soft Cheese 250G,https://www.tesco.com/groceries/en-GB/products/285173410,1687613984.945319,"['£1.10', '£4.40/kg']",1.1,£4.40/kg
1237,Tesco Light Olive Spread 500G,https://www.tesco.com/groceries/en-GB/products/250583289,1687613985.0289128,"['£1.40', '£2.80/kg']",1.4,£2.80/kg
1238,Tesco Mini Roast Potatoes 500G,https://www.tesco.com/groceries/en-GB/products/299965759,1687613985.104842,"['£2.00', '£4.00/kg']",2.0,£4.00/kg
1239,Tesco Cheddar & Onion Quiche 160G,https://www.tesco.com/groceries/en-GB/products/288731765,1687613985.214868,"['£1.70', '£1.06/100g']",1.7,£1.06/100g
1240,Tesco Unsweetened Soya Milk Alternative 1L,https://www.tesco.com/groceries/en-GB/products/300118034,1687613985.3076742,"['£1.25', '£1.25/litre']",1.25,£1.25/litre
1241,Mlekovita Kefir Yogurt Style Drink 1Ltr,https://www.tesco.com/groceries/en-GB/products/278297723,1687613985.380384,"['£1.45', '£145.00/100ml']",1.45,£145.00/100ml
1242,Tesco Shropshire Blue Cheese 180G,https://www.tesco.com/groceries/en-GB/products/302280469,1687613985.457561,"['£2.50', '£13.89/kg']",2.5,£13.89/kg
1243,Tesco 10 Minced Beef Pasties 300G,https://www.tesco.com/groceries/en-GB/products/273234766,1687613985.553494,"['£2.20', '£0.73/100g']",2.2,£0.73/100g
1244,Tesco Strawberry Flavoured Milk 1L,https://www.tesco.com/groceries/en-GB/products/310176058,1687613985.653915,"['£1.25', '£0.12/100ml']",1.25,£0.12/100ml
1245,Eastmans Steak Pie 150G,https://www.tesco.com/groceries/en-GB/products/299668685,1687613985.728502,"['£1.20', '£0.80/100g']",1.2,£0.80/100g
1246,Tesco Apple And Mango From Concentrate 1 Litre,https://www.tesco.com/groceries/en-GB/products/289510599,1687613985.836138,"['£1.15', '£0.12/100ml']",1.15,£0.12/100ml
1247,Lindahls Kvarg Peach & Passion Fruit 150G Pot,https://www.tesco.com/groceries/en-GB/products/301253539,1687613985.953289,"['£1.25', '£0.83/100g']",1.25,£0.83/100g
1248,Growers Harvest Tropical Juice Drink 2L,https://www.tesco.com/groceries/en-GB/products/300473447,1687613991.885219,"['£1.35', '£0.07/100ml']",1.35,£0.07/100ml
1249,Tesco Broccoli Cheese 350G,https://www.tesco.com/groceries/en-GB/products/299443064,1687613991.966579,"['£1.50', '£4.29/kg']",1.5,£4.29/kg
1250,Lurpak Spreadable 750G,https://www.tesco.com/groceries/en-GB/products/312574321,1687613992.0754519,"['£6.65', '£8.87/kg']",6.65,£8.87/kg
1251,Tesco Lamb Diced Leg 300G,https://www.tesco.com/groceries/en-GB/products/282524801,1687613992.150039,"['£5.75', '£19.17/kg']",5.75,£19.17/kg
1252,Tesco Finest Ardennes With Wild Mushroom Jelly Pate 170G,https://www.tesco.com/groceries/en-GB/products/292278011,1687613992.231544,"['£3.00', '£1.76/100g']",3.0,£1.76/100g
1253,Clarence Court Old Cotswold Free Range Eggs 6 Pack,https://www.tesco.com/groceries/en-GB/products/301868238,1687613992.309218,"['£3.10', '£0.52/each']",3.1,£0.52/each
1254,Tesco Finest Scottish Salmon Fillets 240G,https://www.tesco.com/groceries/en-GB/products/303226327,1687613992.381108,"['£6.10', '£25.42/kg']",6.1,£25.42/kg
1255,Tesco Lightly Dusted Haddock Fillets 255G,https://www.tesco.com/groceries/en-GB/products/289553663,1687613992.4512708,"['£4.15', '£16.28/kg']",4.15,£16.28/kg
1256,Tesco Finest British Cornfed Free Range Thigh Fillets 430G,https://www.tesco.com/groceries/en-GB/products/275503762,1687613992.5243158,"['£4.60', '£10.70/kg']",4.6,£10.70/kg
1257,Tesco Fresh Custard 500G,https://www.tesco.com/groceries/en-GB/products/256727658,1687613992.606084,"['£2.05', '£0.41/100g']",2.05,£0.41/100g
1258,Tesco Ham & Mushroom Tagliatelle 400G,https://www.tesco.com/groceries/en-GB/products/310111280,1687613992.685216,"['£3.00', '£7.50/kg']",3.0,£7.50/kg
1259,Tesco Finest Raw Jumbo King Prawns 165G,https://www.tesco.com/groceries/en-GB/products/294007848,1687613992.784557,"['£4.00', '£24.24/kg']",4.0,£24.24/kg
1260,New Covent Garden Soup Co Vegetable Soup 560G,https://www.tesco.com/groceries/en-GB/products/307751142,1687613992.913308,"['£2.00', '£0.36/100g']",2.0,£0.36/100g
1261,Fridge Raiders Variety Chicken Bites Mini Packs 7 X 22.5G,https://www.tesco.com/groceries/en-GB/products/313835910,1687613992.9880881,"['£2.75', '£1.75/100g']",2.75,£1.75/100g
1262,Tesco Finest 0% Fat Greek Yogurt 500G,https://www.tesco.com/groceries/en-GB/products/275281049,1687613993.061151,"['£2.30', '£0.46/100g']",2.3,£0.46/100g
1263,Tesco Chicken Jalfrezi & Pilau Rice 400G,https://www.tesco.com/groceries/en-GB/products/310122514,1687613993.134839,"['£3.00', '£7.50/kg']",3.0,£7.50/kg
1264,Cathedral City Dairy Free Grated 150G,https://www.tesco.com/groceries/en-GB/products/312351579,1687613993.2288299,"['£2.50', '£16.67/kg']",2.5,£16.67/kg
1265,Danone Actimel Fat Free Strawberry Drink 8X100g,https://www.tesco.com/groceries/en-GB/products/255024950,1687613993.3349912,"['£3.50', '£0.44/100g']",3.5,£0.44/100g
1266,Wholefood Dried Mango 100G,https://www.tesco.com/groceries/en-GB/products/260733201,1687613993.428761,"['£2.00', '£20.00/kg']",2.0,£20.00/kg
1267,Dairylea Regular Triangles 250G,https://www.tesco.com/groceries/en-GB/products/285140372,1687613993.499508,"['£2.70', '£10.80/kg']",2.7,£10.80/kg
1268,Food Heaven Whipped Spray Cream Vegan 200Ml,https://www.tesco.com/groceries/en-GB/products/302296694,1687613993.570334,"['£2.00', '£1.00/100ml']",2.0,£1.00/100ml
1269,Tesco 2 Cream Slices,https://www.tesco.com/groceries/en-GB/products/299935900,1687613993.641768,"['£1.65', '£0.82/each']",1.65,£0.82/each
1270,Peperami Pizza Buns Original 4X40g,https://www.tesco.com/groceries/en-GB/products/313835789,1687613993.712854,"['£2.75', '£1.72/100g']",2.75,£1.72/100g
1271,Peperami Pizza Buns Hot 4X40g,https://www.tesco.com/groceries/en-GB/products/313857890,1687613993.810422,"['£2.75', '£1.72/100g']",2.75,£1.72/100g
1272,Innocent Tropical Juice 1.35 Litres,https://www.tesco.com/groceries/en-GB/products/276685837,1687613993.9119291,"['£4.10', '£0.30/100ml']",4.1,£0.30/100ml
1273,Tesco Ham & Cheese Cappelletti 300G,https://www.tesco.com/groceries/en-GB/products/299915134,1687613994.008042,"['£2.00', '£6.67/kg']",2.0,£6.67/kg
1274,Tesco 2 Chocolate Choux Buns,https://www.tesco.com/groceries/en-GB/products/300601648,1687613994.1048992,"['£1.50', '£0.75/each']",1.5,£0.75/each
1275,Tesco Mushroom Stir Fry Mix 320G,https://www.tesco.com/groceries/en-GB/products/308481684,1687613994.177206,"['£1.50', '£4.69/kg']",1.5,£4.69/kg
1276,Almond Breeze Unsweetened Fresh Drink 1 Litre,https://www.tesco.com/groceries/en-GB/products/273701571,1687613994.2752872,"['£1.75', '£0.18/100ml']",1.75,£0.18/100ml
1277,Tesco Crustless Cheddar & Onion Quiche 340G,https://www.tesco.com/groceries/en-GB/products/288174554,1687613994.34689,"['£2.50', '£0.74/100g']",2.5,£0.74/100g
1278,Tesco Pecan Nuts 100G,https://www.tesco.com/groceries/en-GB/products/266375275,1687613994.424661,"['£2.25', '£22.50/kg']",2.25,£22.50/kg
1279,Tesco Banana Flavoured Milk 1L,https://www.tesco.com/groceries/en-GB/products/310145337,1687613994.4951758,"['£1.25', '£0.12/100ml']",1.25,£0.12/100ml
1280,Tesco Organic Seasonal Apples,https://www.tesco.com/groceries/en-GB/products/306935710,1687613994.5686898,"['£2.00', '£0.50/each']",2.0,£0.50/each
1281,Tesco Ripe And Ready 2 Pack Mango,https://www.tesco.com/groceries/en-GB/products/260276321,1687613994.6409118,"['£1.70', '£0.85/each']",1.7,£0.85/each
1282,Eastmans Minced Beef & Onion Pasty 150G,https://www.tesco.com/groceries/en-GB/products/299816712,1687613994.740292,"['£0.52', '£0.35/100g']",0.52,£0.35/100g
1283,Fage Total 5% Fat Greek Recipe Yogurt 950G,https://www.tesco.com/groceries/en-GB/products/311211387,1687613994.81214,"['£5.50', '£0.58/100g']",5.5,£0.58/100g
1284,Tesco Finest Spicy Salami & Red Chilli Pizza 405G,https://www.tesco.com/groceries/en-GB/products/303806396,1687613994.882462,"['£4.75', '£1.17/100g']",4.75,£1.17/100g
1285,Tesco Smoked Prosciutto & Salami Plat 200G,https://www.tesco.com/groceries/en-GB/products/285415004,1687613994.9964008,"['£4.65', '£2.32/100g']",4.65,£2.32/100g
1286,Innocent Super Smoothie Strawberry Burst 4X150ml,https://www.tesco.com/groceries/en-GB/products/305984399,1687613995.094943,"['£4.10', '£0.68/100ml']",4.1,£0.68/100ml
1287,Danone Actimel Fat Free Original Drink 12X100g,https://www.tesco.com/groceries/en-GB/products/259050439,1687613995.179803,"['£4.50', '£0.38/100g']",4.5,£0.38/100g
1288,Tesco Chicken Roast Dinner 400G,https://www.tesco.com/groceries/en-GB/products/279477181,1687613995.2591949,"['£3.75', '£9.38/kg']",3.75,£9.38/kg
1289,Tesco Finest Beef Lasagne 700G,https://www.tesco.com/groceries/en-GB/products/282487464,1687613995.3298602,"['£6.50', '£9.29/kg']",6.5,£9.29/kg
1290,Mul/Rce Apple & Raspberry Low Fat Dessert 6X170g,https://www.tesco.com/groceries/en-GB/products/311941009,1687613995.4395468,"['£3.75', '£0.37/100g']",3.75,£0.37/100g
1291,Tesco British Ready To Eat Bbq Roast Chicken Drumsticks 430G,https://www.tesco.com/groceries/en-GB/products/279819238,1687613995.538647,"['£3.00', '£0.70/100g']",3.0,£0.70/100g
1292,Alpro Peach Yogurt Alternative 4X125g,https://www.tesco.com/groceries/en-GB/products/307758479,1687613995.6316092,"['£2.50', '£0.50/100g']",2.5,£0.50/100g
1293,Tesco Danish Blue 150G,https://www.tesco.com/groceries/en-GB/products/250745191,1687613995.705843,"['£2.30', '£15.33/kg']",2.3,£15.33/kg
1294,Tesco Basted Pork Loin Joint 800G,https://www.tesco.com/groceries/en-GB/products/272584462,1687613995.849925,"['£6.30', '£7.88/kg']",6.3,£7.88/kg
1295,Tesco Olives With Lemon & Herbs 200G,https://www.tesco.com/groceries/en-GB/products/305951035,1687613995.945429,"['£2.65', '£1.32/100g']",2.65,£1.32/100g
1296,Tesco Chocolate Trifle 3 X 119G,https://www.tesco.com/groceries/en-GB/products/303823231,1687614002.4958,"['£2.00', '£0.56/100g']",2.0,£0.56/100g
1297,Tesco Chinese Inspired Stir Fry Mix 320G,https://www.tesco.com/groceries/en-GB/products/301226549,1687614002.579783,"['£1.70', '£0.00/kg']",1.7,£0.00/kg
1298,Arla Skyr Vanilla Yogurt 450G,https://www.tesco.com/groceries/en-GB/products/297763650,1687614002.6854882,"['£1.75', '£0.39/100g']",1.75,£0.39/100g
1299,Tesco 100% Forest Fruits Juice 1 Litre,https://www.tesco.com/groceries/en-GB/products/293945257,1687614002.794872,"['£1.70', '£0.17/100ml']",1.7,£0.17/100ml
1300,President Emmental 200G,https://www.tesco.com/groceries/en-GB/products/282335126,1687614002.86875,"['£2.25', '£11.25/kg']",2.25,£11.25/kg
1301,Creamfields Greek Style Salad Cheese 200G,https://www.tesco.com/groceries/en-GB/products/299914861,1687614002.9432871,"['£0.85', '£4.25/kg']",0.85,£4.25/kg
1302,Tesco Cashew Nuts 25G,https://www.tesco.com/groceries/en-GB/products/299497633,1687614003.020027,"['£0.50', '£2.00/100g']",0.5,£2.00/100g
1303,Tesco Perfectly Ripe Gold Kiwi 4 Pack,https://www.tesco.com/groceries/en-GB/products/311274568,1687614003.119394,"['£2.10', '£0.52/each']",2.1,£0.52/each
1304,Dickinson & Morris Large Melton Mowbray Pork Pie 440G,https://www.tesco.com/groceries/en-GB/products/309198459,1687614003.190858,"['£4.00', '£0.91/100g']",4.0,£0.91/100g
1305,Mexicana Original Hot Cheddar With Chilli 200G,https://www.tesco.com/groceries/en-GB/products/293062790,1687614003.262816,"['£2.80', '£14.00/kg']",2.8,£14.00/kg
1306,Pizza Express Classic Pollo Ad Astra Pizza 290G,https://www.tesco.com/groceries/en-GB/products/308848810,1687614003.339155,"['£5.50', '£1.90/100g']",5.5,£1.90/100g
1307,Tesco Strawberry Cheesecake 3 X 100G,https://www.tesco.com/groceries/en-GB/products/253689428,1687614003.413792,"['£2.25', '£0.75/100g']",2.25,£0.75/100g
1308,Tesco Smoked Gammon Steaks 450G 2 Pack,https://www.tesco.com/groceries/en-GB/products/291126003,1687614003.49668,"['£4.50', '£10.00/kg']",4.5,£10.00/kg
1309,Yeo Valley Strawberry Yogurt 450G,https://www.tesco.com/groceries/en-GB/products/250983242,1687614003.595124,"['£2.25', '£0.50/100g']",2.25,£0.50/100g
1310,Tesco Peach & Apricot Yogurt Drinks 6X100g,https://www.tesco.com/groceries/en-GB/products/264798856,1687614003.6671948,"['£1.90', '£0.32/100g']",1.9,£0.32/100g
1311,Tesco Garlic & Herb Pork Loin Kievs 412G,https://www.tesco.com/groceries/en-GB/products/309790201,1687614003.74195,"['£4.10', '£9.95/kg']",4.1,£9.95/kg
1312,Arla Skyr Nordic Sour Cherry 150G,https://www.tesco.com/groceries/en-GB/products/287960103,1687614003.813707,"['£1.00', '£0.67/100g']",1.0,£0.67/100g
1313,Danone Actimel Fat Free Raspberry Drink 8X100g,https://www.tesco.com/groceries/en-GB/products/258837908,1687614003.934699,"['£3.50', '£0.44/100g']",3.5,£0.44/100g
1314,Danone Actimel Blueberry Drink 8X100g,https://www.tesco.com/groceries/en-GB/products/260928737,1687614004.042467,"['£3.50', '£0.44/100g']",3.5,£0.44/100g
1315,Coconut Collaborative Dairy Free Natural Coconut Yogurt 350G,https://www.tesco.com/groceries/en-GB/products/297954925,1687614004.144557,"['£2.95', '£0.84/100g']",2.95,£0.84/100g
1316,Tesco Tiramisu 2X85g,https://www.tesco.com/groceries/en-GB/products/300474164,1687614004.240156,"['£1.95', '£1.15/100g']",1.95,£1.15/100g
1317,Tesco Mediterranean Inspired Platter 230G,https://www.tesco.com/groceries/en-GB/products/285398910,1687614004.3175838,"['£2.65', '£1.15/100g']",2.65,£1.15/100g
1318,Tesco Beef Lasagne 1.5Kg,https://www.tesco.com/groceries/en-GB/products/275142629,1687614004.415711,"['£6.45', '£4.30/kg']",6.45,£4.30/kg
1319,Pieminster Classic Gravy 250Ml,https://www.tesco.com/groceries/en-GB/products/312840248,1687614004.51358,"['£1.95', '£0.78/100ml']",1.95,£0.78/100ml
1320,Mattessons Smoked Pork Sausage Original 160G,https://www.tesco.com/groceries/en-GB/products/305044533,1687614004.595767,"['£2.20', '£1.38/100g']",2.2,£1.38/100g
1321,Eastmans Sweet And Smoky Chicken Chunks 240G,https://www.tesco.com/groceries/en-GB/products/306827019,1687614004.7211268,"['£1.99', '£0.83/100g']",1.99,£0.83/100g
1322,Tesco Finest Lancashire Hot Pot 400G,https://www.tesco.com/groceries/en-GB/products/275491768,1687614004.7987032,"['£4.25', '£10.62/kg']",4.25,£10.62/kg
1323,Tesco Celery Fruit Nut Salad 300G,https://www.tesco.com/groceries/en-GB/products/261808665,1687614004.904351,"['£1.70', '£0.57/100g']",1.7,£0.57/100g
1324,Tesco Stonebaked Chargrilled Vegetable Pizza 307G,https://www.tesco.com/groceries/en-GB/products/303806148,1687614004.982869,"['£3.50', '£1.14/100g']",3.5,£1.14/100g
1325,Tesco Deli Pork Haslet 120G 120G,https://www.tesco.com/groceries/en-GB/products/312578357,1687614005.082653,"['£1.50', '£1.25/100g']",1.5,£1.25/100g
1326,Tesco Finest Moroccan Inspired Couscous 230G,https://www.tesco.com/groceries/en-GB/products/305831517,1687614005.161103,"['£2.35', '£1.02/100g']",2.35,£1.02/100g
1327,Tesco Pork Individual Ribs 700G,https://www.tesco.com/groceries/en-GB/products/281085768,1687614005.2629602,"['£5.25', '£7.50/kg']",5.25,£7.50/kg
1328,Happy Monkey Chocolate Milkshake 3X200ml,https://www.tesco.com/groceries/en-GB/products/282572363,1687614005.3480582,"['£1.20', '£0.20/100ml']",1.2,£0.20/100ml
1329,Tesco Katsu Curry Sauce 180G,https://www.tesco.com/groceries/en-GB/products/306941322,1687614005.423873,"['£1.15', '£6.39/kg']",1.15,£6.39/kg
1330,Fresh Pork Fillet,https://www.tesco.com/groceries/en-GB/products/256565146,1687614005.540535,"['£3.71', '£8.25/kg']",3.71,£8.25/kg
1331,Tesco Stuffed Peppers 320G,https://www.tesco.com/groceries/en-GB/products/306816120,1687614005.629267,"['£2.00', '£6.25/kg']",2.0,£6.25/kg
1332,Tesco Stir Fry Vegetable Medley 220G,https://www.tesco.com/groceries/en-GB/products/264653295,1687614005.762335,"['£2.25', '£10.23/kg']",2.25,£10.23/kg
1333,Tesco Finest Dry Cure Bacon Lardons 180G,https://www.tesco.com/groceries/en-GB/products/265279667,1687614005.878786,"['£3.65', '£20.28/kg']",3.65,£20.28/kg
1334,Tesco Chol Red Apricot & Peach Yogurt Drink 600G,https://www.tesco.com/groceries/en-GB/products/275889684,1687614005.964161,"['£3.00', '£0.50/100g']",3.0,£0.50/100g
1335,Alpro Growing Up Oat Drink 1 Litre,https://www.tesco.com/groceries/en-GB/products/310662597,1687614006.03366,"['£2.10', '£2.10/litre']",2.1,£2.10/litre
1336,Tesco 4 Southern Fried Breaded Chicken Steaks 505G,https://www.tesco.com/groceries/en-GB/products/264567593,1687614006.1060648,"['£3.60', '£7.13/kg']",3.6,£7.13/kg
1337,Actimel Strawberry Blueberry 12X100g,https://www.tesco.com/groceries/en-GB/products/283315114,1687614006.195474,"['£4.50', '£0.38/100g']",4.5,£0.38/100g
1338,Sabra Houmous Extra 200G,https://www.tesco.com/groceries/en-GB/products/283222229,1687614006.267647,"['£2.50', '£1.25/100g']",2.5,£1.25/100g
1339,Tesco Family Tiramisu 500G,https://www.tesco.com/groceries/en-GB/products/253922368,1687614006.346312,"['£3.30', '£0.66/100g']",3.3,£0.66/100g
1340,Violife Original Flavour Grated 200G,https://www.tesco.com/groceries/en-GB/products/302277589,1687614006.4170702,"['£2.75', '£13.75/kg']",2.75,£13.75/kg
1341,Arla Protein Salted Caramel Flavoured Pudding 200G,https://www.tesco.com/groceries/en-GB/products/314582112,1687614006.518859,"['£1.75', '£0.88/100g']",1.75,£0.88/100g
1342,President Uht Spray Cream 250G,https://www.tesco.com/groceries/en-GB/products/311674999,1687614006.613397,"['£2.30', '£0.92/100g']",2.3,£0.92/100g
1343,Quorn Mozzarella & Pesto Escalope 240G,https://www.tesco.com/groceries/en-GB/products/304786111,1687614006.6857028,"['£3.00', '£12.50/kg']",3.0,£12.50/kg
1344,Alpro Coconut 500G,https://www.tesco.com/groceries/en-GB/products/287042159,1687614012.878287,"['£2.10', '£0.42/100g']",2.1,£0.42/100g
1345,Arla Skyr Strawberry 150G,https://www.tesco.com/groceries/en-GB/products/287960011,1687614012.956278,"['£1.00', '£0.67/100g']",1.0,£0.67/100g
1346,Tesco Pizza Base Mix 145G,https://www.tesco.com/groceries/en-GB/products/265869171,1687614013.076179,"['£0.80', '£5.52/kg']",0.8,£5.52/kg
1347,Annabel Karmel Mild Chicken Tikka And Rice 200G,https://www.tesco.com/groceries/en-GB/products/286999255,1687614013.1503758,"['£2.85', '£14.25/kg']",2.85,£14.25/kg
1348,Pukka Vegan Chicken & Mushroom Pie,https://www.tesco.com/groceries/en-GB/products/306946478,1687614013.244927,"['£2.00', '£0.95/100g']",2.0,£0.95/100g
1349,Alpro Dark Chocolate Soya Dessert 4X125g,https://www.tesco.com/groceries/en-GB/products/262697292,1687614013.318771,"['£1.85', '£0.37/100g']",1.85,£0.37/100g
1350,Innocent Kids Smoothie Peach Passion Fruit 4X150ml,https://www.tesco.com/groceries/en-GB/products/305528693,1687614013.400418,"['£3.60', '£0.60/100ml']",3.6,£0.60/100ml
1351,Philadelphia Light Mini Tub 140G (4X35g),https://www.tesco.com/groceries/en-GB/products/255721257,1687614013.500635,"['£1.95', '£13.93/kg']",1.95,£13.93/kg
1352,Minor Figures Barista Oat Drink 1L,https://www.tesco.com/groceries/en-GB/products/311444765,1687614013.574521,"['£1.79', '£1.79/litre']",1.79,£1.79/litre
1353,Tesco 2 Skinless Smoked Basa Fillets 240G,https://www.tesco.com/groceries/en-GB/products/310130222,1687614013.65774,"['£2.75', '£11.46/kg']",2.75,£11.46/kg
1354,Lancashire Farm Natural Fat Free Yogurt 1Kg,https://www.tesco.com/groceries/en-GB/products/281381417,1687614013.734273,"['£1.80', '£0.18/100g']",1.8,£0.18/100g
1355,Tesco Chicken Kiev Bites 216G,https://www.tesco.com/groceries/en-GB/products/268273749,1687614013.809676,"['£2.20', '£1.02/100g']",2.2,£1.02/100g
1356,The Collective Suckies Raspberry Yogurt 90G,https://www.tesco.com/groceries/en-GB/products/312341292,1687614013.9393249,"['£0.95', '£1.06/100g']",0.95,£1.06/100g
1358,Saint Agur Blue Creme Cheese 150G,https://www.tesco.com/groceries/en-GB/products/253201997,1687614014.1116412,"['£2.75', '£18.33/kg']",2.75,£18.33/kg
1359,Tesco Finest Four Cheese Bread With Pangratatto 245G,https://www.tesco.com/groceries/en-GB/products/313365204,1687614014.215824,"['£2.55', '£1.04/100g']",2.55,£1.04/100g
1360,Arla Protein Hazelnut Latte Pudding 200G,https://www.tesco.com/groceries/en-GB/products/314950028,1687614014.3134668,"['£1.75', '£0.88/100g']",1.75,£0.88/100g
1361,Coca Cola Regular 500Ml,https://www.tesco.com/groceries/en-GB/products/258458190,1687614014.411648,"['£1.85', '£0.37/100ml']",1.85,£0.37/100ml
1362,Tesco Coconut Drink 1 Litre,https://www.tesco.com/groceries/en-GB/products/307759312,1687614014.53146,"['£1.25', '£1.25/litre']",1.25,£1.25/litre
1363,Tesco Mozzarella Slices 250G,https://www.tesco.com/groceries/en-GB/products/309183540,1687614014.604306,"['£2.75', '£11.00/kg']",2.75,£11.00/kg
1364,Taste Original Chicken Satay Snack 40G,https://www.tesco.com/groceries/en-GB/products/304781047,1687614014.701025,"['£1.25', '£3.12/100g']",1.25,£3.12/100g
1365,Tesco Sliced Greens 300G,https://www.tesco.com/groceries/en-GB/products/273718534,1687614014.823327,"['£1.45', '£4.83/kg']",1.45,£4.83/kg
1366,Tesco Soft Baking Spread 2Kg,https://www.tesco.com/groceries/en-GB/products/254945593,1687614014.894631,"['£3.40', '£1.70/kg']",3.4,£1.70/kg
1367,Tesco No Added Sugar Cranberry Raspberry Juice Drink 1 Litre,https://www.tesco.com/groceries/en-GB/products/278082620,1687614014.96801,"['£1.15', '£0.12/100ml']",1.15,£0.12/100ml
1368,Tesco Finest Sweet & Sour Chicken & Egg Fried Rice 400G,https://www.tesco.com/groceries/en-GB/products/312100065,1687614015.0658271,"['£4.25', '£10.62/kg']",4.25,£10.62/kg
1369,Tesco Beef Brisket Joint In Gravy 380G,https://www.tesco.com/groceries/en-GB/products/304408369,1687614015.165411,"['£4.20', '£11.05/kg DR.WT']",4.2,£11.05/kg DR.WT
1370,Philadelphia Plant-Based Almond & Oat Soft Cheese Alternative 150G,https://www.tesco.com/groceries/en-GB/products/309167312,1687614015.241934,"['£2.75', '£18.33/kg']",2.75,£18.33/kg
1371,New Covent Garden Tomato & Basil Soup 560G,https://www.tesco.com/groceries/en-GB/products/307759329,1687614015.315397,"['£2.00', '£0.36/100g']",2.0,£0.36/100g
1372,Davidstow Mature Cornish Classic Cheddar 350G,https://www.tesco.com/groceries/en-GB/products/277759611,1687614015.391216,"['£4.40', '£12.57/kg']",4.4,£12.57/kg
1373,Tesco Mixed Olives With Garlic & Chilli 210G,https://www.tesco.com/groceries/en-GB/products/305831229,1687614015.4867089,"['£2.65', '£1.26/100g']",2.65,£1.26/100g
1374,Copella Apple Juice 1.35L,https://www.tesco.com/groceries/en-GB/products/301443833,1687614015.585581,"['£3.75', '£0.28/100ml']",3.75,£0.28/100ml
1375,"Tesco Liver, Bacon & Mash 400G",https://www.tesco.com/groceries/en-GB/products/310115402,1687614015.657494,"['£3.00', '£7.50/kg']",3.0,£7.50/kg
1376,Tesco Southern Fried Chicken Thighs & Drumsticks 800G,https://www.tesco.com/groceries/en-GB/products/304406171,1687614015.751453,"['£3.75', '£4.69/kg']",3.75,£4.69/kg
1377,Tesco Arrabbiata Sauce 350G,https://www.tesco.com/groceries/en-GB/products/251327978,1687614015.8226209,"['£1.90', '£0.54/100g']",1.9,£0.54/100g
1378,Light & Free Greek Style Strawberry Yogurt 4X115g,https://www.tesco.com/groceries/en-GB/products/292612152,1687614015.8993862,"['£2.50', '£0.54/100g']",2.5,£0.54/100g
1379,Cathedral City Lactose Free Mature Cheddar 200G,https://www.tesco.com/groceries/en-GB/products/302219551,1687614015.979677,"['£2.85', '£14.25/kg']",2.85,£14.25/kg
1380,Tesco Liver & Bacon 400G,https://www.tesco.com/groceries/en-GB/products/310167616,1687614016.085144,"['£3.00', '£7.50/kg']",3.0,£7.50/kg
1381,Muller Bliss Raspberry Greek Style Yogurt 4X105g,https://www.tesco.com/groceries/en-GB/products/311666404,1687614016.18464,"['£2.75', '£0.66/100g']",2.75,£0.66/100g
1382,Tesco Fish Pie 400G,https://www.tesco.com/groceries/en-GB/products/310157951,1687614016.2555,"['£3.00', '£7.50/kg']",3.0,£7.50/kg
1383,Tesco 2 Baked Potatoes With Cheddar 450G,https://www.tesco.com/groceries/en-GB/products/256638815,1687614016.3583229,"['£2.50', '£5.56/kg']",2.5,£5.56/kg
1384,Herta Chicken Frankfurter Hot Dogs 10 Pack 350G,https://www.tesco.com/groceries/en-GB/products/257904848,1687614016.4583192,"['£2.55', '£0.73/100g']",2.55,£0.73/100g
1385,Tesco Steak & Ale Puff Pastry Pie 500G,https://www.tesco.com/groceries/en-GB/products/285694277,1687614016.560027,"['£3.65', '£0.73/100g']",3.65,£0.73/100g
1386,Tesco Organic Courgettes 3 Pack,https://www.tesco.com/groceries/en-GB/products/262018816,1687614016.6324549,"['£2.40', '£0.80/each']",2.4,£0.80/each
1387,Tesco Sundried Tomatoes 225G,https://www.tesco.com/groceries/en-GB/products/296234028,1687614016.703855,"['£2.65', '£1.18/100g']",2.65,£1.18/100g
1388,Tesco Thai Green Chicken Curry & Jasmine Rice 400G,https://www.tesco.com/groceries/en-GB/products/310672922,1687614016.8031301,"['£3.00', '£7.50/kg']",3.0,£7.50/kg
1389,Tesco Sage & Onion Stuffing 336G,https://www.tesco.com/groceries/en-GB/products/284850296,1687614016.8977122,"['£2.35', '£0.01/kg']",2.35,£0.01/kg
1390,Tesco Battered Cod Fillet Bites 200G,https://www.tesco.com/groceries/en-GB/products/289708202,1687614016.969346,"['£2.50', '£12.50/kg']",2.5,£12.50/kg
1391,Tesco Finest Steak & Ale Pie 250G,https://www.tesco.com/groceries/en-GB/products/293742497,1687614017.039798,"['£3.40', '£1.36/100g']",3.4,£1.36/100g
1392,Tesco Smashed Avocado With Lime - 200G,https://www.tesco.com/groceries/en-GB/products/305942933,1687614022.631685,"['£2.00', '£1.00/100g']",2.0,£1.00/100g
1393,Cathedral City Nibbles Cheese 5X16g,https://www.tesco.com/groceries/en-GB/products/302461458,1687614022.708065,"['£1.95', '£24.38/kg']",1.95,£24.38/kg
1394,Chinese Leaf Each,https://www.tesco.com/groceries/en-GB/products/253559988,1687614022.818408,"['£1.35', '£1.35/kg']",1.35,£1.35/kg
1395,Tesco 20 Mini Cheese & Onion Rolls 220G,https://www.tesco.com/groceries/en-GB/products/288442548,1687614022.891718,"['£2.20', '£1.00/100g']",2.2,£1.00/100g
1396,Tesco 2 Cod Fishcakes 270G,https://www.tesco.com/groceries/en-GB/products/291845420,1687614022.986043,"['£1.80', '£6.67/kg']",1.8,£6.67/kg
1397,Tesco Chefs Trio 80G,https://www.tesco.com/groceries/en-GB/products/304398949,1687614023.061149,"['£1.25', '£15.62/kg']",1.25,£15.62/kg
1398,Love Beets Smokey Shred Beetroot 180G,https://www.tesco.com/groceries/en-GB/products/299917300,1687614023.1674628,"['£1.05', '£5.83/kg']",1.05,£5.83/kg
1399,The City Kitchen Baby Vegetable Stir Fry 200G,https://www.tesco.com/groceries/en-GB/products/311208723,1687614023.241932,"['£2.75', '£13.75/kg']",2.75,£13.75/kg
1400,Shagun Paneer Cheese,https://www.tesco.com/groceries/en-GB/products/254908718,1687614023.349257,"['£1.91', '£8.30/kg']",1.91,£8.30/kg
1401,Innocent Kids Strawberry Raspberry & Apple 10X150ml,https://www.tesco.com/groceries/en-GB/products/305251564,1687614023.425146,"['£7.00', '£0.47/100ml']",7.0,£0.47/100ml
1402,Oatly Organic Longlife Drink Alternative 1L,https://www.tesco.com/groceries/en-GB/products/251496638,1687614023.501057,"['£1.90', '£1.90/litre']",1.9,£1.90/litre
1403,Flora Plant Butter Spreadable 450G,https://www.tesco.com/groceries/en-GB/products/309456097,1687614023.575237,"['£3.60', '£8.00/kg']",3.6,£8.00/kg
1404,The Tofoo Co. Naked Xl Extra Firm Organic Tofu 450G,https://www.tesco.com/groceries/en-GB/products/306819791,1687614023.652129,"['£3.50', '£7.78/kg']",3.5,£7.78/kg
1405,Benecol Blueberry Yogurt Drink 6X67.5G,https://www.tesco.com/groceries/en-GB/products/268890208,1687614023.7259588,"['£4.30', '£1.06/100g']",4.3,£1.06/100g
1406,Bonne Maman Creme Caramel 4X100g,https://www.tesco.com/groceries/en-GB/products/264115299,1687614023.824969,"['£3.20', '£0.80/100g']",3.2,£0.80/100g
1407,Tesco Cumberland Pie 400G,https://www.tesco.com/groceries/en-GB/products/310132744,1687614023.900906,"['£3.00', '£7.50/kg']",3.0,£7.50/kg
1408,Tesco Ready To Eat Flame Grilled Chicken Mini Fillets 170G,https://www.tesco.com/groceries/en-GB/products/279817799,1687614023.999112,"['£3.00', '£1.76/100g']",3.0,£1.76/100g
1409,Jarlsberg Cheese 190G,https://www.tesco.com/groceries/en-GB/products/274233558,1687614024.093843,"['£2.70', '£14.21/kg']",2.7,£14.21/kg
1410,Tesco Lamb Shank In Mint Gravy 450G,https://www.tesco.com/groceries/en-GB/products/299803065,1687614024.18376,"['£5.25', '£11.67/kg']",5.25,£11.67/kg
1411,New Covent Garden Soup Co Mushroom Soup 560G,https://www.tesco.com/groceries/en-GB/products/307750009,1687614024.254112,"['£2.00', '£0.36/100g']",2.0,£0.36/100g
1412,Simon Howie Black Pudding 200G,https://www.tesco.com/groceries/en-GB/products/275477037,1687614024.326261,"['£1.75', '£8.75/kg']",1.75,£8.75/kg
1413,Cathedral City Mini Mature Lighter Cheese 6 X 20G,https://www.tesco.com/groceries/en-GB/products/302295862,1687614024.40378,"['£2.00', '£16.67/kg']",2.0,£16.67/kg
1414,Tesco British Lamb Mince 10% Fat 250G,https://www.tesco.com/groceries/en-GB/products/299054766,1687614024.476374,"['£3.75', '£15.00/kg']",3.75,£15.00/kg
1415,Tesco Fresh Diced Pork Topside 500G,https://www.tesco.com/groceries/en-GB/products/276105667,1687614024.5492969,"['£4.00', '£8.00/kg']",4.0,£8.00/kg
1416,Tesco Finest Blueberries 150G Class 1,https://www.tesco.com/groceries/en-GB/products/268412616,1687614024.648581,"['£2.50', '£16.67/kg']",2.5,£16.67/kg
1417,Arctic Coffee Cafe Latte 1 Litre,https://www.tesco.com/groceries/en-GB/products/305946232,1687614024.724044,"['£2.20', '£0.22/100ml']",2.2,£0.22/100ml
1418,Laughing Cow Dip And Crunch Original 140G,https://www.tesco.com/groceries/en-GB/products/282111218,1687614024.834454,"['£1.60', '£11.43/kg']",1.6,£11.43/kg
1419,Cadbury Layers Of Joy 2 Pack Chocolate 2X90g,https://www.tesco.com/groceries/en-GB/products/265544549,1687614024.910815,"['£1.70', '£0.94/100g']",1.7,£0.94/100g
1420,Tesco Seafood Seafood Cocktail Sandwich Filler 250G,https://www.tesco.com/groceries/en-GB/products/307344618,1687614024.98297,"['£1.85', '£0.74/100g']",1.85,£0.74/100g
1421,Diet Coke 500Ml,https://www.tesco.com/groceries/en-GB/products/258458339,1687614025.058227,"['£1.59', '£0.32/100ml']",1.59,£0.32/100ml
1422,Milkybar Mousse 4 X 55G,https://www.tesco.com/groceries/en-GB/products/289043126,1687614025.179641,"['£1.85', '£0.84/100g']",1.85,£0.84/100g
1423,Welch's Light Purple Grape Juice Drink 1 Litre,https://www.tesco.com/groceries/en-GB/products/260153979,1687614025.273393,"['£1.60', '£0.16/100ml']",1.6,£0.16/100ml
1424,Tesco Baking Spread 500G,https://www.tesco.com/groceries/en-GB/products/296747441,1687614025.345505,"['£1.45', '£2.90/kg']",1.45,£2.90/kg
1425,Ginsters Cheese & Onion Pasty 180G,https://www.tesco.com/groceries/en-GB/products/264716849,1687614025.420754,"['£1.95', '£1.08/100g']",1.95,£1.08/100g
1426,Tesco Organic Spring Onions 100G,https://www.tesco.com/groceries/en-GB/products/281056432,1687614025.5159948,"['£1.00', '£10.00/kg']",1.0,£10.00/kg
1427,Tesco Fire Pit Chunky Mushroom Kebabs 315G,https://www.tesco.com/groceries/en-GB/products/313957063,1687614025.589275,"['£3.25', '£10.32/kg']",3.25,£10.32/kg
1428,Tesco Pomegranate Juice Drink 1L,https://www.tesco.com/groceries/en-GB/products/258617858,1687614025.685111,"['£1.15', '£0.12/100ml']",1.15,£0.12/100ml
1429,The City Kitchen Tenderstem Stir Fry 200G,https://www.tesco.com/groceries/en-GB/products/311444984,1687614025.7924,"['£2.75', '£13.75/kg']",2.75,£13.75/kg
1430,Tesco Caramelised Red Onion Cheddar 180G,https://www.tesco.com/groceries/en-GB/products/306940127,1687614025.901932,"['£2.50', '£13.89/kg']",2.5,£13.89/kg
1431,Tesco Finest Roasted Butternut Squash & Stilton Crunch 400G,https://www.tesco.com/groceries/en-GB/products/314326561,1687614025.999937,"['£4.50', '£11.25/kg']",4.5,£11.25/kg
1432,Tesco Plant Chef 6 Cumberland Style Bangers 350G,https://www.tesco.com/groceries/en-GB/products/302275621,1687614026.0964649,"['£1.95', '£5.57/kg']",1.95,£5.57/kg
1433,Tesco Finest Flame Seared Peppers & Garlic & Paprika 400G,https://www.tesco.com/groceries/en-GB/products/314318473,1687614026.176157,"['£4.50', '£11.25/kg']",4.5,£11.25/kg
1434,Tesco Fire Pit Slow Cooked Sharing Bbq Box 1.185Kg,https://www.tesco.com/groceries/en-GB/products/313602184,1687614026.277796,"['£12.00', '£10.73/kg']",12.0,£10.73/kg
1435,Tesco Finest Butternut Squash Wedges With Garlic & Oregano 400G,https://www.tesco.com/groceries/en-GB/products/314310337,1687614026.375714,"['£4.50', '£11.25/kg']",4.5,£11.25/kg
1436,Tesco Finest Chilli & Black Bean Vegetable Trio 380G,https://www.tesco.com/groceries/en-GB/products/314305160,1687614026.492503,"['£4.50', '£11.84/kg']",4.5,£11.84/kg
1437,Tesco Finest Sweet Potato & Tikka Marinade 400G,https://www.tesco.com/groceries/en-GB/products/314092415,1687614026.598379,"['£4.50', '£11.25/kg']",4.5,£11.25/kg
1438,Tesco Room To Roam British Chicken Breast Fillets 650G,https://www.tesco.com/groceries/en-GB/products/308479935,1687614026.711246,"['£7.50', '£11.54/kg']",7.5,£11.54/kg
1439,Biotiful Dairy Kefir Drink Original 1 Litre,https://www.tesco.com/groceries/en-GB/products/305965589,1687614026.8017669,"['£3.50', '£350.00/100ml']",3.5,£350.00/100ml
1440,Cauldron 6 Lincolnshire Sausages 276G,https://www.tesco.com/groceries/en-GB/products/266752278,1687614033.1239161,"['£2.75', '£9.96/kg']",2.75,£9.96/kg
1441,Beyond Burger Plant Based Patties 226G,https://www.tesco.com/groceries/en-GB/products/305734051,1687614033.211201,"['£4.30', '£19.03/kg']",4.3,£19.03/kg
1442,Alpro Almond Long Life Drink 1 Litre,https://www.tesco.com/groceries/en-GB/products/272012512,1687614033.287157,"['£2.10', '£2.10/litre']",2.1,£2.10/litre
1443,New Covent Garden Soup Co Potato & Leek Soup 560G,https://www.tesco.com/groceries/en-GB/products/307756338,1687614033.368663,"['£2.00', '£0.36/100g']",2.0,£0.36/100g
1444,Tesco Organic Blueberries 150G,https://www.tesco.com/groceries/en-GB/products/256991482,1687614033.4480488,"['£2.60', '£17.33/kg']",2.6,£17.33/kg
1445,Gressingham Aromatic Half Duck 570G,https://www.tesco.com/groceries/en-GB/products/275152254,1687614033.524266,"['£8.70', '£15.26/kg']",8.7,£15.26/kg
1446,Muller Bliss Mascarpone Cherry 4 X 110G,https://www.tesco.com/groceries/en-GB/products/304399143,1687614033.624108,"['£2.75', '£0.62/100g']",2.75,£0.62/100g
1447,Light & Free Greek Style Raspberry Yogurt 4X115g,https://www.tesco.com/groceries/en-GB/products/292612503,1687614033.698279,"['£2.50', '£0.54/100g']",2.5,£0.54/100g
1448,Munch Bunch Squashum Strawberry Yogurt Drink 6 X90g,https://www.tesco.com/groceries/en-GB/products/262043323,1687614033.775327,"['£2.30', '£0.43/100g']",2.3,£0.43/100g
1449,Lactofree Spreadable 250G,https://www.tesco.com/groceries/en-GB/products/272260505,1687614033.846088,"['£2.25', '£9.00/kg']",2.25,£9.00/kg
1450,Tesco Trifle Chocolate 500G,https://www.tesco.com/groceries/en-GB/products/298005775,1687614033.923486,"['£3.00', '£0.60/100g']",3.0,£0.60/100g
1451,Tesco Roast Sliced Chicken 360G,https://www.tesco.com/groceries/en-GB/products/295014884,1687614033.99614,"['£4.55', '£1.26/100g']",4.55,£1.26/100g
1452,Tesco 2 Snack Melton Mowbray Pork Pies 150G,https://www.tesco.com/groceries/en-GB/products/256520009,1687614034.069298,"['£1.85', '£1.23/100g']",1.85,£1.23/100g
1453,Tesco German Salami Selection 120G,https://www.tesco.com/groceries/en-GB/products/277615281,1687614034.1727219,"['£2.00', '£1.67/100g']",2.0,£1.67/100g
1454,Muller Bliss Strawberry Greek Style Yogurt 4X105g,https://www.tesco.com/groceries/en-GB/products/311444333,1687614034.24465,"['£2.75', '£0.66/100g']",2.75,£0.66/100g
1455,Tesco Grated 30% Reduced Fat Mature Cheese 250G,https://www.tesco.com/groceries/en-GB/products/264641188,1687614034.3157802,"['£2.75', '£11.00/kg']",2.75,£11.00/kg
1456,Tesco Beef Ragu Ravioli 300G,https://www.tesco.com/groceries/en-GB/products/303615472,1687614034.423402,"['£2.00', '£6.67/kg']",2.0,£6.67/kg
1457,Philadelphia Light & Tasty Soft Cheese Snack 3 Pack 126G,https://www.tesco.com/groceries/en-GB/products/308839556,1687614034.52021,"['£1.50', '£11.90/kg']",1.5,£11.90/kg
1458,Tesco 2 Cheese & Onion Slices 300G,https://www.tesco.com/groceries/en-GB/products/268949550,1687614034.593791,"['£2.10', '£0.70/100g']",2.1,£0.70/100g
1459,Yazoo Chilled Banana Flavour Milkshake 400Ml,https://www.tesco.com/groceries/en-GB/products/290369673,1687614034.694114,"['£1.20', '£0.30/100ml']",1.2,£0.30/100ml
1460,Tesco Spaghetti 300G,https://www.tesco.com/groceries/en-GB/products/304372029,1687614034.792515,"['£1.25', '£4.17/kg']",1.25,£4.17/kg
1461,Copella Apple Juice 900Ml,https://www.tesco.com/groceries/en-GB/products/288306532,1687614034.863969,"['£2.75', '£0.31/100ml']",2.75,£0.31/100ml
1462,"Tesco 2 Chicken Breast With Cheese, Leeks & Bacon 390G",https://www.tesco.com/groceries/en-GB/products/284848075,1687614034.965386,"['£4.40', '£11.28/kg']",4.4,£11.28/kg
1463,Tesco Medium Pot Rosemary,https://www.tesco.com/groceries/en-GB/products/285507466,1687614035.062648,"['£1.50', '£1.50/each']",1.5,£1.50/each
1464,Cricket St Thomas Somerset Camembert 220G,https://www.tesco.com/groceries/en-GB/products/308468286,1687614035.137043,"['£2.60', '£11.82/kg']",2.6,£11.82/kg
1466,Tesco Finest British Cornfed Free Range Whole Chicken,https://www.tesco.com/groceries/en-GB/products/276054144,1687614035.325782,"['£10.23', '£6.20/kg']",10.23,£6.20/kg
1467,Tesco Finest Pork Loin Steaks 400G,https://www.tesco.com/groceries/en-GB/products/285400845,1687614035.4189708,"['£5.00', '£12.50/kg']",5.0,£12.50/kg
1468,Tesco Apple Crumble 500G,https://www.tesco.com/groceries/en-GB/products/307136220,1687614035.501411,"['£3.55', '£0.71/100g']",3.55,£0.71/100g
1469,Tesco Hot & Spicy Breaded Chicken Mini Fillets 305G,https://www.tesco.com/groceries/en-GB/products/267285351,1687614035.5853171,"['£3.30', '£10.82/kg']",3.3,£10.82/kg
1470,Tesco Roquefort 100G,https://www.tesco.com/groceries/en-GB/products/277465578,1687614035.6635158,"['£2.60', '£26.00/kg']",2.6,£26.00/kg
1471,Lindahls Salted Caramel Protein Pudding 140G,https://www.tesco.com/groceries/en-GB/products/311801406,1687614035.742122,"['£1.40', '£1.00/100g']",1.4,£1.00/100g
1472,Violife Original Sliced 200G,https://www.tesco.com/groceries/en-GB/products/285363364,1687614035.822328,"['£2.75', '£13.75/kg']",2.75,£13.75/kg
1473,Gosh Original Falafel 266G,https://www.tesco.com/groceries/en-GB/products/314436047,1687614035.896814,"['£2.95', '£11.09/kg']",2.95,£11.09/kg
1474,Dairylea Dunkers Ritz Cheese Snacks 6 Pack 258G,https://www.tesco.com/groceries/en-GB/products/308854318,1687614036.012109,"['£3.30', '£12.79/kg']",3.3,£12.79/kg
1475,Shagun Diced Paneer Cheese 500G,https://www.tesco.com/groceries/en-GB/products/254909625,1687614036.100225,"['£4.15', '£8.30/kg']",4.15,£8.30/kg
1476,Tesco Finest Wensleydale Cheese Cranberries & Blueberry 200G,https://www.tesco.com/groceries/en-GB/products/299770223,1687614036.173545,"['£3.15', '£15.75/kg']",3.15,£15.75/kg
1477,Tesco 2 Lemon & Pepper Sea Bass Fillets 200G,https://www.tesco.com/groceries/en-GB/products/299847820,1687614036.25305,"['£4.50', '£22.50/kg']",4.5,£22.50/kg
1478,Tesco 4 Pork Pies 300G,https://www.tesco.com/groceries/en-GB/products/299443104,1687614036.331145,"['£2.50', '£0.83/100g']",2.5,£0.83/100g
1479,Gosh! Aromatic Moroccan Falafel 266G,https://www.tesco.com/groceries/en-GB/products/314097404,1687614036.4152699,"['£2.95', '£11.09/kg']",2.95,£11.09/kg
1480,Alpro Yogurt Alternative Cherry 500G,https://www.tesco.com/groceries/en-GB/products/293836945,1687614036.536478,"['£2.10', '£0.42/100g']",2.1,£0.42/100g
1481,Gosh! Sweet Potato Pakora 266G,https://www.tesco.com/groceries/en-GB/products/314429848,1687614036.6454709,"['£2.95', '£11.09/kg']",2.95,£11.09/kg
1482,Tesco Chicken & Bacon Pasta Bake 750G,https://www.tesco.com/groceries/en-GB/products/310118785,1687614036.7692192,"['£4.00', '£5.33/kg']",4.0,£5.33/kg
1483,Tesco Mushroom Pate 100G,https://www.tesco.com/groceries/en-GB/products/303579905,1687614036.840808,"['£1.80', '£1.80/100g']",1.8,£1.80/100g
1484,Tesco Finest Vintage Cheddar 200G,https://www.tesco.com/groceries/en-GB/products/304404432,1687614036.912638,"['£2.75', '£13.75/kg']",2.75,£13.75/kg
1485,Tesco Raisin Mix 200G,https://www.tesco.com/groceries/en-GB/products/302685493,1687614037.0259662,"['£2.00', '£10.00/kg']",2.0,£10.00/kg
1486,Applewood Slices 160G,https://www.tesco.com/groceries/en-GB/products/266659562,1687614037.099699,"['£2.95', '£18.44/kg']",2.95,£18.44/kg
1487,Mexicana Slices 160G,https://www.tesco.com/groceries/en-GB/products/266659527,1687614037.194742,"['£2.80', '£17.50/kg']",2.8,£17.50/kg
1488,Tesco Greek Style Coconut Yogurt 450G,https://www.tesco.com/groceries/en-GB/products/303631291,1687614043.345564,"['£1.60', '£0.36/100g']",1.6,£0.36/100g
1489,Tesco Leek & Potato Soup 600G,https://www.tesco.com/groceries/en-GB/products/252074318,1687614043.4244092,"['£1.75', '£0.29/100g']",1.75,£0.29/100g
1490,Oatly Chocolate Longlife Drink Alternative 1L,https://www.tesco.com/groceries/en-GB/products/261747006,1687614043.50704,"['£1.80', '£1.80/litre']",1.8,£1.80/litre
1491,Gosh! Spinach & Pinenut Bites 266G,https://www.tesco.com/groceries/en-GB/products/313839727,1687614043.58676,"['£2.95', '£11.09/kg']",2.95,£11.09/kg
1492,Tesco Seasoned Roast Potatoes 800G,https://www.tesco.com/groceries/en-GB/products/309757887,1687614043.684333,"['£2.00', '£2.50/kg']",2.0,£2.50/kg
1493,"Tesco Apple, Lemon & Ginger Juice 1L",https://www.tesco.com/groceries/en-GB/products/306801166,1687614043.779519,"['£1.70', '£0.17/100ml']",1.7,£0.17/100ml
1494,Tesco Chicken & Gravy Shortcrust Pie 200G,https://www.tesco.com/groceries/en-GB/products/285334128,1687614043.8511128,"['£1.75', '£0.88/100g']",1.75,£0.88/100g
1495,Tesco Fresh Double Cream 150Ml,https://www.tesco.com/groceries/en-GB/products/262478806,1687614043.932632,"['£1.00', '£0.67/100ml']",1.0,£0.67/100ml
1496,Tesco Finest Unsmoked 6 Dry Cure Thick Cut Bacon 240G,https://www.tesco.com/groceries/en-GB/products/299054484,1687614044.006593,"['£3.50', '£14.58/kg']",3.5,£14.58/kg
1497,Wall's Vegan Jumbo Roll 120G,https://www.tesco.com/groceries/en-GB/products/304780273,1687614044.103497,"['£1.25', '£1.04/100g']",1.25,£1.04/100g
1498,Rustlers Hot Dog 146G,https://www.tesco.com/groceries/en-GB/products/253141802,1687614044.179212,"['£1.60', '£10.96/kg']",1.6,£10.96/kg
1499,Tesco Finest Jersey Whole Milk 1L,https://www.tesco.com/groceries/en-GB/products/311785228,1687614044.251065,"['£1.35', '£1.35/litre']",1.35,£1.35/litre
1500,Tesco Large Pineapple Each,https://www.tesco.com/groceries/en-GB/products/260905678,1687614044.3244202,"['£1.80', '£1.80/each']",1.8,£1.80/each
1501,Tesco British Pork Sliced Liver,https://www.tesco.com/groceries/en-GB/products/258016074,1687614044.427808,"['£1.00', '£2.50/kg']",1.0,£2.50/kg
1502,Tesco Meat & Vegetable Beef Mince 500G,https://www.tesco.com/groceries/en-GB/products/309484201,1687614044.508914,"['£2.75', '£5.50/kg']",2.75,£5.50/kg
1503,Tesco Sweet Bbq Pulled Pork 410G,https://www.tesco.com/groceries/en-GB/products/287207602,1687614044.580823,"['£4.20', '£10.24/kg']",4.2,£10.24/kg
1504,Tesco Apple Lattice Pie 500G,https://www.tesco.com/groceries/en-GB/products/267018676,1687614044.6532748,"['£3.65', '£0.73/100g']",3.65,£0.73/100g
1505,Tesco Flaked Almonds 250G,https://www.tesco.com/groceries/en-GB/products/312353525,1687614044.725396,"['£2.75', '£11.00/kg']",2.75,£11.00/kg
1506,Philadelphia Garlic & Herbs Soft Cheese 280G,https://www.tesco.com/groceries/en-GB/products/311795585,1687614044.797549,"['£3.25', '£11.61/kg']",3.25,£11.61/kg
1507,Benecol Peach & Apricot Yogurt Drink 6X67.5G,https://www.tesco.com/groceries/en-GB/products/260191530,1687614044.873162,"['£4.30', '£1.06/100g']",4.3,£1.06/100g
1508,Yeo Valley Organic Natural Yogurt 4X110g,https://www.tesco.com/groceries/en-GB/products/312716347,1687614044.967154,"['£2.40', '£0.54/100g']",2.4,£0.54/100g
1510,Tesco Spinach & Ricotta Cannelloni 400G,https://www.tesco.com/groceries/en-GB/products/310691450,1687614045.11577,"['£3.00', '£7.50/kg']",3.0,£7.50/kg
1511,Ramona's Heavenly Houmous Original 500G,https://www.tesco.com/groceries/en-GB/products/311254788,1687614045.210073,"['£3.00', '£0.60/100g']",3.0,£0.60/100g
1512,Yeo Valley Raspberry Yogurt 450G,https://www.tesco.com/groceries/en-GB/products/252293214,1687614045.284656,"['£2.25', '£0.50/100g']",2.25,£0.50/100g
1513,Tesco Pineapple Chunks 300G,https://www.tesco.com/groceries/en-GB/products/311449005,1687614045.358358,"['£2.25', '£7.50/kg']",2.25,£7.50/kg
1514,Highland Game Venison Burgers 227G,https://www.tesco.com/groceries/en-GB/products/273146980,1687614045.437931,"['£2.90', '£12.78/kg']",2.9,£12.78/kg
1515,President Slightly Salted Spreadable 250G,https://www.tesco.com/groceries/en-GB/products/277734139,1687614045.510574,"['£2.75', '£11.00/kg']",2.75,£11.00/kg
1516,Tesco Spaghetti & Meatballs 400G,https://www.tesco.com/groceries/en-GB/products/310660887,1687614045.586964,"['£3.00', '£7.50/kg']",3.0,£7.50/kg
1517,Lancashire Farm Greek Style Yogurt 1Kg,https://www.tesco.com/groceries/en-GB/products/294237345,1687614045.682121,"['£2.95', '£0.30/100g']",2.95,£0.30/100g
1518,Tesco Italian Salami Selection Platter 120G,https://www.tesco.com/groceries/en-GB/products/258091461,1687614045.752432,"['£2.50', '£2.08/100g']",2.5,£2.08/100g
1519,Light & Free Greek Style Cherry Yogurt 4X115g,https://www.tesco.com/groceries/en-GB/products/292612624,1687614045.823843,"['£2.50', '£0.54/100g']",2.5,£0.54/100g
1520,Tesco Feta And Herb Spinach Pastries 130G,https://www.tesco.com/groceries/en-GB/products/296233778,1687614045.900244,"['£2.65', '£2.04/100g']",2.65,£2.04/100g
1521,Tesco Italian Inspired Smoked Selection 120G,https://www.tesco.com/groceries/en-GB/products/296233444,1687614045.996185,"['£2.65', '£2.21/100g']",2.65,£2.21/100g
1522,The Real Yorkshire Pudding Co. 4 Large Gluten Free Yorkshire Puddings 160G,https://www.tesco.com/groceries/en-GB/products/309183275,1687614046.0925498,"['£2.25', '£1.41/100g']",2.25,£1.41/100g
1523,Yeo Valley Greek Style Honey Yogurt 450G,https://www.tesco.com/groceries/en-GB/products/256187378,1687614046.163881,"['£2.15', '£0.48/100g']",2.15,£0.48/100g
1524,Smarties Split Pot Vanilla Flavour Yogurt 4X107g,https://www.tesco.com/groceries/en-GB/products/312104222,1687614046.235903,"['£2.65', '£0.62/100g']",2.65,£0.62/100g
1525,Tesco Butternut Squash Soup 600G,https://www.tesco.com/groceries/en-GB/products/274747584,1687614046.3299892,"['£1.75', '£0.29/100g']",1.75,£0.29/100g
1526,Actimel Kids Strawberry Banana Yogurt Drink 4X100g,https://www.tesco.com/groceries/en-GB/products/309478497,1687614046.4144871,"['£1.90', '£0.48/100g']",1.9,£0.48/100g
1527,Mattessons Smoked Pork Sausages Reduced Fat 160G,https://www.tesco.com/groceries/en-GB/products/304789056,1687614046.4984572,"['£2.20', '£1.38/100g']",2.2,£1.38/100g
1528,Tesco 8 Iberico Cheese & Serrano Rollitos 88G,https://www.tesco.com/groceries/en-GB/products/305985726,1687614046.60129,"['£2.65', '£3.01/100g DR.WT']",2.65,£3.01/100g DR.WT
1529,Yeo Valley Half Fat Organic Creme Fraiche 200G,https://www.tesco.com/groceries/en-GB/products/251614235,1687614046.707716,"['£1.40', '£0.70/100g']",1.4,£0.70/100g
1530,Tesco Imperator Carrot 450G,https://www.tesco.com/groceries/en-GB/products/296424875,1687614046.7785301,"['£1.60', '£3.56/kg']",1.6,£3.56/kg
1531,Happy Monkey Orange Mango Smoothie 4X180ml,https://www.tesco.com/groceries/en-GB/products/265161034,1687614046.848649,"['£2.30', '£0.32/100ml']",2.3,£0.32/100ml
1532,Rustlers Bbq Pork Rib Sandwich 157G,https://www.tesco.com/groceries/en-GB/products/282997603,1687614046.929129,"['£2.25', '£14.33/kg']",2.25,£14.33/kg
1533,Tesco British Mild Cheddar Snack Sticks 5X20g,https://www.tesco.com/groceries/en-GB/products/300000046,1687614047.0234098,"['£1.70', '£17.00/kg']",1.7,£17.00/kg
1534,Oatly Vanilla Custard 250Ml,https://www.tesco.com/groceries/en-GB/products/293836640,1687614047.0944178,"['£1.30', '£0.52/100ml']",1.3,£0.52/100ml
1535,Vintage Red Fox Cheese 200G,https://www.tesco.com/groceries/en-GB/products/302285959,1687614047.1654022,"['£2.75', '£13.75/kg']",2.75,£13.75/kg
1536,Marmite Bites 100G (5X20g),https://www.tesco.com/groceries/en-GB/products/264186605,1687614054.1935601,"['£1.50', '£15.00/kg']",1.5,£15.00/kg
1537,Albert Bartlett Rooster Fries 300G,https://www.tesco.com/groceries/en-GB/products/311205801,1687614054.304546,"['£2.00', '£6.67/kg']",2.0,£6.67/kg
1538,Philadelphia Chives Soft Cheese 165G,https://www.tesco.com/groceries/en-GB/products/311679527,1687614054.437824,"['£2.20', '£13.33/kg']",2.2,£13.33/kg
1539,Ski Fruit Mousse Lemon Meringue 4X60g,https://www.tesco.com/groceries/en-GB/products/271935153,1687614054.577024,"['£1.25', '£0.52/100g']",1.25,£0.52/100g
1540,Tesco Fire Pit 10 Beef Burgers 920G,https://www.tesco.com/groceries/en-GB/products/313614947,1687614054.6706119,"['£5.75', '£6.25/kg']",5.75,£6.25/kg
1541,Tesco Salt & Pepper Chicken Joint 640G,https://www.tesco.com/groceries/en-GB/products/304415753,1687614054.767605,"['£6.00', '£9.38/kg']",6.0,£9.38/kg
1542,Tesco Finest Malaysian Inspired Coconut Noodle Laska 600G,https://www.tesco.com/groceries/en-GB/products/312350427,1687614054.8998861,"['£3.00', '£0.50/100g']",3.0,£0.50/100g
1543,Finne Brogue 6 Unsmoked Naked Back Bacon 200G,https://www.tesco.com/groceries/en-GB/products/299774138,1687614055.002246,"['£3.60', '£18.00/kg']",3.6,£18.00/kg
1544,Nomadic Oats Chocolate & Natural Yogurt 169G,https://www.tesco.com/groceries/en-GB/products/273556609,1687614055.098688,"['£1.50', '£0.89/100g']",1.5,£0.89/100g
1545,This Isn't Bacon Plant-Based Rashers 120G,https://www.tesco.com/groceries/en-GB/products/305968649,1687614055.194442,"['£3.50', '£29.17/kg']",3.5,£29.17/kg
1546,Lactofree Longlife Whole Milk 1L,https://www.tesco.com/groceries/en-GB/products/259366628,1687614055.294699,"['£1.90', '£1.90/litre']",1.9,£1.90/litre
1547,Mul/Rce Strawberry & Original Low Fat Dessert 6X170g,https://www.tesco.com/groceries/en-GB/products/311683850,1687614055.3921752,"['£3.75', '£0.37/100g']",3.75,£0.37/100g
1548,Tesco Finest The Ultimate Brisket & Chuck Burgers 340G,https://www.tesco.com/groceries/en-GB/products/303174687,1687614055.523069,"['£3.50', '£10.29/kg']",3.5,£10.29/kg
1549,Tesco Ready To Eat Piri Piri Chicken Pieces 180G,https://www.tesco.com/groceries/en-GB/products/282363121,1687614055.625291,"['£3.00', '£1.67/100g']",3.0,£1.67/100g
1550,Violife Vegan Epic Mature Cheddar Flavoured Block 200G,https://www.tesco.com/groceries/en-GB/products/305972822,1687614055.7203488,"['£2.75', '£13.75/kg']",2.75,£13.75/kg
1551,Violife Original Soft Cheese Dairy Alternative 200G,https://www.tesco.com/groceries/en-GB/products/285363243,1687614055.815404,"['£2.75', '£13.75/kg']",2.75,£13.75/kg
1552,Yeo Valley Lemon Curd Yogurt 450G,https://www.tesco.com/groceries/en-GB/products/267312994,1687614055.915766,"['£2.25', '£0.50/100g']",2.25,£0.50/100g
1553,Tesco 4 Finest Caramelised Onion Burger,https://www.tesco.com/groceries/en-GB/products/261742386,1687614056.013626,"['£4.10', '£9.03/kg']",4.1,£9.03/kg
1555,Oatly Skinny Oat Drink 1L,https://www.tesco.com/groceries/en-GB/products/305520119,1687614056.211839,"['£2.10', '£2.10/litre']",2.1,£2.10/litre
1556,Jus Rol Shortcrust Pastry Block 500G,https://www.tesco.com/groceries/en-GB/products/259727861,1687614056.3051698,"['£1.60', '£3.20/kg']",1.6,£3.20/kg
1557,Alpro Vanilla Soya Dessert 4 X 125G,https://www.tesco.com/groceries/en-GB/products/252955739,1687614056.409257,"['£1.85', '£0.37/100g']",1.85,£0.37/100g
1558,Tesco Finest Triple Cooked Chips 400G,https://www.tesco.com/groceries/en-GB/products/297660374,1687614056.5068219,"['£2.75', '£6.88/kg']",2.75,£6.88/kg
1559,Frijj Strawberry 400Ml,https://www.tesco.com/groceries/en-GB/products/297897687,1687614056.637262,"['£1.50', '£0.38/100ml']",1.5,£0.38/100ml
1560,Lactofree Grated Cheddar 200G,https://www.tesco.com/groceries/en-GB/products/287972469,1687614056.7367811,"['£2.50', '£12.50/kg']",2.5,£12.50/kg
1561,Cully&Sully Smoked Haddock&Salmon Chowder 400G,https://www.tesco.com/groceries/en-GB/products/278049407,1687614056.8423748,"['£2.00', '£0.50/100g']",2.0,£0.50/100g
1562,Leerdammer Original Grated Cheese 160G,https://www.tesco.com/groceries/en-GB/products/313854109,1687614056.943888,"['£2.35', '£14.69/kg']",2.35,£14.69/kg
1563,Tesco Cheese & Onion Sandwich,https://www.tesco.com/groceries/en-GB/products/253582556,1687614057.108617,"['£1.50', '£1.50/kg']",1.5,£1.50/kg
1564,Tropicana Orange Juice Smooth 4 X 250Ml,https://www.tesco.com/groceries/en-GB/products/260448994,1687614057.254912,"['£3.95', '£0.40/100ml']",3.95,£0.40/100ml
1565,Tesco Pomegranate 250G,https://www.tesco.com/groceries/en-GB/products/295747045,1687614057.3962839,"['£2.60', '£10.40/kg']",2.6,£10.40/kg
1566,Tesco 4 Cheese & Onion Pasties 520G,https://www.tesco.com/groceries/en-GB/products/268949607,1687614057.497674,"['£2.25', '£0.43/100g']",2.25,£0.43/100g
1567,Tesco Crustless Cheddar & Bacon Quiche 340G,https://www.tesco.com/groceries/en-GB/products/263515242,1687614057.6006882,"['£2.50', '£0.74/100g']",2.5,£0.74/100g
1568,Pork Farms 4 Mini Pork Pies,https://www.tesco.com/groceries/en-GB/products/264336757,1687614057.701376,"['£1.90', '£0.48/each']",1.9,£0.48/each
1569,Tesco High Protein Fromage Frais 500G,https://www.tesco.com/groceries/en-GB/products/299770269,1687614057.864886,"['£1.40', '£0.28/100g']",1.4,£0.28/100g
1570,Tesco Finest 4 Coastal Bite Cheddar Burger Melts 160G,https://www.tesco.com/groceries/en-GB/products/313843128,1687614057.9922261,"['£2.25', '£14.06/kg']",2.25,£14.06/kg
1571,Tesco Plant Chef 2 Meat Free Burgers 226G,https://www.tesco.com/groceries/en-GB/products/310132519,1687614058.1194382,"['£1.95', '£8.63/kg']",1.95,£8.63/kg
1572,Tesco Free From Apricot & Banana Soya Yogurt 4X90g,https://www.tesco.com/groceries/en-GB/products/295445707,1687614058.24925,"['£1.20', '£0.33/100g']",1.2,£0.33/100g
1573,Tesco Potato Wedges 500G,https://www.tesco.com/groceries/en-GB/products/308449568,1687614058.36306,"['£1.50', '£3.00/kg']",1.5,£3.00/kg
1574,Tesco Blueberry Yogurt Drink 6X100g,https://www.tesco.com/groceries/en-GB/products/273196447,1687614058.497729,"['£3.00', '£0.50/100g']",3.0,£0.50/100g
1575,Tesco Finest Moussaka 350G,https://www.tesco.com/groceries/en-GB/products/255222709,1687614058.61869,"['£4.25', '£12.14/kg']",4.25,£12.14/kg
1576,Tesco Maple Bbq Pork Loin Steaks 600G,https://www.tesco.com/groceries/en-GB/products/304390423,1687614058.792893,"['£5.45', '£9.08/kg']",5.45,£9.08/kg
1577,Tesco Coronation Chicken Sandwich Filler 450G,https://www.tesco.com/groceries/en-GB/products/286134029,1687614058.89431,"['£3.00', '£0.67/100g']",3.0,£0.67/100g
1578,Pizza Express Classic Margherita Pizza 447G,https://www.tesco.com/groceries/en-GB/products/302320891,1687614059.318308,"['£6.50', '£1.45/100g']",6.5,£1.45/100g
1579,Tesco 2 Syrup Sponge Puddings 220G,https://www.tesco.com/groceries/en-GB/products/297649095,1687614059.466381,"['£2.50', '£1.14/100g']",2.5,£1.14/100g
1580,Yeo Valley Organic Fruity Favourites Yogurt 4X110g,https://www.tesco.com/groceries/en-GB/products/312714871,1687614059.564845,"['£2.50', '£0.57/100g']",2.5,£0.57/100g
1581,Tesco Finest 4 Vintage Cheddar & Caramelised Onion Rolls 188G,https://www.tesco.com/groceries/en-GB/products/306494659,1687614059.665457,"['£2.65', '£1.41/100g']",2.65,£1.41/100g
1582,Pizza Express Ready Rolled Pizza Dough 400G,https://www.tesco.com/groceries/en-GB/products/309202473,1687614059.763747,"['£2.40', '£0.60/100g']",2.4,£0.60/100g
1583,The Laughing Cow Light Blue Triangles 128G,https://www.tesco.com/groceries/en-GB/products/274438466,1687614059.869778,"['£1.90', '£14.84/kg']",1.9,£14.84/kg
1584,The Vegetarian Butcher What The Cluck 160G,https://www.tesco.com/groceries/en-GB/products/303350536,1687614066.358294,"['£3.15', '£19.69/kg']",3.15,£19.69/kg
1585,Copella Apple And Elderflower Juice 1.35L,https://www.tesco.com/groceries/en-GB/products/301443856,1687614066.4803479,"['£3.75', '£0.28/100ml']",3.75,£0.28/100ml
1586,Applewood Vegan Smoky Cheese Alternative 200G,https://www.tesco.com/groceries/en-GB/products/305836512,1687614066.574903,"['£2.30', '£11.50/kg']",2.3,£11.50/kg
1587,Tesco Finest Smoked Pancetta 180G,https://www.tesco.com/groceries/en-GB/products/268274380,1687614066.660235,"['£3.00', '£16.67/kg']",3.0,£16.67/kg
1588,New Covent Garden Lentil & Smoked Bacon Soup 560G,https://www.tesco.com/groceries/en-GB/products/307736495,1687614066.7605178,"['£2.00', '£0.36/100g']",2.0,£0.36/100g
1589,Tesco Organic Beef Steak Mince 15% Fat 500G,https://www.tesco.com/groceries/en-GB/products/261965092,1687614066.8329961,"['£5.15', '£10.30/kg']",5.15,£10.30/kg
1590,Light & Free Greek Style Free Passion Fruit Yogurt 4X115g,https://www.tesco.com/groceries/en-GB/products/292612941,1687614066.903332,"['£2.50', '£0.54/100g']",2.5,£0.54/100g
1591,Tesco Finest Vintage Red Leicester Bite Cheese 200G,https://www.tesco.com/groceries/en-GB/products/299770160,1687614066.9791622,"['£2.85', '£14.25/kg']",2.85,£14.25/kg
1592,Tesco Finest 2 Scotch Eggs 260G,https://www.tesco.com/groceries/en-GB/products/305966087,1687614067.050935,"['£2.45', '£0.94/100g']",2.45,£0.94/100g
1593,Tesco Parmentier Potatoes 400G,https://www.tesco.com/groceries/en-GB/products/305055877,1687614067.12238,"['£2.00', '£5.00/kg']",2.0,£5.00/kg
1594,Tesco 8 Gouda & Chorizo Rollitos 88G,https://www.tesco.com/groceries/en-GB/products/297149440,1687614067.2436008,"['£2.65', '£3.01/100g']",2.65,£3.01/100g
1595,Tesco Chicken & Bacon Caesar Salad 265G,https://www.tesco.com/groceries/en-GB/products/287632423,1687614067.3430111,"['£2.75', '£1.04/100g']",2.75,£1.04/100g
1596,Tesco Medium Pot Coriander,https://www.tesco.com/groceries/en-GB/products/256220670,1687614067.4431832,"['£1.50', '£1.50/each']",1.5,£1.50/each
1597,Wholefood Roasted Monkey Nuts 250G,https://www.tesco.com/groceries/en-GB/products/256056991,1687614067.5149682,"['£1.30', '£5.20/kg']",1.3,£5.20/kg
1598,Tesco Mozzarella For Pizza 250G,https://www.tesco.com/groceries/en-GB/products/255087569,1687614067.6061592,"['£2.00', '£8.00/kg']",2.0,£8.00/kg
1599,Ocean Spray Cranberry & Raspberry Juice Drink 1 Litre,https://www.tesco.com/groceries/en-GB/products/257630874,1687614067.676607,"['£1.75', '£0.18/100ml']",1.75,£0.18/100ml
1600,Arla Skyr Strawberry 450G,https://www.tesco.com/groceries/en-GB/products/287960604,1687614067.8632052,"['£1.75', '£0.39/100g']",1.75,£0.39/100g
1601,Tesco British Turkey Breast Mince 2% Fat 500G,https://www.tesco.com/groceries/en-GB/products/313618678,1687614068.2683818,"['£4.50', '£9.00/kg']",4.5,£9.00/kg
1602,Mash Direct Potato Cheese Onion Croquette 300G,https://www.tesco.com/groceries/en-GB/products/279322733,1687614068.378703,"['£2.20', '£7.33/kg']",2.2,£7.33/kg
1603,Tesco Large Spring Onions Bunched 130G,https://www.tesco.com/groceries/en-GB/products/281054492,1687614068.504895,"['£1.00', '£7.69/kg']",1.0,£7.69/kg
1604,Tesco Bubble & Squeak Mash 350G,https://www.tesco.com/groceries/en-GB/products/299912189,1687614068.667306,"['£1.50', '£4.29/kg']",1.5,£4.29/kg
1605,Tesco German Smoked Ham 130G,https://www.tesco.com/groceries/en-GB/products/273429703,1687614068.7945879,"['£1.61', '£1.24/100g']",1.61,£1.24/100g
1606,Tesco British Turkey Breast Steaks 380G,https://www.tesco.com/groceries/en-GB/products/313609695,1687614068.874418,"['£4.50', '£11.84/kg']",4.5,£11.84/kg
1607,Ufit High Protein Milkshake Drink Strawberry 330Ml,https://www.tesco.com/groceries/en-GB/products/306504230,1687614068.949776,"['£2.00', '£0.61/100ml']",2.0,£0.61/100ml
1608,Tideford Organic Lentil & Spinach Dhal Soup 600G,https://www.tesco.com/groceries/en-GB/products/305970300,1687614069.037794,"['£3.25', '£0.54/100g']",3.25,£0.54/100g
1609,The Laughing Cow Original Cheese Spread Triangles 16Pk 267G,https://www.tesco.com/groceries/en-GB/products/309479352,1687614069.139362,"['£2.95', '£11.05/kg']",2.95,£11.05/kg
1610,Tesco Falafel 152G,https://www.tesco.com/groceries/en-GB/products/296233323,1687614069.214187,"['£2.65', '£1.74/100g']",2.65,£1.74/100g
1611,Koko Dairy Free Original Plus Calcium Longlife 1Litre,https://www.tesco.com/groceries/en-GB/products/276993835,1687614069.320742,"['£1.80', '£1.80/litre']",1.8,£1.80/litre
1612,Laughing Cow Lightest Cheese Spread Triangles 8Pk 133G,https://www.tesco.com/groceries/en-GB/products/309453329,1687614069.428849,"['£1.90', '£14.29/kg']",1.9,£14.29/kg
1613,Alpro Strawberry Yogurt Alternative 500G,https://www.tesco.com/groceries/en-GB/products/284254950,1687614069.505331,"['£2.10', '£0.42/100g']",2.1,£0.42/100g
1614,Tesco Macaroni Cheese 750G,https://www.tesco.com/groceries/en-GB/products/310699735,1687614069.583782,"['£4.00', '£5.33/kg']",4.0,£5.33/kg
1615,Muller Bliss Mascarpone Peach & Apricot 4 X 110G,https://www.tesco.com/groceries/en-GB/products/304417273,1687614069.6539679,"['£2.75', '£0.62/100g']",2.75,£0.62/100g
1616,Pukka Vegan Minced Beef & Onion Pie,https://www.tesco.com/groceries/en-GB/products/306947517,1687614069.7343318,"['£2.00', '£0.95/100g']",2.0,£0.95/100g
1617,Alpro Greek Style Mango Yogurt Alternative 150G,https://www.tesco.com/groceries/en-GB/products/291730203,1687614069.81015,"['£1.20', '£0.80/100g']",1.2,£0.80/100g
1618,Tesco Cheddar With Chilli's 200G,https://www.tesco.com/groceries/en-GB/products/276902311,1687614069.90483,"['£2.45', '£12.25/kg']",2.45,£12.25/kg
1619,Tesco Vegetable & Sundried Tomato Quiche 400G,https://www.tesco.com/groceries/en-GB/products/299982773,1687614069.974182,"['£2.50', '£0.62/100g']",2.5,£0.62/100g
1620,Tesco Steak Puff Pastry Pie 500G,https://www.tesco.com/groceries/en-GB/products/285355869,1687614070.042583,"['£3.65', '£0.73/100g']",3.65,£0.73/100g
1621,Delamere Dairy Sterilised Longlife Whole Milk 1L,https://www.tesco.com/groceries/en-GB/products/258126721,1687614070.113701,"['£1.20', '£1.20/litre']",1.2,£1.20/litre
1622,Tesco Maple Bbq Pork Rib Rack 460G,https://www.tesco.com/groceries/en-GB/products/284552695,1687614070.188842,"['£4.50', '£9.78/kg']",4.5,£9.78/kg
1623,Apetina Cubes 200G,https://www.tesco.com/groceries/en-GB/products/260650477,1687614070.291745,"['£2.30', '£11.50/kg DR.WT']",2.3,£11.50/kg DR.WT
1624,Yamas Authentic Greek Feta Pdo 150G,https://www.tesco.com/groceries/en-GB/products/309474478,1687614070.369333,"['£1.75', '£11.67/kg']",1.75,£11.67/kg
1625,Graham's Gold Smooth Milk 1 Litre,https://www.tesco.com/groceries/en-GB/products/291974710,1687614070.442812,"['£1.60', '£1.60/litre']",1.6,£1.60/litre
1626,Lactofree Soft White Cheese 200G,https://www.tesco.com/groceries/en-GB/products/272260494,1687614070.525595,"['£1.75', '£8.75/kg']",1.75,£8.75/kg
1627,Paw Patrol Slices 100G,https://www.tesco.com/groceries/en-GB/products/298766887,1687614070.611867,"['£1.25', '£1.25/100g']",1.25,£1.25/100g
1628,Alpro Soya Single Chilled Soya Alternative To Cream 250Ml,https://www.tesco.com/groceries/en-GB/products/259160159,1687614070.684766,"['£1.40', '£0.56/100ml']",1.4,£0.56/100ml
1629,Tesco Wholefoods Prunes 250G,https://www.tesco.com/groceries/en-GB/products/258056187,1687614070.759368,"['£2.00', '£8.00/kg']",2.0,£8.00/kg
1630,Tesco Meat & Vegetable Beef Meatballs 336G,https://www.tesco.com/groceries/en-GB/products/309468221,1687614070.830148,"['£2.45', '£7.29/kg']",2.45,£7.29/kg
1631,Eastmans Garlic Sausage 10 Slices 125G,https://www.tesco.com/groceries/en-GB/products/299927696,1687614070.904887,"['£1.00', '£0.80/100g']",1.0,£0.80/100g
1632,Tesco Thai Lemon Grass Minimum 2 Stems,https://www.tesco.com/groceries/en-GB/products/256731301,1687614076.77092,"['£0.60', '£0.30/each']",0.6,£0.30/each
1633,Tesco Potatoes With Garlic Butter 360G,https://www.tesco.com/groceries/en-GB/products/305247282,1687614076.846463,"['£1.00', '£2.78/kg']",1.0,£2.78/kg
1634,Woodside Farms Middle Bacon 500G,https://www.tesco.com/groceries/en-GB/products/292310365,1687614076.9430149,"['£2.20', '£4.40/kg']",2.2,£4.40/kg
1635,Tesco Calorie Controlled Cod Mornay With Mash & Peas 380G,https://www.tesco.com/groceries/en-GB/products/299818290,1687614077.015708,"['£3.00', '£7.90/kg']",3.0,£7.90/kg
1636,Tesco Cheddar With Garlic & Herb 190G,https://www.tesco.com/groceries/en-GB/products/302292462,1687614077.122087,"['£2.50', '£13.16/kg']",2.5,£13.16/kg
1637,Tesco 2 Lamb Rump Steaks 300G,https://www.tesco.com/groceries/en-GB/products/306664546,1687614077.22977,"['£4.75', '£15.83/kg']",4.75,£15.83/kg
1638,Woodside Farms Pork Loin Steaks 720G,https://www.tesco.com/groceries/en-GB/products/292285031,1687614077.312674,"['£4.25', '£5.90/kg']",4.25,£5.90/kg
1639,Califia Farms Oat Barista Blend 1Ltr,https://www.tesco.com/groceries/en-GB/products/304406643,1687614077.388322,"['£2.10', '£2.10/litre']",2.1,£2.10/litre
1640,Tesco Finest King Prawn Linguine 400G,https://www.tesco.com/groceries/en-GB/products/309772684,1687614077.461618,"['£4.25', '£10.62/kg']",4.25,£10.62/kg
1641,Tesco Chicken & Gravy Shortcrust Pastry Pie 500G,https://www.tesco.com/groceries/en-GB/products/285694127,1687614077.5602188,"['£3.65', '£0.73/100g']",3.65,£0.73/100g
1642,Tesco Tuna & Sweetcorn Sandwich Filler 450G,https://www.tesco.com/groceries/en-GB/products/286168375,1687614077.6366231,"['£3.00', '£0.67/100g']",3.0,£0.67/100g
1643,Rustlers Double Decker Cheese Burger 237G,https://www.tesco.com/groceries/en-GB/products/274419114,1687614077.70869,"['£2.75', '£11.60/kg']",2.75,£11.60/kg
1644,Tesco Tuna Pasta Bake 400G,https://www.tesco.com/groceries/en-GB/products/310187877,1687614077.780759,"['£3.00', '£7.50/kg']",3.0,£7.50/kg
1645,Highland Game Venison Grill Steaks 300G,https://www.tesco.com/groceries/en-GB/products/273147114,1687614077.878945,"['£2.90', '£9.67/kg']",2.9,£9.67/kg
1646,Tesco Melon Medley 300G,https://www.tesco.com/groceries/en-GB/products/302971880,1687614077.950667,"['£2.25', '£7.50/kg']",2.25,£7.50/kg
1647,Cadbury Dairy Milk Pots Of Joy Caramel Chocolate Dessert 4 X 60G,https://www.tesco.com/groceries/en-GB/products/311797145,1687614078.022057,"['£2.70', '£1.12/100g']",2.7,£1.12/100g
1648,Yazoo Chocolate Milkshake 1 Litre Bottle,https://www.tesco.com/groceries/en-GB/products/257524758,1687614078.102751,"['£2.00', '£0.20/100ml']",2.0,£0.20/100ml
1649,Crisp 'N' Dry Solid Cooking Oil 250G,https://www.tesco.com/groceries/en-GB/products/288354192,1687614078.170794,"['£1.60', '£6.40/kg']",1.6,£6.40/kg
1650,Tesco Cheese & Tomato Pasta 300G,https://www.tesco.com/groceries/en-GB/products/254954991,1687614078.249301,"['£1.70', '£0.57/100g']",1.7,£0.57/100g
1651,The Pizza Company Stuffed Crust The Big Cheese 588G,https://www.tesco.com/groceries/en-GB/products/304376815,1687614078.34071,"['£5.25', '£0.89/100g']",5.25,£0.89/100g
1652,Tesco Finest Sliced Smoked Pancetta 110G,https://www.tesco.com/groceries/en-GB/products/266520697,1687614078.4334872,"['£2.40', '£2.18/100g']",2.4,£2.18/100g
1653,Tesco Finest Tabbouleh & Mint Herb Dressing 235G,https://www.tesco.com/groceries/en-GB/products/313750606,1687614078.527328,"['£2.35', '£1.00/100g']",2.35,£1.00/100g
1654,Tesco Deli Ham On The Bone 120G,https://www.tesco.com/groceries/en-GB/products/312703832,1687614078.6241531,"['£2.75', '£2.29/100g']",2.75,£2.29/100g
1655,Organic Curly Kale 200G,https://www.tesco.com/groceries/en-GB/products/252834693,1687614078.72002,"['£1.70', '£8.50/kg']",1.7,£8.50/kg
1656,Everest Paneer Block Cheese 226G,https://www.tesco.com/groceries/en-GB/products/282412588,1687614078.796587,"['£1.70', '£7.52/kg']",1.7,£7.52/kg
1657,Cheestrings Twister 4 Pack 80G,https://www.tesco.com/groceries/en-GB/products/273197423,1687614078.867872,"['£1.75', '£21.88/kg']",1.75,£21.88/kg
1658,The Pizza Company The Pepperoni Party Pizza 572G,https://www.tesco.com/groceries/en-GB/products/308481471,1687614078.938674,"['£5.25', '£0.92/100g']",5.25,£0.92/100g
1659,Tesco Soft Figs 250G,https://www.tesco.com/groceries/en-GB/products/258058058,1687614079.034626,"['£2.00', '£8.00/kg']",2.0,£8.00/kg
1660,Tesco Fresh Single Cream 150Ml,https://www.tesco.com/groceries/en-GB/products/262478586,1687614079.108607,"['£0.80', '£0.53/100ml']",0.8,£0.53/100ml
1661,Tesco Finest Vietnamese Inspired Noodle Salad 185G,https://www.tesco.com/groceries/en-GB/products/313841326,1687614079.184514,"['£2.35', '£1.27/100g']",2.35,£1.27/100g
1662,Tesco Finest Comte Aop 180G,https://www.tesco.com/groceries/en-GB/products/310125655,1687614079.2866619,"['£3.40', '£18.89/kg']",3.4,£18.89/kg
1663,Yeo Valley Little Yeos Blueberry & Banana Organic Yogurt 85G,https://www.tesco.com/groceries/en-GB/products/312106174,1687614079.380909,"['£0.75', '£0.88/100g']",0.75,£0.88/100g
1664,Tesco Finest Gunpowder Potatoes With Yogurt 245G,https://www.tesco.com/groceries/en-GB/products/313509053,1687614079.45121,"['£2.35', '£0.96/100g']",2.35,£0.96/100g
1665,Kinder Milk Slice Milk And Honey 3 X 28G,https://www.tesco.com/groceries/en-GB/products/307135970,1687614079.54639,"['£1.00', '£1.19/100g']",1.0,£1.19/100g
1666,Mexicana Extra Hot Cheddar 170G,https://www.tesco.com/groceries/en-GB/products/309179563,1687614079.61976,"['£2.30', '£13.53/kg']",2.3,£13.53/kg
1667,Tesco Deli Liver Sausage 100G,https://www.tesco.com/groceries/en-GB/products/312715947,1687614079.711931,"['£0.95', '£0.95/100g']",0.95,£0.95/100g
1668,Counter Old Amsterdam Mature Gouda Cheese 150G,https://www.tesco.com/groceries/en-GB/products/302308722,1687614079.7876558,"['£2.30', '£15.33/kg']",2.3,£15.33/kg
1669,Tesco All Rounder Potatoes 2.5Kg,https://www.tesco.com/groceries/en-GB/products/305963764,1687614079.895864,"['£1.25', '£0.50/kg']",1.25,£0.50/kg
1670,Tesco Reduced Fat 10 Salami Slices 100G,https://www.tesco.com/groceries/en-GB/products/299848829,1687614079.968791,"['£1.10', '£1.10/100g']",1.1,£1.10/100g
1671,Tesco Fin Bang Bang Cauliflower & Rice Salad 250G,https://www.tesco.com/groceries/en-GB/products/313184003,1687614080.041727,"['£2.35', '£0.94/100g']",2.35,£0.94/100g
1672,Tesco Room To Roam Large British Whole Chicken 1.4Kg-1.8Kg,https://www.tesco.com/groceries/en-GB/products/308496085,1687614080.137959,"['£6.35', '£3.97/kg']",6.35,£3.97/kg
1673,Nomadic Strawberry Oat Clusters & Low Fat Yogurt 169G,https://www.tesco.com/groceries/en-GB/products/273556431,1687614080.224479,"['£1.50', '£0.89/100g']",1.5,£0.89/100g
1674,The Tofoo Co. Smoked Organic Tofu 225G,https://www.tesco.com/groceries/en-GB/products/300743036,1687614080.300575,"['£2.85', '£12.67/kg']",2.85,£12.67/kg
1675,Emmi Caffe Latte Skinny 230Ml,https://www.tesco.com/groceries/en-GB/products/266044886,1687614080.371176,"['£1.85', '£0.80/100ml']",1.85,£0.80/100ml
1676,Walls 6 Ready Baked Pork Sausage 240G,https://www.tesco.com/groceries/en-GB/products/305965520,1687614080.465278,"['£2.75', '£11.46/kg']",2.75,£11.46/kg
1677,Tesco Vegetable Lasagne 400G,https://www.tesco.com/groceries/en-GB/products/310665326,1687614080.537178,"['£3.00', '£7.50/kg']",3.0,£7.50/kg
1678,Tesco Finest Chestnut Smoked Streaky Bacon 240G,https://www.tesco.com/groceries/en-GB/products/307357413,1687614080.636283,"['£3.50', '£14.58/kg']",3.5,£14.58/kg
1679,Tesco Finest Goats Cheese & Roasted Pepper Quiche 420G,https://www.tesco.com/groceries/en-GB/products/308452431,1687614080.708938,"['£3.75', '£0.89/100g']",3.75,£0.89/100g
1680,Tesco 2 Jam Sponge Puddings 220G,https://www.tesco.com/groceries/en-GB/products/297657822,1687614086.2422569,"['£2.50', '£1.14/100g']",2.5,£1.14/100g
1681,Tesco Finest Beef Dripping Roast Potatoes 800G,https://www.tesco.com/groceries/en-GB/products/312586825,1687614086.3551319,"['£3.00', '£3.75/kg']",3.0,£3.75/kg
1682,I Love British 10 Smoked Back Bacon 300G,https://www.tesco.com/groceries/en-GB/products/311955195,1687614086.46138,"['£2.50', '£8.33/kg']",2.5,£8.33/kg
1683,Tropicana Tropical Juice 850Ml,https://www.tesco.com/groceries/en-GB/products/287295032,1687614086.5383658,"['£3.25', '£0.38/100ml']",3.25,£0.38/100ml
1684,Nestle Milkybar Dessert 2X65g,https://www.tesco.com/groceries/en-GB/products/311277755,1687614086.643242,"['£1.85', '£1.42/100g']",1.85,£1.42/100g
1685,Alpro Chocolate Soya Dessert 4 X 125G,https://www.tesco.com/groceries/en-GB/products/252955630,1687614086.7214231,"['£1.85', '£0.37/100g']",1.85,£0.37/100g
1686,Primula Cheese & Prawn Tube 140G,https://www.tesco.com/groceries/en-GB/products/310138219,1687614086.796442,"['£1.85', '£13.21/kg']",1.85,£13.21/kg
1687,Tesco Calorie Controlled Chicken In Mushroom Sauce 370G,https://www.tesco.com/groceries/en-GB/products/299818210,1687614086.870729,"['£3.00', '£8.11/kg']",3.0,£8.11/kg
1688,Frijj Cookie Dough 400Ml,https://www.tesco.com/groceries/en-GB/products/297794238,1687614086.972702,"['£1.50', '£0.38/100ml']",1.5,£0.38/100ml
1689,Hearty Food Co. 2 Garlic Chicken Kievs 260G,https://www.tesco.com/groceries/en-GB/products/298864984,1687614087.05278,"['£1.99', '£7.65/kg']",1.99,£7.65/kg
1690,Cathedral City Mild Cheddar 550G,https://www.tesco.com/groceries/en-GB/products/288986181,1687614087.138025,"['£5.40', '£9.82/kg']",5.4,£9.82/kg
1691,Chop Ginger Puree 75G,https://www.tesco.com/groceries/en-GB/products/303823219,1687614087.2415261,"['£1.30', '£0.17/10g']",1.3,£0.17/10g
1692,Tesco Medium Pot Thyme,https://www.tesco.com/groceries/en-GB/products/256204223,1687614087.321913,"['£1.50', '£1.50/each']",1.5,£1.50/each
1694,Richmond Meat Free Vegan Roast Chicken Style Slices 90G,https://www.tesco.com/groceries/en-GB/products/313748783,1687614087.473021,"['£1.80', '£2.00/100g']",1.8,£2.00/100g
1695,Flora Pro Activ Skimmed Milk 1L,https://www.tesco.com/groceries/en-GB/products/262783116,1687614087.573306,"['£1.55', '£1.55/litre']",1.55,£1.55/litre
1696,Ms Molly's Jelly & Custard Dessert 3 Pack 375G,https://www.tesco.com/groceries/en-GB/products/300990939,1687614087.649916,"['£1.35', '£0.36/100g']",1.35,£0.36/100g
1697,Innocent Apple Juice 900Ml,https://www.tesco.com/groceries/en-GB/products/268219251,1687614087.7263842,"['£3.00', '£0.33/100ml']",3.0,£0.33/100ml
1698,Tesco Finest 2 Salmon & Hollandaise Fishcakes 290G,https://www.tesco.com/groceries/en-GB/products/308079510,1687614087.8253021,"['£3.00', '£10.34/kg']",3.0,£10.34/kg
1699,Philadelphia Sweet Chilli Soft Cheese 165G,https://www.tesco.com/groceries/en-GB/products/311787946,1687614087.922965,"['£2.20', '£13.33/kg']",2.2,£13.33/kg
1700,Tesco 2 Chicken Breast Cheese & Ham Lattice 386G,https://www.tesco.com/groceries/en-GB/products/287314253,1687614088.0337589,"['£4.40', '£11.40/kg']",4.4,£11.40/kg
1701,Walkers Max Paprika Crisps 50G,https://www.tesco.com/groceries/en-GB/products/290572748,1687614088.135283,"['£0.95', '£1.90/100g']",0.95,£1.90/100g
1702,Tesco 2 Piri Piri Chicken Breast Fillets 365G,https://www.tesco.com/groceries/en-GB/products/285513723,1687614088.259501,"['£4.40', '£12.06/kg']",4.4,£12.06/kg
1703,The Collective Suckies No Added Sugar Mango & Peach 90G,https://www.tesco.com/groceries/en-GB/products/312705588,1687614088.35584,"['£0.95', '£1.06/100g']",0.95,£1.06/100g
1704,Tesco Low Fat Natural Yogurt 500G,https://www.tesco.com/groceries/en-GB/products/258170431,1687614088.4586089,"['£1.10', '£0.22/100g']",1.1,£0.22/100g
1705,Tesco Peppery Babyleaf Salad Bowl 95G,https://www.tesco.com/groceries/en-GB/products/299848426,1687614088.536862,"['£1.10', '£1.16/100g']",1.1,£1.16/100g
1706,Tesco Organic Pepper 250G,https://www.tesco.com/groceries/en-GB/products/281068426,1687614088.6195872,"['£1.60', '£6.40/kg']",1.6,£6.40/kg
1707,Tesco Salmon Tails 260G,https://www.tesco.com/groceries/en-GB/products/310169977,1687614088.6955352,"['£4.90', '£18.85/kg']",4.9,£18.85/kg
1708,Tesco Finest British Cornfed Free Range Thigh & Drumsticks 1Kg,https://www.tesco.com/groceries/en-GB/products/260446011,1687614088.797421,"['£5.20', '£5.20/kg']",5.2,£5.20/kg
1709,Innocent Super Smoothie Mango Fandango 4X150ml,https://www.tesco.com/groceries/en-GB/products/305948269,1687614088.881881,"['£4.10', '£0.68/100ml']",4.1,£0.68/100ml
1710,Galbani Dolcelatte Blue Cheese 150G,https://www.tesco.com/groceries/en-GB/products/252965693,1687614088.954356,"['£3.00', '£20.00/kg']",3.0,£20.00/kg
1711,Tesco Egg Mayonnaise Sandwich Filler 450G,https://www.tesco.com/groceries/en-GB/products/268325996,1687614089.028652,"['£3.00', '£0.67/100g']",3.0,£0.67/100g
1712,Tesco Finest Pork Sausage Ragu With Pasta 400G,https://www.tesco.com/groceries/en-GB/products/297662314,1687614089.1032808,"['£4.25', '£10.62/kg']",4.25,£10.62/kg
1713,Fresh Lamb Half Shoulder,https://www.tesco.com/groceries/en-GB/products/256531486,1687614089.198338,"['£10.20', '£10.20/kg']",10.2,£10.20/kg
1714,Tesco 2 Apple Crumble 270G,https://www.tesco.com/groceries/en-GB/products/260881071,1687614089.2818549,"['£2.50', '£0.93/100g']",2.5,£0.93/100g
1715,Tesco Tuna & Sweetcorn Pasta 300G,https://www.tesco.com/groceries/en-GB/products/254694710,1687614089.355194,"['£2.75', '£0.92/100g']",2.75,£0.92/100g
1716,Tesco 2 Pork Loin Chops 450G,https://www.tesco.com/groceries/en-GB/products/293861718,1687614089.453886,"['£4.40', '£9.78/kg']",4.4,£9.78/kg
1717,Wall's 10 Hearty Sausage Rolls 550G,https://www.tesco.com/groceries/en-GB/products/308094186,1687614089.564245,"['£2.90', '£0.53/100g']",2.9,£0.53/100g
1718,Petits Filous Dairy Free Raspberry 4X95g,https://www.tesco.com/groceries/en-GB/products/308104251,1687614089.641291,"['£2.50', '£0.66/100g']",2.5,£0.66/100g
1719,Dairylea Strip Cheese 8 Pack 168G,https://www.tesco.com/groceries/en-GB/products/256245767,1687614089.725701,"['£2.50', '£14.88/kg']",2.5,£14.88/kg
1720,Tesco 2 Sweet Chilli Chicken Breast Fillets 320G,https://www.tesco.com/groceries/en-GB/products/290205136,1687614089.800065,"['£4.40', '£13.75/kg']",4.4,£13.75/kg
1721,Tesco Finest Green Vegetable Selection 250G,https://www.tesco.com/groceries/en-GB/products/306947379,1687614089.901911,"['£2.75', '£11.00/kg']",2.75,£11.00/kg
1722,Tesco Chicken & Sweetcorn Sandwich 250G,https://www.tesco.com/groceries/en-GB/products/307156893,1687614090.0094578,"['£1.85', '£0.74/100g']",1.85,£0.74/100g
1723,Tesco Ham Hock In Mustard Sauce 400G,https://www.tesco.com/groceries/en-GB/products/310137998,1687614090.1253629,"['£3.00', '£7.50/kg']",3.0,£7.50/kg
1724,Cathedral City Dairy Free Large Slices 150G,https://www.tesco.com/groceries/en-GB/products/312352388,1687614090.236692,"['£2.50', '£16.67/kg']",2.5,£16.67/kg
1725,Plenish Organic & Unsweetened Oat Milk 1L,https://www.tesco.com/groceries/en-GB/products/310689782,1687614090.3700302,"['£2.00', '£2.00/litre']",2.0,£2.00/litre
1726,Tesco Italian Pitted Nocellara Olives 140G,https://www.tesco.com/groceries/en-GB/products/311226914,1687614090.466412,"['£2.65', '£1.89/100g']",2.65,£1.89/100g
1727,Tesco Chicken Tikka Biryani 400G,https://www.tesco.com/groceries/en-GB/products/293944650,1687614090.588794,"['£3.00', '£7.50/kg']",3.0,£7.50/kg
1728,Tesco Finest 8 Unsmoked Bacon Medallions 200G,https://www.tesco.com/groceries/en-GB/products/305433666,1687614096.864516,"['£4.10', '£20.50/kg']",4.1,£20.50/kg
1729,Yakult Original 8 X 65Ml,https://www.tesco.com/groceries/en-GB/products/313859565,1687614096.9614122,"['£3.70', '£7.12/litre']",3.7,£7.12/litre
1730,Yakult Light 8 X 65Ml,https://www.tesco.com/groceries/en-GB/products/314107129,1687614097.039379,"['£3.70', '£0.71/100ml']",3.7,£0.71/100ml
1731,Tesco Finest 8 Smoked Bacon Medallions 200G,https://www.tesco.com/groceries/en-GB/products/305526666,1687614097.117557,"['£4.10', '£20.50/kg']",4.1,£20.50/kg
1732,Tesco Organic Mature Cheddar 400G,https://www.tesco.com/groceries/en-GB/products/305948529,1687614097.194319,"['£4.45', '£11.12/kg']",4.45,£11.12/kg
1733,Tesco Finest Maple Cured Streaky Unsmoked Bacon 240G,https://www.tesco.com/groceries/en-GB/products/305526469,1687614097.27534,"['£3.50', '£14.58/kg']",3.5,£14.58/kg
1734,Rude Health Almond Drink 1Ltr,https://www.tesco.com/groceries/en-GB/products/288500630,1687614097.352126,"['£2.20', '£2.20/litre']",2.2,£2.20/litre
1735,Quorn 3 Sausage Rolls 210G,https://www.tesco.com/groceries/en-GB/products/264789203,1687614097.4545531,"['£2.95', '£1.40/100g']",2.95,£1.40/100g
1736,Alpro Raspberry & Cranberry Alternative Yogurt 4X125g,https://www.tesco.com/groceries/en-GB/products/307747257,1687614097.528637,"['£2.50', '£0.50/100g']",2.5,£0.50/100g
1737,Tesco Pistachio Nuts 200G,https://www.tesco.com/groceries/en-GB/products/266375344,1687614097.6024058,"['£2.75', '£13.75/kg']",2.75,£13.75/kg
1738,Simon Howie Original Haggis 454G,https://www.tesco.com/groceries/en-GB/products/261290326,1687614097.680135,"['£2.75', '£6.06/kg']",2.75,£6.06/kg
1739,The Pizza Company Deep Filled Garlic Bread 2 Pack 230G,https://www.tesco.com/groceries/en-GB/products/304408969,1687614097.758049,"['£3.00', '£1.30/100g']",3.0,£1.30/100g
1740,Prepared House Pepper Sauce 250G,https://www.tesco.com/groceries/en-GB/products/309936065,1687614097.866302,"['£2.00', '£0.80/100g']",2.0,£0.80/100g
1741,Tesco Greek Style Vanilla Yogurt 450G,https://www.tesco.com/groceries/en-GB/products/303631319,1687614097.944919,"['£1.60', '£0.36/100g']",1.6,£0.36/100g
1742,Innocent Apple And Mango Juice 1.35 Litre,https://www.tesco.com/groceries/en-GB/products/276683488,1687614098.02076,"['£4.10', '£0.30/100ml']",4.1,£0.30/100ml
1743,Pizza Express Garlic & Mozzarella Flatbread 290G,https://www.tesco.com/groceries/en-GB/products/313180399,1687614098.120605,"['£3.00', '£1.03/100g']",3.0,£1.03/100g
1744,Ginsters Vegan Quorn Pasty 180G,https://www.tesco.com/groceries/en-GB/products/304797910,1687614098.206167,"['£1.95', '£1.08/100g']",1.95,£1.08/100g
1745,Rosedene Farms Strawberries 227G,https://www.tesco.com/groceries/en-GB/products/292226511,1687614098.282134,"['£1.59', '£7.00/kg']",1.59,£7.00/kg
1746,T .R/Fat Cheddar & Bacon Crustless Quiche 160G,https://www.tesco.com/groceries/en-GB/products/301411163,1687614098.3630111,"['£1.70', '£1.06/100g']",1.7,£1.06/100g
1747,Tesco Tempura Prawns 200G,https://www.tesco.com/groceries/en-GB/products/309454934,1687614098.471391,"['£2.95', '£14.75/kg']",2.95,£14.75/kg
1748,Pepsi Max Slam Bottle,https://www.tesco.com/groceries/en-GB/products/251496258,1687614098.547081,"['£1.45', '£0.29/100ml']",1.45,£0.29/100ml
1749,Philadelphia Salmon Soft Cheese 165G,https://www.tesco.com/groceries/en-GB/products/311674095,1687614098.669226,"['£2.20', '£13.33/kg']",2.2,£13.33/kg
1750,Edamame Beans 150G,https://www.tesco.com/groceries/en-GB/products/279684822,1687614098.765373,"['£1.50', '£10.00/kg']",1.5,£10.00/kg
1751,Tesco 6 Bratwurst Sausages 540G,https://www.tesco.com/groceries/en-GB/products/292716317,1687614098.864091,"['£2.45', '£0.45/100g']",2.45,£0.45/100g
1752,Tesco Finest Tenderstem & Asparagus With Wild Garlic Butter 260G,https://www.tesco.com/groceries/en-GB/products/309775266,1687614098.941416,"['£2.50', '£9.62/kg']",2.5,£9.62/kg
1753,Tesco Grapefruit Juice 1 Litre,https://www.tesco.com/groceries/en-GB/products/259336269,1687614099.044779,"['£1.15', '£0.12/100ml']",1.15,£0.12/100ml
1754,Tesco Finest Sweet Potato Wedges Yuzo & Ginger Dressing 400G,https://www.tesco.com/groceries/en-GB/products/313848486,1687614099.174345,"['£2.60', '£6.50/kg']",2.6,£6.50/kg
1755,Tesco Boneless Salmon Side,https://www.tesco.com/groceries/en-GB/products/314107481,1687614099.286177,"['£18.90', '£18.90/kg']",18.9,£18.90/kg
1756,Noel Mediterranean Rollitos 264G,https://www.tesco.com/groceries/en-GB/products/313737053,1687614099.367527,"['£7.50', '£28.41/kg']",7.5,£28.41/kg
1757,Pom Wonderful 100% Pomegranate Juice 710Ml,https://www.tesco.com/groceries/en-GB/products/266828570,1687614099.4523158,"['£4.80', '£0.68/100ml']",4.8,£0.68/100ml
1758,Tesco Pork Loin Steaks 2 Pack 270G,https://www.tesco.com/groceries/en-GB/products/293249908,1687614099.541405,"['£3.50', '£12.96/kg']",3.5,£12.96/kg
1759,Tesco Hot & Spicy Chicken Wings 525G,https://www.tesco.com/groceries/en-GB/products/309491025,1687614099.619631,"['£3.70', '£0.70/100g']",3.7,£0.70/100g
1760,Minor Figures Organic Barista Oat Drink 1L,https://www.tesco.com/groceries/en-GB/products/311262317,1687614099.705646,"['£2.00', '£2.00/litre']",2.0,£2.00/litre
1761,Noel El Cierzo Duroc Petalos Selection 150G,https://www.tesco.com/groceries/en-GB/products/313750376,1687614099.828279,"['£6.00', '£40.00/kg']",6.0,£40.00/kg
1762,Tesco Lemon Cheesecake 3X100g,https://www.tesco.com/groceries/en-GB/products/277302334,1687614099.905177,"['£2.25', '£0.75/100g']",2.25,£0.75/100g
1763,Tesco 50% Reduced Fat Fat Mature Cheese 220G,https://www.tesco.com/groceries/en-GB/products/299980775,1687614099.987863,"['£2.45', '£11.14/kg']",2.45,£11.14/kg
1764,Tesco White Wine Scottish Mussels 500G,https://www.tesco.com/groceries/en-GB/products/306805536,1687614100.077595,"['£3.00', '£6.00/kg']",3.0,£6.00/kg
1765,Tesco Finest Moroccan Inspired Houmous 170G,https://www.tesco.com/groceries/en-GB/products/299911081,1687614100.164212,"['£2.10', '£1.24/100g']",2.1,£1.24/100g
1766,Tesco Finest Mortadella Pgi 140G,https://www.tesco.com/groceries/en-GB/products/273636475,1687614100.293736,"['£2.40', '£1.71/100g']",2.4,£1.71/100g
1767,Tesco Kids Cheese & Tomato 2 Pizzas 232G,https://www.tesco.com/groceries/en-GB/products/303807239,1687614100.4082718,"['£2.25', '£0.97/100g']",2.25,£0.97/100g
1768,Tesco Caramel Panna Cotta 2X120g,https://www.tesco.com/groceries/en-GB/products/265949520,1687614100.485748,"['£1.95', '£0.81/100g']",1.95,£0.81/100g
1769,Tesco Finest Roasted Nut Selection 190G,https://www.tesco.com/groceries/en-GB/products/302677029,1687614100.569032,"['£3.50', '£18.42/kg']",3.5,£18.42/kg
1770,I Love British 10 Unsmoked Back Bacon 300G,https://www.tesco.com/groceries/en-GB/products/311782597,1687614100.661859,"['£2.50', '£8.33/kg']",2.5,£8.33/kg
1771,Onken Natural Set Yogurt 1Kg,https://www.tesco.com/groceries/en-GB/products/293860450,1687614100.740035,"['£2.50', '£0.25/100g']",2.5,£0.25/100g
1772,Dairylea Filled Crackers Cheesy Snack 5X19.3G,https://www.tesco.com/groceries/en-GB/products/309201819,1687614100.829082,"['£2.20', '£22.82/kg']",2.2,£22.82/kg
1773,Tesco Finest 4 Smoked Bacon & Vintage Cheddar Rolls 188G,https://www.tesco.com/groceries/en-GB/products/306494666,1687614100.934793,"['£2.65', '£1.41/100g']",2.65,£1.41/100g
1774,Tesco Milled Flax Seed Mix 175G,https://www.tesco.com/groceries/en-GB/products/302677255,1687614101.009516,"['£1.85', '£10.57/kg']",1.85,£10.57/kg
1775,Ember British Charcuterie Grass Fed Beef 37g,https://www.tesco.com/groceries/en-GB/products/313840419,1687614101.08194,"['£2.00', '£5.40/100g']",2.0,£5.40/100g
1776,Tesco Organic Medjool Dates 200G,https://www.tesco.com/groceries/en-GB/products/250281502,1687614108.0459251,"['£2.50', '£12.50/kg']",2.5,£12.50/kg
1777,Bernard Matthews Wafer Thin Turkey Ham 230G,https://www.tesco.com/groceries/en-GB/products/312720419,1687614108.126595,"['£1.95', '£0.85/100g']",1.95,£0.85/100g
1778,Cypressa Crostini Crackers with Rosemary 180g,https://www.tesco.com/groceries/en-GB/products/313732594,1687614108.207663,"['£2.00', '£11.11/kg']",2.0,£11.11/kg
1779,Jus-Rol Sourdough Pizza Base 400G,https://www.tesco.com/groceries/en-GB/products/303731823,1687614108.293391,"['£2.20', '£0.55/100g']",2.2,£0.55/100g
1780,Simply Chicken 20 Battered Chicken Nuggets 400G,https://www.tesco.com/groceries/en-GB/products/308105895,1687614108.3728452,"['£3.00', '£7.50/kg']",3.0,£7.50/kg
1781,Rustlers All Day Breakfast Pancake Stack 129G,https://www.tesco.com/groceries/en-GB/products/309470661,1687614108.4530041,"['£1.85', '£14.34/kg']",1.85,£14.34/kg
1782,Tesco Egg & Cress Sandwich,https://www.tesco.com/groceries/en-GB/products/257328680,1687614108.527848,"['£1.40', '£1.40/each']",1.4,£1.40/each
1783,Alpro Oat Drink Alternative 1 Litre,https://www.tesco.com/groceries/en-GB/products/294083301,1687614108.628611,"['£2.10', '£2.10/litre']",2.1,£2.10/litre
1784,Tesco Melon Slices 450G,https://www.tesco.com/groceries/en-GB/products/277053207,1687614108.724519,"['£2.25', '£5.00/kg']",2.25,£5.00/kg
1785,Beretta Salamini Spicy 85G,https://www.tesco.com/groceries/en-GB/products/313752086,1687614108.804756,"['£2.00', '£2.35/100g']",2.0,£2.35/100g
1786,Cypressa Olive Oil Grissini 150g,https://www.tesco.com/groceries/en-GB/products/313617345,1687614108.9048378,"['£2.00', '£13.33/kg']",2.0,£13.33/kg
1787,Tesco Organic Green Beans 225G,https://www.tesco.com/groceries/en-GB/products/253458664,1687614108.979344,"['£1.95', '£8.67/kg']",1.95,£8.67/kg
1788,Takul Halal Kitchen Poultry Bacon 80G,https://www.tesco.com/groceries/en-GB/products/311220483,1687614109.061792,"['£1.05', '£13.12/kg']",1.05,£13.12/kg
1789,Tesco Organic Baby Potatoes 750G,https://www.tesco.com/groceries/en-GB/products/288043433,1687614109.1376681,"['£1.20', '£1.60/kg']",1.2,£1.60/kg
1790,Tesco 2 Breaded Chunky Haddock Fillets 350G,https://www.tesco.com/groceries/en-GB/products/271529162,1687614109.212375,"['£3.95', '£11.29/kg']",3.95,£11.29/kg
1791,Tesco Fruit & Nut Snack Pot 55G,https://www.tesco.com/groceries/en-GB/products/302677353,1687614109.315638,"['£1.00', '£1.82/100g']",1.0,£1.82/100g
1792,Tesco Pork Bone Less Large Leg Joint,https://www.tesco.com/groceries/en-GB/products/251884298,1687614109.4163048,"['£12.00', '£6.00/kg']",12.0,£6.00/kg
1793,Gressingham Duck Fat 250G,https://www.tesco.com/groceries/en-GB/products/271754096,1687614109.4887,"['£3.15', '£12.60/kg']",3.15,£12.60/kg
1794,Tesco Cranberries 100G,https://www.tesco.com/groceries/en-GB/products/308870949,1687614109.560299,"['£1.85', '£18.50/kg']",1.85,£18.50/kg
1795,Tesco Raw King Prawns 165G,https://www.tesco.com/groceries/en-GB/products/294070408,1687614109.632834,"['£3.90', '£23.64/kg']",3.9,£23.64/kg
1796,Musks 6 Newmarket Sausages 384G,https://www.tesco.com/groceries/en-GB/products/253102901,1687614109.711863,"['£3.00', '£7.81/kg']",3.0,£7.81/kg
1797,Tesco Organic Greek Feta 200G,https://www.tesco.com/groceries/en-GB/products/260671636,1687614109.781965,"['£2.90', '£14.50/kg']",2.9,£14.50/kg
1798,Big Tom Tomato Juice 750Ml,https://www.tesco.com/groceries/en-GB/products/260079497,1687614109.852546,"['£3.00', '£0.40/100ml']",3.0,£0.40/100ml
1799,Alpro Barista Coconut Drink 1L,https://www.tesco.com/groceries/en-GB/products/307741868,1687614109.922507,"['£2.30', '£2.30/litre']",2.3,£2.30/litre
1800,Gu-Zillionaire Cheesecake 2X91.5G,https://www.tesco.com/groceries/en-GB/products/280738200,1687614109.995189,"['£3.75', '£2.05/100g']",3.75,£2.05/100g
1802,Light & Free Greek Style Yogurt Sticky Toffee 4X115g,https://www.tesco.com/groceries/en-GB/products/309459261,1687614110.162281,"['£2.50', '£0.54/100g']",2.5,£0.54/100g
1803,Tesco British Hard Goats Cheese 200G,https://www.tesco.com/groceries/en-GB/products/282319267,1687614110.234284,"['£3.10', '£15.50/kg']",3.1,£15.50/kg
1804,Heck Meat Free 8 Chipolatas 300G,https://www.tesco.com/groceries/en-GB/products/311267024,1687614110.3155441,"['£2.00', '£6.67/kg']",2.0,£6.67/kg
1805,Alpro Soya Vanilla Drink 1 Litre,https://www.tesco.com/groceries/en-GB/products/276760184,1687614110.3883798,"['£1.75', '£1.75/litre']",1.75,£1.75/litre
1806,Tesco Finest 2 Wild Caught Sockeye Salmon Fillets 230G,https://www.tesco.com/groceries/en-GB/products/279468791,1687614110.460983,"['£7.90', '£34.35/kg']",7.9,£34.35/kg
1807,Bonne Maman Chocolate Mousse 2 X 70G,https://www.tesco.com/groceries/en-GB/products/289828949,1687614110.554157,"['£2.20', '£1.57/100g']",2.2,£1.57/100g
1808,Tesco Medium Pot Flat Leaf Parsley,https://www.tesco.com/groceries/en-GB/products/257574329,1687614110.6492212,"['£1.50', '£1.50/each']",1.5,£1.50/each
1809,Chop Garlic Puree 75G,https://www.tesco.com/groceries/en-GB/products/303823191,1687614110.721331,"['£1.30', '£0.17/10g']",1.3,£0.17/10g
1810,Arctic Coffee Caramel Latte 1L,https://www.tesco.com/groceries/en-GB/products/306493016,1687614110.79096,"['£2.20', '£0.22/100ml']",2.2,£0.22/100ml
1811,Pukka Vegan Sausage Roll 130G,https://www.tesco.com/groceries/en-GB/products/312995370,1687614110.885198,"['£1.75', '£1.35/100g']",1.75,£1.35/100g
1812,Tesco King Prawn Tikka Masala & Pilau Rice 400G,https://www.tesco.com/groceries/en-GB/products/310092827,1687614110.9626482,"['£3.00', '£7.50/kg']",3.0,£7.50/kg
1813,Proper Tasty Lancashire Cheese 190G,https://www.tesco.com/groceries/en-GB/products/308469792,1687614111.0581279,"['£2.50', '£13.16/kg']",2.5,£13.16/kg
1814,"Tesco Finest Peas, Leeks & Pancetta 250G",https://www.tesco.com/groceries/en-GB/products/292798410,1687614111.1612859,"['£2.75', '£11.00/kg']",2.75,£11.00/kg
1815,Dairylea Light Cheese Slices 8 Pack 164G,https://www.tesco.com/groceries/en-GB/products/312567367,1687614111.270449,"['£1.45', '£8.84/kg']",1.45,£8.84/kg
1816,Diet Coke 330Ml,https://www.tesco.com/groceries/en-GB/products/254855774,1687614111.3674712,"['£1.00', '£0.30/100ml']",1.0,£0.30/100ml
1817,The Collective Suckies Strawberry & Banana No Added Sugar 90G,https://www.tesco.com/groceries/en-GB/products/312706322,1687614111.493014,"['£0.95', '£1.06/100g']",0.95,£1.06/100g
1818,Tesco Summer Fruit Bowl 425G,https://www.tesco.com/groceries/en-GB/products/313189021,1687614111.597267,"['£3.50', '£8.24/kg']",3.5,£8.24/kg
1819,Tesco Mango Chunks 120G,https://www.tesco.com/groceries/en-GB/products/299045691,1687614111.670507,"['£1.25', '£10.42/kg']",1.25,£10.42/kg
1820,Hawes Traditional Wensleydale 190G,https://www.tesco.com/groceries/en-GB/products/302300961,1687614111.744064,"['£2.30', '£12.10/kg']",2.3,£12.10/kg
1821,Tesco Room To Roam British Chicken Thighs 1Kg,https://www.tesco.com/groceries/en-GB/products/308472608,1687614111.838835,"['£3.40', '£3.40/kg']",3.4,£3.40/kg
1822,Tesco Cheddar Pickled Onion & Chives 180G,https://www.tesco.com/groceries/en-GB/products/309161756,1687614111.911173,"['£2.50', '£13.89/kg']",2.5,£13.89/kg
1824,Tesco Brazil Nuts Snack Pack 60G,https://www.tesco.com/groceries/en-GB/products/283111885,1687614118.030206,"['£1.00', '£1.67/100g']",1.0,£1.67/100g
1825,Tesco Finest Unsmoked Wiltshire Gammon Small,https://www.tesco.com/groceries/en-GB/products/294214453,1687614118.1471622,"['£12.25', '£12.25/kg']",12.25,£12.25/kg
1826,Tesco Carvery Beef Joint,https://www.tesco.com/groceries/en-GB/products/308099872,1687614118.227607,"['£11.89', '£8.49/kg']",11.89,£8.49/kg
1827,Tesco Roast Ham Joint 500G,https://www.tesco.com/groceries/en-GB/products/294015435,1687614118.300747,"['£7.20', '£1.44/100g']",7.2,£1.44/100g
1828,Benecol Raspberry & Peach Low Fat Yogurt 4 Pack 480G,https://www.tesco.com/groceries/en-GB/products/304786860,1687614118.375354,"['£3.00', '£0.62/100g']",3.0,£0.62/100g
1829,Benecol Strawberry & Cherry Low Fat Yogurt 4 Pack 480G,https://www.tesco.com/groceries/en-GB/products/304397957,1687614118.4567602,"['£3.00', '£0.62/100g']",3.0,£0.62/100g
1830,Tesco Tomato & Basil Pasta Salad 550G,https://www.tesco.com/groceries/en-GB/products/303273057,1687614118.530575,"['£3.30', '£0.60/100g']",3.3,£0.60/100g
1831,Higgidy Spinach Feta Red Pepper Quiche 400G,https://www.tesco.com/groceries/en-GB/products/303853009,1687614118.605147,"['£4.85', '£1.21/100g']",4.85,£1.21/100g
1832,Tesco Tex Mex Chicken Enchiladas 480G,https://www.tesco.com/groceries/en-GB/products/293836542,1687614118.6864378,"['£4.50', '£9.38/kg']",4.5,£9.38/kg
1833,Tesco British Wafer Thin Honey Roast Ham 400G,https://www.tesco.com/groceries/en-GB/products/295176576,1687614118.758064,"['£5.00', '£1.25/100g']",5.0,£1.25/100g
1834,Califia Farms Oat Barista Drink 1L,https://www.tesco.com/groceries/en-GB/products/309175515,1687614118.834008,"['£2.10', '£0.21/100ml']",2.1,£0.21/100ml
1835,Tesco Cabbage & Leek 300G (C),https://www.tesco.com/groceries/en-GB/products/276775005,1687614118.930889,"['£1.80', '£6.00/kg']",1.8,£6.00/kg
1836,Tesco Indian Saag Aloo 300G,https://www.tesco.com/groceries/en-GB/products/293944759,1687614119.009183,"['£2.15', '£7.17/kg']",2.15,£7.17/kg
1837,Tesco Soya Drink Sweetened 1Ltr,https://www.tesco.com/groceries/en-GB/products/300118092,1687614119.0864298,"['£1.25', '£1.25/litre']",1.25,£1.25/litre
1838,Tesco 2X Lamb Shanks In Red Wine Gravy 780G,https://www.tesco.com/groceries/en-GB/products/299803088,1687614119.158186,"['£8.25', '£10.58/kg']",8.25,£10.58/kg
1839,Arctic Coffee Cafe Latte 330Ml,https://www.tesco.com/groceries/en-GB/products/300661887,1687614119.236127,"['£1.10', '£0.33/100ml']",1.1,£0.33/100ml
1840,Tesco Southern Fried Chicken Pasta 300G,https://www.tesco.com/groceries/en-GB/products/264510919,1687614119.309396,"['£2.75', '£0.92/100g']",2.75,£0.92/100g
1841,Oatly Greek Style Oatgurt 400G,https://www.tesco.com/groceries/en-GB/products/305965900,1687614119.402703,"['£2.60', '£0.65/100g']",2.6,£0.65/100g
1842,Philadelphia Intense Garlic & Herb Soft Cheese 140G,https://www.tesco.com/groceries/en-GB/products/312564080,1687614119.472824,"['£2.25', '£16.07/kg']",2.25,£16.07/kg
1843,Pro Milk Strawberry Protein Shake 330Ml,https://www.tesco.com/groceries/en-GB/products/314104484,1687614119.543743,"['£1.15', '£0.35/100ml']",1.15,£0.35/100ml
1844,Pro Milk Chocolate Protein Shake 330Ml,https://www.tesco.com/groceries/en-GB/products/314112572,1687614119.616189,"['£1.15', '£0.35/100ml']",1.15,£0.35/100ml
1845,Tesco Prawn Mayonnaise Sandwich,https://www.tesco.com/groceries/en-GB/products/254279131,1687614119.687972,"['£2.60', '£2.60/each']",2.6,£2.60/each
1846,Plenish Organic Almond Milk Alternative 1L,https://www.tesco.com/groceries/en-GB/products/311437434,1687614119.790854,"['£2.25', '£2.25/litre']",2.25,£2.25/litre
1847,Tesco Mango 450G,https://www.tesco.com/groceries/en-GB/products/305056231,1687614119.8623638,"['£3.95', '£8.78/kg']",3.95,£8.78/kg
1848,Peperami Chorizo 5X20g,https://www.tesco.com/groceries/en-GB/products/310165503,1687614119.936051,"['£2.75', '£2.75/100g']",2.75,£2.75/100g
1849,Tesco Dutch Gouda 265G,https://www.tesco.com/groceries/en-GB/products/262174830,1687614120.041964,"['£2.50', '£9.43/kg']",2.5,£9.43/kg
1850,Yeo Valley Organic Rhubarb Creamy Bio. Live Yogurt 4X110g,https://www.tesco.com/groceries/en-GB/products/312092067,1687614120.115357,"['£2.50', '£0.57/100g']",2.5,£0.57/100g
1851,Tesco 6 Potato Croquettes 220G,https://www.tesco.com/groceries/en-GB/products/250283609,1687614120.188749,"['£1.75', '£7.96/kg']",1.75,£7.96/kg
1852,Holy Moly Guacamole Original 150G,https://www.tesco.com/groceries/en-GB/products/306952551,1687614120.28607,"['£2.20', '£1.47/100g']",2.2,£1.47/100g
1853,Yazoo Vanilla Milk 400Ml,https://www.tesco.com/groceries/en-GB/products/289767548,1687614120.386585,"['£1.20', '£0.30/100ml']",1.2,£0.30/100ml
1854,Pringles Sour Cream & Onion 40G,https://www.tesco.com/groceries/en-GB/products/265445131,1687614120.482902,"['£0.90', '£2.25/100g']",0.9,£2.25/100g
1855,Ms Molly's Fruit Cocktail Trifle 472G,https://www.tesco.com/groceries/en-GB/products/300990779,1687614120.604204,"['£1.38', '£0.29/100g']",1.38,£0.29/100g
1856,Creamfields Mango Passion Fruit Low Fat Yogurt 450G,https://www.tesco.com/groceries/en-GB/products/303631037,1687614120.6748412,"['£0.99', '£0.22/100g']",0.99,£0.22/100g
1857,Tesco Plant Chef 2 Meat Free Sausages Rolls 120G,https://www.tesco.com/groceries/en-GB/products/307144291,1687614120.747018,"['£0.85', '£0.71/100g']",0.85,£0.71/100g
1858,Tesco Berry Bowl With Super Sweet Berries 400G,https://www.tesco.com/groceries/en-GB/products/305984831,1687614120.816546,"['£3.95', '£9.88/kg']",3.95,£9.88/kg
1859,Charlie Bigham's Fish Pie 340G,https://www.tesco.com/groceries/en-GB/products/291244329,1687614120.8936992,"['£6.00', '£17.65/kg']",6.0,£17.65/kg
1860,Higgidy Tomato & Basil Quiche 400G,https://www.tesco.com/groceries/en-GB/products/303852985,1687614120.964733,"['£4.85', '£1.21/100g']",4.85,£1.21/100g
1861,Yeo Valley Greek Style Natural Yogurt 950G,https://www.tesco.com/groceries/en-GB/products/273968064,1687614121.0351949,"['£3.85', '£0.40/100g']",3.85,£0.40/100g
1862,Tesco Finest Spiced Chicken With Lime & Mint Raita Pizza 400G,https://www.tesco.com/groceries/en-GB/products/312341804,1687614121.105776,"['£4.75', '£1.19/100g']",4.75,£1.19/100g
1863,Tesco Battered Haddock Goujons 200G,https://www.tesco.com/groceries/en-GB/products/271284352,1687614121.212865,"['£3.25', '£16.25/kg']",3.25,£16.25/kg
1864,Pizza Express Classic Hawaiian Ham & Pineapple Pizza 283G,https://www.tesco.com/groceries/en-GB/products/311255620,1687614121.288146,"['£5.50', '£1.94/100g']",5.5,£1.94/100g
1865,Quorn Mince 350G,https://www.tesco.com/groceries/en-GB/products/259363109,1687614121.362392,"['£3.25', '£9.29/kg']",3.25,£9.29/kg
1866,Yeo Valley Organic Strawberry Yogurt 4X110g,https://www.tesco.com/groceries/en-GB/products/312563259,1687614121.447277,"['£2.50', '£0.57/100g']",2.5,£0.57/100g
1867,Yeo Valley 0% Fat Vanilla Yogurt 450G,https://www.tesco.com/groceries/en-GB/products/254357592,1687614121.5208142,"['£2.25', '£0.50/100g']",2.25,£0.50/100g
1868,Annabel Karmel Delicious Beef Cottage Pie 200G,https://www.tesco.com/groceries/en-GB/products/286999157,1687614121.59792,"['£2.85', '£14.25/kg']",2.85,£14.25/kg
1869,Tesco Melon & Grapes 300G,https://www.tesco.com/groceries/en-GB/products/302971908,1687614121.6912231,"['£2.25', '£7.50/kg']",2.25,£7.50/kg
1870,Crackd Plant- Based Caramelised Onion Quiche 150G,https://www.tesco.com/groceries/en-GB/products/313853174,1687614121.766338,"['£2.80', '£1.87/100g']",2.8,£1.87/100g
1871,Crackd Plant- Based Quiche Lorraine 150G,https://www.tesco.com/groceries/en-GB/products/313166667,1687614121.854869,"['£2.80', '£1.87/100g']",2.8,£1.87/100g
1872,Tesco Finest Stratford Blue Cheese 150G,https://www.tesco.com/groceries/en-GB/products/310185076,1687614130.038945,"['£2.75', '£18.33/kg']",2.75,£18.33/kg
1873,Squeaky Bean Applewood Smoked Ham Style Slices 80G,https://www.tesco.com/groceries/en-GB/products/311786193,1687614130.13638,"['£2.50', '£31.25/kg']",2.5,£31.25/kg
1874,St Helens Farm Natural Goats Milk Yogurt 450G,https://www.tesco.com/groceries/en-GB/products/260378143,1687614130.221699,"['£2.40', '£0.53/100g']",2.4,£0.53/100g
1875,Koko Dairy Free Unsweetened Alternative Drink 1 Litre,https://www.tesco.com/groceries/en-GB/products/297673042,1687614130.299231,"['£1.80', '£1.80/litre']",1.8,£1.80/litre
1876,The Pizza Company Bbq Chicken & Bacon Bonanza 525G,https://www.tesco.com/groceries/en-GB/products/313520758,1687614130.376818,"['£5.25', '£1.00/100g']",5.25,£1.00/100g
1877,Tesco Ready To Bake Chocolate Chip Cookie Dough 300G,https://www.tesco.com/groceries/en-GB/products/297662010,1687614130.4841568,"['£2.15', '£0.72/100g']",2.15,£0.72/100g
1878,The Pizza Company The Meat Metropolis 497G,https://www.tesco.com/groceries/en-GB/products/313183427,1687614130.556653,"['£5.25', '£1.06/100g']",5.25,£1.06/100g
1879,Tesco 3 Houmous Stack 180G,https://www.tesco.com/groceries/en-GB/products/312346603,1687614130.655118,"['£1.50', '£0.83/100g']",1.5,£0.83/100g
1880,The Collective Dairy Free Peach & Apricot Suckies 85G,https://www.tesco.com/groceries/en-GB/products/311782977,1687614130.736984,"['£1.00', '£1.18/100g']",1.0,£1.18/100g
1881,The Collective Dairy Free Strawberry Suckies 85G,https://www.tesco.com/groceries/en-GB/products/312353888,1687614130.8312,"['£1.00', '£1.18/100g']",1.0,£1.18/100g
1882,Tesco Chocolate Brownie Sundae 136G,https://www.tesco.com/groceries/en-GB/products/264797527,1687614130.9292648,"['£1.35', '£0.99/100g']",1.35,£0.99/100g
1883,Tesco Sweetcure Smoked Mackerel Strips 200G,https://www.tesco.com/groceries/en-GB/products/299054668,1687614131.002131,"['£3.60', '£1.80/100g']",3.6,£1.80/100g
1884,Mlekovita Gouda Polish Cheese Slices 150G,https://www.tesco.com/groceries/en-GB/products/264286049,1687614131.1010208,"['£1.50', '£10.00/kg']",1.5,£10.00/kg
1885,Tesco Choi Sum 200G,https://www.tesco.com/groceries/en-GB/products/267908975,1687614131.174334,"['£1.50', '£7.50/kg']",1.5,£7.50/kg
1886,Tesco Free From Chocolate Sponge 115G,https://www.tesco.com/groceries/en-GB/products/294793618,1687614131.246096,"['£1.25', '£1.09/100g']",1.25,£1.09/100g
1887,Tesco 2 Beef Ranch Steaks With Garlic & Chilli 250G,https://www.tesco.com/groceries/en-GB/products/306805703,1687614131.328686,"['£3.45', '£13.80/kg']",3.45,£13.80/kg
1888,Tesco Wensleydale & Sour Cherry 180G,https://www.tesco.com/groceries/en-GB/products/312833516,1687614131.4015732,"['£2.50', '£13.89/kg']",2.5,£13.89/kg
1889,Gu Lemon Cheesecake 2X90g,https://www.tesco.com/groceries/en-GB/products/257305048,1687614131.496993,"['£3.75', '£2.08/100g']",3.75,£2.08/100g
1890,Tesco Fruit And Nut 200G,https://www.tesco.com/groceries/en-GB/products/266387520,1687614131.574479,"['£2.75', '£13.75/kg']",2.75,£13.75/kg
1891,Quorn 2 Peppered Steaks 196G,https://www.tesco.com/groceries/en-GB/products/251922538,1687614131.645561,"['£3.25', '£16.58/kg']",3.25,£16.58/kg
1892,St Helens Farm Goats Butter 250G,https://www.tesco.com/groceries/en-GB/products/251599085,1687614131.7402701,"['£3.15', '£12.60/kg']",3.15,£12.60/kg
1893,Jamie Oliver Spinach & Ricotta Ravioli Pasta 250G,https://www.tesco.com/groceries/en-GB/products/305989941,1687614131.810972,"['£2.60', '£10.40/kg']",2.6,£10.40/kg
1894,Abra Ca Debora 6 Sweet Pancakes 375G,https://www.tesco.com/groceries/en-GB/products/272407558,1687614131.8863301,"['£2.35', '£0.63/100g']",2.35,£0.63/100g
1895,Tesco Chicken Arrabbiata 400G,https://www.tesco.com/groceries/en-GB/products/310670285,1687614131.958255,"['£3.00', '£7.50/kg']",3.0,£7.50/kg
1896,Tesco Sundae Swirly Toffee 136G,https://www.tesco.com/groceries/en-GB/products/264797493,1687614132.052618,"['£1.35', '£0.99/100g']",1.35,£0.99/100g
1897,Herta 4 Jumbo Frankfurters 360G,https://www.tesco.com/groceries/en-GB/products/254982847,1687614132.129159,"['£3.10', '£0.86/100g']",3.1,£0.86/100g
1898,Charlie Bigham's 2 Sticky Toffee Puddings 200G,https://www.tesco.com/groceries/en-GB/products/313858042,1687614132.2029839,"['£4.50', '£22.50/kg']",4.5,£22.50/kg
1899,Tesco Finest Satay Chicken With Jasmine Rice 400G,https://www.tesco.com/groceries/en-GB/products/311428157,1687614132.305845,"['£4.25', '£10.62/kg']",4.25,£10.62/kg
1900,Alpro Plant Protein Original Soya Drink 1L,https://www.tesco.com/groceries/en-GB/products/304799856,1687614132.408297,"['£2.30', '£2.30/litre']",2.3,£2.30/litre
1901,Charlie Bigham's 2 Molten Chocolate Puddings 200G,https://www.tesco.com/groceries/en-GB/products/313503762,1687614132.477667,"['£4.50', '£22.50/kg']",4.5,£22.50/kg
1902,Tesco Large Fruit Platter 350G,https://www.tesco.com/groceries/en-GB/products/302972268,1687614132.578503,"['£3.00', '£8.57/kg']",3.0,£8.57/kg
1903,Charlie Bigham's Cherry Bakewell Pudding 2 X 110G,https://www.tesco.com/groceries/en-GB/products/313968666,1687614132.650582,"['£4.50', '£20.46/kg']",4.5,£20.46/kg
1904,Melon & Pineapple Finger 300G,https://www.tesco.com/groceries/en-GB/products/274983482,1687614132.7483678,"['£2.25', '£7.50/kg']",2.25,£7.50/kg
1905,Annabel Karmel Lovely Beef Lasagne 200G,https://www.tesco.com/groceries/en-GB/products/286980622,1687614132.818581,"['£2.85', '£14.25/kg']",2.85,£14.25/kg
1906,Jordan River Dates 800G,https://www.tesco.com/groceries/en-GB/products/297186889,1687614132.9112508,"['£3.35', '£4.19/kg']",3.35,£4.19/kg
1907,Tropicana Orange & Mango Juice 850Ml,https://www.tesco.com/groceries/en-GB/products/287294655,1687614132.985929,"['£3.25', '£0.38/100ml']",3.25,£0.38/100ml
1908,Gu Chocolate Melting Middles 2X100g,https://www.tesco.com/groceries/en-GB/products/277201119,1687614133.0574021,"['£3.75', '£1.88/100g']",3.75,£1.88/100g
1909,Naked Green Machine Smoothie 750Ml,https://www.tesco.com/groceries/en-GB/products/289685149,1687614133.162045,"['£4.75', '£0.63/100ml']",4.75,£0.63/100ml
1910,Plenish Organic Almond 1Ltr,https://www.tesco.com/groceries/en-GB/products/305205390,1687614133.263121,"['£2.25', '£2.25/litre']",2.25,£2.25/litre
1911,Tesco Finest Deli Slow Cooked Roast Beef Brisket 90G,https://www.tesco.com/groceries/en-GB/products/312357057,1687614133.359712,"['£3.25', '£3.61/100g']",3.25,£3.61/100g
1912,Tesco Finest Bramley Apple Flapjack Crumble 250g,https://www.tesco.com/groceries/en-GB/products/312989677,1687614133.460298,"['£3.25', '£13.00/kg']",3.25,£13.00/kg
1913,Tesco Beef Bolognese Sauce 350G,https://www.tesco.com/groceries/en-GB/products/251328159,1687614133.567759,"['£1.90', '£0.54/100g']",1.9,£0.54/100g
1914,Butlers Blacksticks Blue 150G,https://www.tesco.com/groceries/en-GB/products/255721848,1687614133.639457,"['£2.75', '£18.33/kg']",2.75,£18.33/kg
1915,Plenish Turmeric Defence Shot 60ml,https://www.tesco.com/groceries/en-GB/products/314117365,1687614133.733634,"['£2.00', '£3.33/100ml']",2.0,£3.33/100ml
1916,Coca Cola Classic 250Ml,https://www.tesco.com/groceries/en-GB/products/297132752,1687614133.868782,"['£1.00', '£0.40/100ml']",1.0,£0.40/100ml
1917,Tesco 2 Fresh Cream Bramley Apple Turnovers 160G,https://www.tesco.com/groceries/en-GB/products/297297274,1687614134.015393,"['£1.60', '£1.00/100g']",1.6,£1.00/100g
1918,Tesco Green Olives With Herbs 60G,https://www.tesco.com/groceries/en-GB/products/306649409,1687614134.103343,"['£1.25', '£2.08/100g']",1.25,£2.08/100g
1919,Tesco Large Seafood Stick 50G,https://www.tesco.com/groceries/en-GB/products/300826722,1687614134.262126,"['£0.60', '£1.20/100g']",0.6,£1.20/100g
1920,Tesco Free From Syrup Sponge 115G,https://www.tesco.com/groceries/en-GB/products/294793630,1687614141.041483,"['£1.25', '£1.09/100g']",1.25,£1.09/100g
1921,Copella Apple & Elderflower Juice 900Ml,https://www.tesco.com/groceries/en-GB/products/288307410,1687614141.122753,"['£2.75', '£0.31/100ml']",2.75,£0.31/100ml
1922,Tesco Sweet Potato Wedges In Parsley & Thyme Oil 500G,https://www.tesco.com/groceries/en-GB/products/309767875,1687614141.2251132,"['£2.00', '£4.00/kg']",2.0,£4.00/kg
1923,Tesco Salad Tomatoes,https://www.tesco.com/groceries/en-GB/products/304401366,1687614141.330504,"['£0.15', '£2.35/kg']",0.15,£2.35/kg
1924,Tesco Finest 8 Belgian Chocolate Profiteroles 161G,https://www.tesco.com/groceries/en-GB/products/306938275,1687614141.404671,"['£3.25', '£2.02/100g']",3.25,£2.02/100g
1925,Innocent Energise Super Smoothie 750Ml,https://www.tesco.com/groceries/en-GB/products/305528318,1687614141.511987,"['£4.50', '£0.60/100ml']",4.5,£0.60/100ml
1926,Tesco Room To Roam British Chicken Thigh Fillets 600G,https://www.tesco.com/groceries/en-GB/products/308469037,1687614141.586504,"['£5.45', '£9.08/kg']",5.45,£9.08/kg
1927,Red Fox Aged Red Leicester 200G,https://www.tesco.com/groceries/en-GB/products/297630099,1687614141.6646872,"['£3.00', '£15.00/kg']",3.0,£15.00/kg
1928,Tesco Finest Spicy Garlic King Prawn Pizza 450G,https://www.tesco.com/groceries/en-GB/products/303806350,1687614141.7368388,"['£4.75', '£1.06/100g']",4.75,£1.06/100g
1929,Tesco Chicken & Bacon Puff Pastry Pie 500G,https://www.tesco.com/groceries/en-GB/products/285694087,1687614141.8345442,"['£3.65', '£0.73/100g']",3.65,£0.73/100g
1930,Vivera Veggie Greek Kebab 175G,https://www.tesco.com/groceries/en-GB/products/303543032,1687614141.906292,"['£2.60', '£14.86/kg']",2.6,£14.86/kg
1931,Yeo Valley Blueberry Yogurt 450G,https://www.tesco.com/groceries/en-GB/products/259163029,1687614141.9849348,"['£2.25', '£0.50/100g']",2.25,£0.50/100g
1932,Tesco Chicken Caesar Wrap,https://www.tesco.com/groceries/en-GB/products/254477674,1687614142.070098,"['£2.85', '£2.85/each']",2.85,£2.85/each
1933,Pizza Express Original Dough Balls 95G,https://www.tesco.com/groceries/en-GB/products/308843343,1687614142.1661499,"['£2.15', '£2.26/100g']",2.15,£2.26/100g
1934,New Covent Garden Soup Co Carrot & Coriander Soup 560G,https://www.tesco.com/groceries/en-GB/products/307734514,1687614142.2623968,"['£2.00', '£0.36/100g']",2.0,£0.36/100g
1935,Gu Salted Caramel Cheesecake 2X92g,https://www.tesco.com/groceries/en-GB/products/302355446,1687614142.335089,"['£3.75', '£2.04/100g']",3.75,£2.04/100g
1936,Tesco Deli Corned Beef 140G 140G,https://www.tesco.com/groceries/en-GB/products/312568231,1687614142.430996,"['£2.50', '£1.79/100g']",2.5,£1.79/100g
1937,Royal Port Beef & Cheese Patty 140G,https://www.tesco.com/groceries/en-GB/products/282623160,1687614142.5304801,"['£1.10', '£0.79/100g']",1.1,£0.79/100g
1938,Cawston Press Brilliant Beetroot Juice 1L,https://www.tesco.com/groceries/en-GB/products/278083043,1687614142.6081438,"['£2.90', '£0.29/100ml']",2.9,£0.29/100ml
1939,Tesco Fire Pit 10 Sweet & Smoky Beef Kebabs 400G,https://www.tesco.com/groceries/en-GB/products/313605866,1687614142.70257,"['£4.50', '£11.25/kg']",4.5,£11.25/kg
1940,Alpro This Is Not M*Lk Whole Oat Drink 1 Litre,https://www.tesco.com/groceries/en-GB/products/310656320,1687614142.797437,"['£2.00', '£2.00/litre']",2.0,£2.00/litre
1941,Tesco Deli Roast Turkey Breast 120G,https://www.tesco.com/groceries/en-GB/products/312712723,1687614142.8691049,"['£2.75', '£2.29/100g']",2.75,£2.29/100g
1942,Innocent Kids Apple Juice 4X150ml,https://www.tesco.com/groceries/en-GB/products/305530240,1687614142.965566,"['£3.60', '£0.60/100ml']",3.6,£0.60/100ml
1943,Petits Filous No Added Sugar Apple Pear & Banana Fromage Frais 6 X 47G,https://www.tesco.com/groceries/en-GB/products/304398714,1687614143.062856,"['£1.85', '£0.66/100g']",1.85,£0.66/100g
1944,Pukka Chicken Balti Pie,https://www.tesco.com/groceries/en-GB/products/306803285,1687614143.1431282,"['£2.00', '£2.00/each']",2.0,£2.00/each
1945,Wicked Kitchen Spinach & Garlic Ravioli 250G,https://www.tesco.com/groceries/en-GB/products/304407930,1687614143.218817,"['£2.50', '£10.00/kg']",2.5,£10.00/kg
1946,Actimel Kids Peach Yogurt Drinks 4 X 100G,https://www.tesco.com/groceries/en-GB/products/309498594,1687614143.3084888,"['£1.90', '£0.48/100g']",1.9,£0.48/100g
1947,The Jolly Cow 2 Steak Burgers With Pepper 300G,https://www.tesco.com/groceries/en-GB/products/311938193,1687614143.392303,"['£4.50', '£15.00/kg']",4.5,£15.00/kg
1948,Tesco Egg & Bacon Sandwich Filler 250G,https://www.tesco.com/groceries/en-GB/products/307138212,1687614143.498049,"['£1.85', '£0.74/100g']",1.85,£0.74/100g
1949,The Artisan Bread Company Company Classic Breadsticks 150G,https://www.tesco.com/groceries/en-GB/products/302743880,1687614143.578173,"['£1.80', '£1.20/100g']",1.8,£1.20/100g
1950,Coke Zero 500 Ml,https://www.tesco.com/groceries/en-GB/products/260506661,1687614143.682865,"['£1.59', '£0.32/100ml']",1.59,£0.32/100ml
1951,The Real Milkshake Company Chocolate Flavoured Milk Drink 1L,https://www.tesco.com/groceries/en-GB/products/314112670,1687614143.817846,"['£1.85', '£0.18/100ml']",1.85,£0.18/100ml
1952,Tesco Milled Flax Pumpkin & Chia Seed Mix 175G,https://www.tesco.com/groceries/en-GB/products/302677278,1687614143.929746,"['£1.85', '£10.57/kg']",1.85,£10.57/kg
1953,Tesco Minced Steak & Onion Shortcrust Pie 200G,https://www.tesco.com/groceries/en-GB/products/285347378,1687614144.008233,"['£1.75', '£0.88/100g']",1.75,£0.88/100g
1954,Pizza Co Chicken Pops 128G,https://www.tesco.com/groceries/en-GB/products/303806914,1687614144.08288,"['£3.15', '£2.46/100g']",3.15,£2.46/100g
1955,Yeo Valley Kefir Yogurt Mango & Passion Fruit 350G,https://www.tesco.com/groceries/en-GB/products/303630770,1687614144.2519732,"['£1.70', '£0.49/100g']",1.7,£0.49/100g
1956,Arla Skyr 0% Fat Sour Cherry Yogurt 450G,https://www.tesco.com/groceries/en-GB/products/309469905,1687614144.3748312,"['£1.75', '£0.39/100g']",1.75,£0.39/100g
1957,Tesco Finest 6 Smoked Dry Cure Thick Cut Bacon 240G,https://www.tesco.com/groceries/en-GB/products/299054461,1687614144.472778,"['£3.50', '£14.58/kg']",3.5,£14.58/kg
1958,Tesco Mini Roast Chicken Dinner & Gravy 438G,https://www.tesco.com/groceries/en-GB/products/285512868,1687614144.5669289,"['£4.40', '£10.05/kg']",4.4,£10.05/kg
1959,Tesco Finest Lamb Tandoori Burger With Melt 400G,https://www.tesco.com/groceries/en-GB/products/313169990,1687614144.683881,"['£4.40', '£11.00/kg']",4.4,£11.00/kg
1960,Tesco Sweet Potato Mash 400G,https://www.tesco.com/groceries/en-GB/products/297673140,1687614144.759449,"['£1.50', '£3.75/kg']",1.5,£3.75/kg
1961,Tesco Fire Pit Buffalo Style Chicken Wings 900G,https://www.tesco.com/groceries/en-GB/products/307340876,1687614144.8846421,"['£4.50', '£5.00/kg']",4.5,£5.00/kg
1962,Tesco Fire Pit Oaky Smoky Bbq Chicken Drums 900G,https://www.tesco.com/groceries/en-GB/products/305527325,1687614144.978818,"['£4.50', '£5.00/kg']",4.5,£5.00/kg
1963,Tesco Aromatic Shredded Duck & Pancakes 230G,https://www.tesco.com/groceries/en-GB/products/265216846,1687614145.076958,"['£4.00', '£17.39/kg']",4.0,£17.39/kg
1964,Tesco Firepit Chinese Chicken Thighs 900G,https://www.tesco.com/groceries/en-GB/products/264429037,1687614145.191404,"['£4.50', '£5.00/kg']",4.5,£5.00/kg
1965,Ufit High Protein Milkshake White Chocolate Flavoured 330Ml,https://www.tesco.com/groceries/en-GB/products/308115508,1687614145.29229,"['£2.00', '£0.61/100ml']",2.0,£0.61/100ml
1966,Pizza Express American Classic Pepperoni Pizza458g,https://www.tesco.com/groceries/en-GB/products/302319830,1687614145.366324,"['£6.50', '£1.42/100g']",6.5,£1.42/100g
1967,Tesco Fire Pit 4 Sweet & Smoky Pork Kebabs 340G,https://www.tesco.com/groceries/en-GB/products/313731937,1687614145.541426,"['£4.50', '£13.24/kg']",4.5,£13.24/kg
1968,Bio-Tiful Dairy Kefir Drink Original 500Ml,https://www.tesco.com/groceries/en-GB/products/302529973,1687614153.853716,"['£2.60', '£0.52/100ml']",2.6,£0.52/100ml
1969,"Tesco Fire Pit 4 Pork, Mozzarella & Tomato Kebabs 400G",https://www.tesco.com/groceries/en-GB/products/313525131,1687614153.931527,"['£4.50', '£11.25/kg']",4.5,£11.25/kg
1970,Tesco Lamb Chops 550G,https://www.tesco.com/groceries/en-GB/products/289880192,1687614154.0443552,"['£8.25', '£15.00/kg']",8.25,£15.00/kg
1971,Tesco Firepit 6 Chinese Style Pork Loin Steaks 600G,https://www.tesco.com/groceries/en-GB/products/291684453,1687614154.125694,"['£4.50', '£7.50/kg']",4.5,£7.50/kg
1972,Tesco Fire Pit 4 Maple Bbq Chicken Kebabs 260G,https://www.tesco.com/groceries/en-GB/products/313170618,1687614154.2249,"['£4.50', '£17.31/kg']",4.5,£17.31/kg
1973,Tesco Fire Pit 6 Bbq Maple Pork Loin Steaks 600G,https://www.tesco.com/groceries/en-GB/products/287259646,1687614154.330644,"['£4.50', '£7.50/kg']",4.5,£7.50/kg
1974,Violife Plant Based Cheddarton 200G,https://www.tesco.com/groceries/en-GB/products/314690364,1687614154.425936,"['£2.75', '£13.75/kg']",2.75,£13.75/kg
1975,Tesco Finest Barrel Aged Feta 310G,https://www.tesco.com/groceries/en-GB/products/279819514,1687614154.498519,"['£2.40', '£7.74/kg']",2.4,£7.74/kg
1976,Yeo Valley Organic Greek Style Natural Yogurt 4X110g,https://www.tesco.com/groceries/en-GB/products/312109804,1687614154.572613,"['£2.50', '£0.57/100g']",2.5,£0.57/100g
1977,Graham's Natural Cottage Cheese Full Fat 300G,https://www.tesco.com/groceries/en-GB/products/308472089,1687614154.651527,"['£1.85', '£6.17/kg']",1.85,£6.17/kg
1978,Yeo Valley Organic Super Thick 0% Natural Yogurt 450G,https://www.tesco.com/groceries/en-GB/products/305982954,1687614154.7292328,"['£3.25', '£0.72/100g']",3.25,£0.72/100g
1979,Delamere Dairy Sterilised Longlife Semi Skimmed Milk 1L,https://www.tesco.com/groceries/en-GB/products/258104839,1687614154.825768,"['£1.20', '£1.20/litre']",1.2,£1.20/litre
1980,Sunsweet Prune Juice 1 Litre,https://www.tesco.com/groceries/en-GB/products/252930803,1687614154.900919,"['£4.00', '£0.40/100ml']",4.0,£0.40/100ml
1981,Tesco Green Olives 120G,https://www.tesco.com/groceries/en-GB/products/311268173,1687614154.971955,"['£1.60', '£1.33/100g']",1.6,£1.33/100g
1982,Koko Dairy Free Original Plain Yogurt 500G,https://www.tesco.com/groceries/en-GB/products/293795635,1687614155.043999,"['£2.00', '£0.40/100g']",2.0,£0.40/100g
1983,Tesco Fire Pit 4 Chilli & Lime Salmon Sizzlers 180G,https://www.tesco.com/groceries/en-GB/products/312983931,1687614155.1209311,"['£4.50', '£25.00/kg']",4.5,£25.00/kg
1984,Innocent Apple & Berry Juice 1.35L,https://www.tesco.com/groceries/en-GB/products/288178014,1687614155.221122,"['£4.10', '£0.30/100ml']",4.1,£0.30/100ml
1985,Dr Pepper 500Ml,https://www.tesco.com/groceries/en-GB/products/256867175,1687614155.314826,"['£1.70', '£0.34/100ml']",1.7,£0.34/100ml
1986,The Coconut Collaborative Vegan Double Cream 220Ml,https://www.tesco.com/groceries/en-GB/products/312107052,1687614155.430506,"['£1.95', '£0.89/100ml']",1.95,£0.89/100ml
1987,Dairylea Dunkers Breadsticks Cheese Snack 4 Pack 172G,https://www.tesco.com/groceries/en-GB/products/308832362,1687614155.5262852,"['£2.25', '£13.08/kg']",2.25,£13.08/kg
1988,T.F/Pit Salt & Chilli Pork Belly Slices 520G,https://www.tesco.com/groceries/en-GB/products/296056832,1687614155.623591,"['£4.50', '£8.65/kg']",4.5,£8.65/kg
1989,Danepak 10 Unsmoked Reduced Salt Back Bacon Rashers 300G,https://www.tesco.com/groceries/en-GB/products/304380683,1687614155.719319,"['£2.20', '£7.33/kg']",2.2,£7.33/kg
1990,Le Superbe Raclette Cheese 150G,https://www.tesco.com/groceries/en-GB/products/304792351,1687614155.789896,"['£2.75', '£18.33/kg']",2.75,£18.33/kg
1991,Philadelphia Lightest Herbs Soft Cheese 165G,https://www.tesco.com/groceries/en-GB/products/311430171,1687614155.891273,"['£2.20', '£13.33/kg']",2.2,£13.33/kg
1992,Tesco Apple Mango Passion Fruit & Peach Juice Not From Concentrate 1L,https://www.tesco.com/groceries/en-GB/products/263450571,1687614155.987829,"['£1.70', '£0.17/100ml']",1.7,£0.17/100ml
1993,Tesco Fire Pit 10 Minted Lamb Kebabs 400G,https://www.tesco.com/groceries/en-GB/products/314102175,1687614156.065156,"['£4.50', '£11.25/kg']",4.5,£11.25/kg
1994,Tesco Fire Pit 2 Minted Lamb Leg Steaks 250G,https://www.tesco.com/groceries/en-GB/products/313378108,1687614156.1686242,"['£4.50', '£18.00/kg']",4.5,£18.00/kg
1995,Tesco Snacking Pistachio 50G,https://www.tesco.com/groceries/en-GB/products/287219084,1687614156.264672,"['£1.00', '£20.00/kg']",1.0,£20.00/kg
1996,Tesco Deglet Nourishing Dates 500G,https://www.tesco.com/groceries/en-GB/products/312563757,1687614156.357441,"['£3.15', '£6.30/kg']",3.15,£6.30/kg
1997,Ilchester Mini Cheese Selection 230G,https://www.tesco.com/groceries/en-GB/products/288456676,1687614156.428871,"['£3.70', '£16.09/kg']",3.7,£16.09/kg
1998,Tesco Steamed Salmon Fillets 180G,https://www.tesco.com/groceries/en-GB/products/281693371,1687614156.504278,"['£5.50', '£3.06/100g']",5.5,£3.06/100g
1999,Tesco Spinach & Ricotta Chicken Breast 2 Pack 360G,https://www.tesco.com/groceries/en-GB/products/284847911,1687614156.57828,"['£4.40', '£12.22/kg']",4.4,£12.22/kg
2000,Emmi Caffe Latte Cappuccino Mr Big 370Ml,https://www.tesco.com/groceries/en-GB/products/283924539,1687614156.6488051,"['£2.65', '£0.72/100ml']",2.65,£0.72/100ml
2001,Tesco 2 Rhubarb Crumbles 270G,https://www.tesco.com/groceries/en-GB/products/267153703,1687614156.720782,"['£2.50', '£0.93/100g']",2.5,£0.93/100g
2002,Jamie Oliver 7 Vegetable & Tomato Sauce 200G,https://www.tesco.com/groceries/en-GB/products/305951513,1687614156.789789,"['£2.25', '£1.12/100g']",2.25,£1.12/100g
2003,Quorn Bake In Tray Katsu Fillets 280G,https://www.tesco.com/groceries/en-GB/products/313755895,1687614156.862596,"['£3.50', '£12.50/kg']",3.5,£12.50/kg
2004,Yeo Valley Organic Gut Health Kefir Strawberry 4X100g,https://www.tesco.com/groceries/en-GB/products/308492439,1687614156.94616,"['£2.50', '£0.62/100g']",2.5,£0.62/100g
2005,Tesco Finest Buffalo Mozzarella 240G,https://www.tesco.com/groceries/en-GB/products/309494287,1687614157.0224352,"['£2.50', '£20.00/kg DR.WT']",2.5,£20.00/kg DR.WT
2006,"Higgidy Spinach, Feta & Pine Nut Pie 270G",https://www.tesco.com/groceries/en-GB/products/290921993,1687614157.099793,"['£4.70', '£1.74/100g']",4.7,£1.74/100g
2007,Tesco Free From Quiche Lorraine 160G,https://www.tesco.com/groceries/en-GB/products/308472021,1687614157.205662,"['£2.20', '£1.38/100g']",2.2,£1.38/100g
2008,Quorn Vegetarian Mini Sausage Rolls 140G,https://www.tesco.com/groceries/en-GB/products/313388177,1687614157.2767308,"['£2.50', '£1.79/100g']",2.5,£1.79/100g
2009,Naked Blue Machine Smoothie 750Ml,https://www.tesco.com/groceries/en-GB/products/289685190,1687614157.3532631,"['£4.75', '£0.63/100ml']",4.75,£0.63/100ml
2010,Tesco Double Chocolate Chocolate Sundae 200G,https://www.tesco.com/groceries/en-GB/products/278609932,1687614157.444891,"['£1.80', '£0.90/100g']",1.8,£0.90/100g
2011,Philadelphia Original Mini Tubs 4X35g,https://www.tesco.com/groceries/en-GB/products/293353820,1687614157.514911,"['£1.95', '£13.93/kg']",1.95,£13.93/kg
2012,T Double Gloucester Chive And Onion Cheese Slices 150G,https://www.tesco.com/groceries/en-GB/products/299769905,1687614157.589677,"['£2.00', '£13.33/kg']",2.0,£13.33/kg
2013,Tesco Salt & Chilli Chicken Wings 295G,https://www.tesco.com/groceries/en-GB/products/304394718,1687614157.665807,"['£3.00', '£10.17/kg']",3.0,£10.17/kg
2014,Plenish Organic Oat Milk Dairy Alternative 1Ltr,https://www.tesco.com/groceries/en-GB/products/309753880,1687614157.771231,"['£2.00', '£2.00/litre']",2.0,£2.00/litre
2015,Vivera Shwarma Kebab 175G,https://www.tesco.com/groceries/en-GB/products/300544554,1687614157.866795,"['£2.60', '£14.86/kg']",2.6,£14.86/kg
2016,Tesco British Mature Cheddar Snack Sticks 5X20g,https://www.tesco.com/groceries/en-GB/products/300000069,1687614165.896075,"['£1.70', '£17.00/kg']",1.7,£17.00/kg
2017,Tesco Finest 2 Beer Battered Cod Fillets 380G,https://www.tesco.com/groceries/en-GB/products/310674387,1687614165.991961,"['£4.95', '£13.03/kg']",4.95,£13.03/kg
2018,Tesco Smashed Avocado With Chilli - 200G,https://www.tesco.com/groceries/en-GB/products/305988660,1687614166.0774138,"['£2.00', '£1.00/100g']",2.0,£1.00/100g
2019,Onken Wholegrain Strawberry Yogurt 450G,https://www.tesco.com/groceries/en-GB/products/268783946,1687614166.1615329,"['£1.95', '£0.43/100g']",1.95,£0.43/100g
2020,Tesco Finest Oyster Mushroom Cluster 150G,https://www.tesco.com/groceries/en-GB/products/302290699,1687614166.261649,"['£1.80', '£12.00/kg']",1.8,£12.00/kg
2021,Walkers Baked Ready Salted 37.5G,https://www.tesco.com/groceries/en-GB/products/259153934,1687614166.337343,"['£0.95', '£2.53/100g']",0.95,£2.53/100g
2022,Cherrygood Cherry Juice Drink 1 Litre,https://www.tesco.com/groceries/en-GB/products/264685493,1687614166.459507,"['£1.85', '£0.18/100ml']",1.85,£0.18/100ml
2023,Tesco Plant Chef Butternut Squash & Herb Veggie Rolls 180G,https://www.tesco.com/groceries/en-GB/products/313618367,1687614166.531494,"['£2.40', '£1.33/100g']",2.4,£1.33/100g
2024,Tesco Green Vegetable Medley 250G,https://www.tesco.com/groceries/en-GB/products/305990282,1687614166.605692,"['£2.00', '£8.00/kg']",2.0,£8.00/kg
2025,Pringles Pop & Go Original 40G,https://www.tesco.com/groceries/en-GB/products/266460168,1687614166.702821,"['£0.90', '£2.25/100g']",0.9,£2.25/100g
2026,Rustlers Southern Fried Chicken 158G,https://www.tesco.com/groceries/en-GB/products/265500659,1687614166.8241122,"['£2.25', '£14.24/kg']",2.25,£14.24/kg
2027,Sensations Sweet Chilli Crisps 40G,https://www.tesco.com/groceries/en-GB/products/254982467,1687614166.9272902,"['£1.00', '£2.50/100g']",1.0,£2.50/100g
2028,Crouton Company Garlic & Herb Croutons 40G,https://www.tesco.com/groceries/en-GB/products/306501400,1687614167.043765,"['£0.50', '£1.25/100g']",0.5,£1.25/100g
2029,Tesco Blueberry Juice Drink 1L,https://www.tesco.com/groceries/en-GB/products/260027755,1687614167.116894,"['£1.15', '£0.12/100ml']",1.15,£0.12/100ml
2030,Papaya Each,https://www.tesco.com/groceries/en-GB/products/255547786,1687614167.2113411,"['£1.80', '£1.80/each']",1.8,£1.80/each
2031,Tesco Cheddar With Oak Smoked Jalapeno & Red Pepper 180G,https://www.tesco.com/groceries/en-GB/products/302301597,1687614167.287659,"['£2.50', '£13.89/kg']",2.5,£13.89/kg
2032,Tesco Finest Salsiccia Picante With Hot Honey Pizza 400G,https://www.tesco.com/groceries/en-GB/products/311936569,1687614167.382655,"['£4.75', '£1.19/100g']",4.75,£1.19/100g
2033,Squeaky Bean Ready To Eat Deli Pastrami Sandwich Slice 90G,https://www.tesco.com/groceries/en-GB/products/307149464,1687614167.47646,"['£2.85', '£31.67/kg']",2.85,£31.67/kg
2034,Tesco Chicken Tomato & Basil Pasta Salad 300G,https://www.tesco.com/groceries/en-GB/products/287732489,1687614167.554904,"['£2.75', '£0.92/100g']",2.75,£0.92/100g
2035,Tesco Smoked Ham & Cheddar Sandwich,https://www.tesco.com/groceries/en-GB/products/254279217,1687614167.6510239,"['£2.60', '£2.60/each']",2.6,£2.60/each
2036,Higgidy Cheddar & Onion Veggie Rolls 160G,https://www.tesco.com/groceries/en-GB/products/303853022,1687614167.7458482,"['£3.30', '£2.06/100g']",3.3,£2.06/100g
2037,Tesco Pineapple 500G,https://www.tesco.com/groceries/en-GB/products/287872392,1687614167.815126,"['£3.00', '£6.00/kg']",3.0,£6.00/kg
2038,Tesco Finest Mixed Berry Panna Cotta 184G,https://www.tesco.com/groceries/en-GB/products/313730763,1687614167.8886049,"['£3.00', '£1.63/100g']",3.0,£1.63/100g
2039,V8 Vegetable Juice 1 Litre,https://www.tesco.com/groceries/en-GB/products/256650348,1687614167.9599411,"['£2.90', '£0.29/100ml']",2.9,£0.29/100ml
2040,Tesco Finest 2 St Clements Cheesecakes 150G,https://www.tesco.com/groceries/en-GB/products/313966553,1687614168.041837,"['£3.50', '£2.33/100g']",3.5,£2.33/100g
2041,Tesco Chicken Shawarma Wrap,https://www.tesco.com/groceries/en-GB/products/308499393,1687614168.120333,"['£2.85', '£2.85/each']",2.85,£2.85/each
2042,Coconut Collaborative Little Chocolate Pots Dairy Free 4X45g,https://www.tesco.com/groceries/en-GB/products/293624597,1687614168.2228339,"['£2.95', '£1.64/100g']",2.95,£1.64/100g
2043,Tesco Fajita Chicken Wrap Limited Edition,https://www.tesco.com/groceries/en-GB/products/311449282,1687614168.3180459,"['£2.85', '£2.85/each']",2.85,£2.85/each
2044,Oatly Organic Oat Drink 1 Litre,https://www.tesco.com/groceries/en-GB/products/306663547,1687614168.41411,"['£2.20', '£2.20/litre']",2.2,£2.20/litre
2045,Tesco 4 Boneless Sea Bass Fillets 360G,https://www.tesco.com/groceries/en-GB/products/310152680,1687614168.486938,"['£7.50', '£20.83/kg']",7.5,£20.83/kg
2046,Tesco Finest Buffalo Mozzarella Tomo Pizza 220G,https://www.tesco.com/groceries/en-GB/products/303806534,1687614168.561878,"['£3.20', '£1.46/100g']",3.2,£1.46/100g
2047,Tesco Finest 2 White Chocolate Raspberry & Pistachio Cheesecakes 150G,https://www.tesco.com/groceries/en-GB/products/313951288,1687614168.638634,"['£3.50', '£2.33/100g']",3.5,£2.33/100g
2048,President Grated Emmental 200G,https://www.tesco.com/groceries/en-GB/products/250226517,1687614168.7081459,"['£2.75', '£13.75/kg']",2.75,£13.75/kg
2049,Cawston Press Apple & Ginger Juice 1L,https://www.tesco.com/groceries/en-GB/products/263879352,1687614168.77845,"['£2.70', '£0.27/100ml']",2.7,£0.27/100ml
2050,Herta Original Frankfurter Classics 4S 140G,https://www.tesco.com/groceries/en-GB/products/254273258,1687614168.871698,"['£1.60', '£1.14/100g']",1.6,£1.14/100g
2051,Tesco Potato Gratin 450G,https://www.tesco.com/groceries/en-GB/products/255836346,1687614168.949731,"['£2.50', '£5.56/kg']",2.5,£5.56/kg
2052,Wicked Kitchen Aubergine Parmigiana Ravioli 250G,https://www.tesco.com/groceries/en-GB/products/313852774,1687614169.0290549,"['£2.50', '£1.00/100g']",2.5,£1.00/100g
2053,Tesco Spicy Chicken Pasta 275G,https://www.tesco.com/groceries/en-GB/products/262078306,1687614169.1020658,"['£1.70', '£0.01/kg']",1.7,£0.01/kg
2054,Counter Smoked Processed Cheese 200G,https://www.tesco.com/groceries/en-GB/products/302312215,1687614169.204179,"['£2.30', '£11.50/kg']",2.3,£11.50/kg
2055,Tesco Smoked Mackerel Flakes 120G,https://www.tesco.com/groceries/en-GB/products/306810996,1687614169.30912,"['£2.40', '£2.00/100g']",2.4,£2.00/100g
2056,The Artisan Bread Company Rosemary Breadsticks 150G,https://www.tesco.com/groceries/en-GB/products/302744019,1687614169.389455,"['£1.80', '£1.20/100g']",1.8,£1.20/100g
2057,Tesco 2 Boneless Mackerel Fillets 160G,https://www.tesco.com/groceries/en-GB/products/313746779,1687614169.490068,"['£2.50', '£15.62/kg']",2.5,£15.62/kg
2058,Tesco Green Escape Smoothie 750Ml,https://www.tesco.com/groceries/en-GB/products/305982672,1687614169.5610461,"['£1.80', '£0.24/100ml']",1.8,£0.24/100ml
2059,Red Bull Energy Drink 355Ml,https://www.tesco.com/groceries/en-GB/products/262079459,1687614169.6327958,"['£1.90', '£0.54/100ml']",1.9,£0.54/100ml
2060,Yeo Valley Kefir Blueberry Yogurt 350G,https://www.tesco.com/groceries/en-GB/products/302219107,1687614169.757241,"['£1.70', '£0.49/100g']",1.7,£0.49/100g
2061,Tesco Fire Pit Smoky Bbq Chicken Sub,https://www.tesco.com/groceries/en-GB/products/308458505,1687614169.852947,"['£2.85', '£2.85/each']",2.85,£2.85/each
2062,Tesco Fire Pit Patatas Bravas 400G,https://www.tesco.com/groceries/en-GB/products/305949511,1687614169.948375,"['£2.00', '£5.00/kg']",2.0,£5.00/kg
2063,Tesco Finest Coastal Bite Cheddar 200G,https://www.tesco.com/groceries/en-GB/products/304383207,1687614170.043572,"['£2.30', '£11.50/kg']",2.3,£11.50/kg
2064,Happy Monkey Milkshake Strawberry 3X200ml,https://www.tesco.com/groceries/en-GB/products/282572461,1687614176.235774,"['£1.20', '£0.20/100ml']",1.2,£0.20/100ml
2065,Tesco Fire Pit Pulled Beef & Burger Slaw Sub,https://www.tesco.com/groceries/en-GB/products/311448467,1687614176.314791,"['£2.85', '£2.85/each']",2.85,£2.85/each
2066,Tesco Organic Ripe & Ready Pears 550G,https://www.tesco.com/groceries/en-GB/products/287024636,1687614176.413634,"['£2.30', '£4.18/kg']",2.3,£4.18/kg
2067,Tesco Slow Roasting Beef Joint,https://www.tesco.com/groceries/en-GB/products/304411319,1687614176.492695,"['£18.70', '£11.00/kg']",18.7,£11.00/kg
2068,Charlie Bigham's Lasagne 690G,https://www.tesco.com/groceries/en-GB/products/291242061,1687614176.57795,"['£9.50', '£13.77/kg']",9.5,£13.77/kg
2069,Highland Game Venison Steaks 250G,https://www.tesco.com/groceries/en-GB/products/290922180,1687614176.67432,"['£7.20', '£28.80/kg']",7.2,£28.80/kg
2070,Charlie Bigham's Lasagne 355G,https://www.tesco.com/groceries/en-GB/products/291244404,1687614176.747426,"['£6.00', '£16.90/kg']",6.0,£16.90/kg
2071,Gressingham Duck Legs 462G,https://www.tesco.com/groceries/en-GB/products/268397729,1687614176.819267,"['£4.80', '£10.39/kg']",4.8,£10.39/kg
2072,Ocean Spray Cranberry Classic Juice Drink 4 X 1 Litre,https://www.tesco.com/groceries/en-GB/products/254668811,1687614176.901084,"['£5.90', '£0.15/100ml']",5.9,£0.15/100ml
2073,Castello Tickler Extra Mature Cheddar Cheese 300G,https://www.tesco.com/groceries/en-GB/products/313626714,1687614176.979481,"['£4.50', '£15.00/kg']",4.5,£15.00/kg
2074,Bonne Maman Rhubarb Yogurt 4X125g,https://www.tesco.com/groceries/en-GB/products/311780239,1687614177.093565,"['£2.75', '£0.55/100g']",2.75,£0.55/100g
2075,Tesco Finest Vintage Coastal Bite Cheese 200G,https://www.tesco.com/groceries/en-GB/products/299770148,1687614177.165388,"['£2.85', '£14.25/kg']",2.85,£14.25/kg
2076,Vegetarian Butcher Vegan Impeckable Chicken Breast 180G,https://www.tesco.com/groceries/en-GB/products/311799293,1687614177.2490618,"['£3.15', '£17.50/kg']",3.15,£17.50/kg
2077,Tesco Finest Pomodorini Sauce 350G,https://www.tesco.com/groceries/en-GB/products/260680775,1687614177.330338,"['£2.90', '£0.83/100g']",2.9,£0.83/100g
2078,Tesco Finest 4 Cheese Sauce 350G,https://www.tesco.com/groceries/en-GB/products/287304000,1687614177.409634,"['£2.90', '£0.83/100g']",2.9,£0.83/100g
2079,Tesco Chorizo Sausages For Cooking 200G,https://www.tesco.com/groceries/en-GB/products/308453188,1687614177.486498,"['£2.70', '£1.35/100g']",2.7,£1.35/100g
2080,Cathedral City Vintage Cheddar 350G,https://www.tesco.com/groceries/en-GB/products/306654086,1687614177.5717618,"['£3.25', '£9.29/kg']",3.25,£9.29/kg
2081,The Collective Raspberry Yogurt 450G,https://www.tesco.com/groceries/en-GB/products/291856861,1687614177.657402,"['£2.95', '£0.66/100g']",2.95,£0.66/100g
2082,Tesco Chicken & Chorizo Pasta 400G,https://www.tesco.com/groceries/en-GB/products/310091768,1687614177.772338,"['£3.00', '£7.50/kg']",3.0,£7.50/kg
2083,Vivera Veggie Mince 220G,https://www.tesco.com/groceries/en-GB/products/303543019,1687614177.8781,"['£2.60', '£11.82/kg']",2.6,£11.82/kg
2084,Costa Coffee Caramel Latte 250Ml,https://www.tesco.com/groceries/en-GB/products/304407792,1687614177.98912,"['£1.80', '£0.72/100ml']",1.8,£0.72/100ml
2085,Tesco Smoked Ham And Mature Cheddar Sub,https://www.tesco.com/groceries/en-GB/products/255420953,1687614178.097536,"['£2.85', '£2.85/each']",2.85,£2.85/each
2086,Quorn Sweet Chilli Bites 180G,https://www.tesco.com/groceries/en-GB/products/309454243,1687614178.18907,"['£2.50', '£1.39/100g']",2.5,£1.39/100g
2087,Yazoo Banana Milkshake 1 Litre Bottle,https://www.tesco.com/groceries/en-GB/products/251328672,1687614178.2648692,"['£2.00', '£0.20/100ml']",2.0,£0.20/100ml
2088,Tesco Prime Cuts Bbq Flavoured Chicken 125G,https://www.tesco.com/groceries/en-GB/products/312228749,1687614178.360595,"['£2.25', '£1.80/100g']",2.25,£1.80/100g
2089,Gu New York Cheesecakes 2 X 78G,https://www.tesco.com/groceries/en-GB/products/297297470,1687614178.457222,"['£2.30', '£1.47/100g']",2.3,£1.47/100g
2090,Tesco 20 Chicken Cocktail Sausages 170G,https://www.tesco.com/groceries/en-GB/products/308837512,1687614178.530737,"['£2.20', '£1.29/100g']",2.2,£1.29/100g
2091,Tesco Spicy Beef Chilli & Rice 400G,https://www.tesco.com/groceries/en-GB/products/310142732,1687614178.6564548,"['£3.00', '£7.50/kg']",3.0,£7.50/kg
2092,Tesco Calorie Controlled Spaghetti Bolognese 380G,https://www.tesco.com/groceries/en-GB/products/300496748,1687614178.751232,"['£3.00', '£7.90/kg']",3.0,£7.90/kg
2093,Oasis Citrus Punch 500Ml (N),https://www.tesco.com/groceries/en-GB/products/256942988,1687614178.924605,"['£1.70', '£0.34/100ml']",1.7,£0.34/100ml
2094,Ginsters Chicken Tikka Slice 170G,https://www.tesco.com/groceries/en-GB/products/282555050,1687614179.047918,"['£1.95', '£1.15/100g']",1.95,£1.15/100g
2095,Monster Energy 500 Ml Can,https://www.tesco.com/groceries/en-GB/products/264556669,1687614179.134381,"['£1.80', '£0.36/100ml']",1.8,£0.36/100ml
2096,Tesco White Stilton 180G,https://www.tesco.com/groceries/en-GB/products/302293229,1687614179.289552,"['£2.20', '£12.22/kg']",2.2,£12.22/kg
2097,Dairylea Dunkers Nacho Cheese Snack 4 Pack 172G,https://www.tesco.com/groceries/en-GB/products/308833879,1687614179.3833349,"['£2.25', '£13.08/kg']",2.25,£13.08/kg
2098,Tesco Soft Raisins 5 Bags 100G,https://www.tesco.com/groceries/en-GB/products/311424461,1687614179.485096,"['£1.00', '£10.00/kg']",1.0,£10.00/kg
2100,Red Bull Energy Drink 473Ml,https://www.tesco.com/groceries/en-GB/products/264556446,1687614179.647784,"['£2.40', '£0.51/100ml']",2.4,£0.51/100ml
2101,Tesco Steak & Onion Lattice Bar 500G,https://www.tesco.com/groceries/en-GB/products/285363404,1687614179.767791,"['£3.65', '£0.73/100g']",3.65,£0.73/100g
2102,Tesco Plant Chef 4 Indian Style No-Chicken Escalopes 340G,https://www.tesco.com/groceries/en-GB/products/313184579,1687614179.840937,"['£2.50', '£7.35/kg']",2.5,£7.35/kg
2103,Tesco Lamb Hearts,https://www.tesco.com/groceries/en-GB/products/254261635,1687614179.9097888,"['£2.35', '£7.00/kg']",2.35,£7.00/kg
2104,Tesco Finest Smoked Wiltshire Gammon Small,https://www.tesco.com/groceries/en-GB/products/294214476,1687614179.9851892,"['£12.25', '£12.25/kg']",12.25,£12.25/kg
2105,Tesco Finest Coffee & Amaretto Tiramisu 400G,https://www.tesco.com/groceries/en-GB/products/311432301,1687614180.070941,"['£4.50', '£1.12/100g']",4.5,£1.12/100g
2106,Tesco Pecorino Italian Cheese 170G,https://www.tesco.com/groceries/en-GB/products/294136643,1687614180.14341,"['£3.80', '£22.35/kg']",3.8,£22.35/kg
2107,Heck Simply Chicken Chipolatas 340G,https://www.tesco.com/groceries/en-GB/products/300876351,1687614180.215043,"['£3.20', '£9.41/kg']",3.2,£9.41/kg
2108,Yeo Valley Organic Salted Spreadable 500G,https://www.tesco.com/groceries/en-GB/products/261603066,1687614180.3124712,"['£4.50', '£9.00/kg']",4.5,£9.00/kg
2109,Tesco Fajita Cooked Chicken Breast Mini Fillets 170G,https://www.tesco.com/groceries/en-GB/products/303694434,1687614180.385757,"['£3.00', '£1.76/100g']",3.0,£1.76/100g
2110,Tesco 2 Southern Fried Breaded Chicken Fillets 300G,https://www.tesco.com/groceries/en-GB/products/281260768,1687614180.461607,"['£3.60', '£12.00/kg']",3.6,£12.00/kg
2111,Hellmann's Vegan Mayonnaise 430Ml,https://www.tesco.com/groceries/en-GB/products/305944637,1687614180.535413,"['£3.40', '£0.79/100ml']",3.4,£0.79/100ml
2112,Yarden Houmous Extra 250G,https://www.tesco.com/groceries/en-GB/products/251117841,1687614186.5537112,"['£2.65', '£1.06/100g']",2.65,£1.06/100g
2113,Yeo Valley Rhubarb Yogurt 450G,https://www.tesco.com/groceries/en-GB/products/267313123,1687614186.658325,"['£2.25', '£0.50/100g']",2.25,£0.50/100g
2114,Quorn Vegan Pepperoni Slices 100G,https://www.tesco.com/groceries/en-GB/products/308850419,1687614186.760016,"['£2.60', '£26.00/kg']",2.6,£26.00/kg
2115,Alpro Coconut No Sugars Long Life Drink 1 Litre,https://www.tesco.com/groceries/en-GB/products/303917339,1687614186.856548,"['£2.10', '£2.10/litre']",2.1,£2.10/litre
2116,The Collective Mighty Mango Yogurt 450G,https://www.tesco.com/groceries/en-GB/products/291856763,1687614186.96122,"['£2.95', '£0.66/100g']",2.95,£0.66/100g
2117,Yeo Valley Organic 0% Fat Natural Yogurt 450G,https://www.tesco.com/groceries/en-GB/products/312356136,1687614187.0925179,"['£2.00', '£0.44/100g']",2.0,£0.44/100g
2118,Tesco Prawn Layered Salad 300G,https://www.tesco.com/groceries/en-GB/products/303673199,1687614187.193595,"['£2.75', '£0.92/100g']",2.75,£0.92/100g
2119,Tesco Finest 4 Breakfast Pork Patties 320G,https://www.tesco.com/groceries/en-GB/products/309188788,1687614187.32528,"['£3.25', '£10.16/kg']",3.25,£10.16/kg
2120,Mash Direct Beer Battered Chips 400G,https://www.tesco.com/groceries/en-GB/products/300708626,1687614187.456264,"['£2.15', '£5.38/kg']",2.15,£5.38/kg
2121,7 Up Free 500Ml,https://www.tesco.com/groceries/en-GB/products/251516616,1687614187.611928,"['£1.45', '£0.29/100ml']",1.45,£0.29/100ml
2122,Tesco 10 Beechwood Smoked Cheese Slices 250G,https://www.tesco.com/groceries/en-GB/products/294302010,1687614187.816152,"['£3.15', '£12.60/kg']",3.15,£12.60/kg
2123,Tesco Salmon & Tuna Sushi 136G,https://www.tesco.com/groceries/en-GB/products/303730496,1687614187.92294,"['£2.85', '£2.10/100g']",2.85,£2.10/100g
2124,Tesco Chicken & Mushroom Puff Pastry Pie 200G,https://www.tesco.com/groceries/en-GB/products/285334261,1687614188.0647192,"['£1.75', '£0.88/100g']",1.75,£0.88/100g
2125,Dairylea Lunchables Mini Pizza Snacks 65G,https://www.tesco.com/groceries/en-GB/products/302312682,1687614188.1735082,"['£1.60', '£2.46/kg']",1.6,£2.46/kg
2126,Tesco The Chicken Club Sandwich,https://www.tesco.com/groceries/en-GB/products/296703038,1687614188.3162959,"['£2.85', '£2.85/each']",2.85,£2.85/each
2127,Eastmans Chicken & Bacon Pasta 400G,https://www.tesco.com/groceries/en-GB/products/299911242,1687614188.45942,"['£1.75', '£0.44/100g']",1.75,£0.44/100g
2128,Tesco Organic Pink Lady Apples 440G,https://www.tesco.com/groceries/en-GB/products/293171580,1687614188.568017,"['£2.50', '£5.68/kg']",2.5,£5.68/kg
2129,Sunny Delight Florida Style Orange Juice Drink 1 L,https://www.tesco.com/groceries/en-GB/products/264468556,1687614188.7146618,"['£1.10', '£0.11/100ml']",1.1,£0.11/100ml
2130,Tesco Finest 6 Aberdeen Angus Beef Sausages 340G,https://www.tesco.com/groceries/en-GB/products/311949502,1687614188.8282702,"['£3.25', '£9.56/kg']",3.25,£9.56/kg
2131,Maltesers Kingsize 58.5G,https://www.tesco.com/groceries/en-GB/products/252944332,1687614188.984191,"['£0.90', '£1.54/100g']",0.9,£1.54/100g
2132,Tesco Snack Pack Mango 35G,https://www.tesco.com/groceries/en-GB/products/302685683,1687614189.159752,"['£1.00', '£28.57/kg']",1.0,£28.57/kg
2133,Tesco Boneless Beef Ribs In A Bbq Sauce 370G,https://www.tesco.com/groceries/en-GB/products/305525863,1687614189.311191,"['£4.00', '£10.81/kg']",4.0,£10.81/kg
2134,Tesco Finest Mature English Cheddar 350G,https://www.tesco.com/groceries/en-GB/products/294173961,1687614189.4430778,"['£3.80', '£10.86/kg']",3.8,£10.86/kg
2135,Tesco Chicken Tikka Masala Meal For 1 500G,https://www.tesco.com/groceries/en-GB/products/312088891,1687614189.541087,"['£3.75', '£7.50/kg']",3.75,£7.50/kg
2136,Tesco Pork Loin Medallions 500G,https://www.tesco.com/groceries/en-GB/products/291066661,1687614189.66771,"['£5.15', '£10.30/kg']",5.15,£10.30/kg
2137,Tesco Chicken Tikka Masala 400G,https://www.tesco.com/groceries/en-GB/products/310652451,1687614189.763859,"['£4.00', '£10.00/kg']",4.0,£10.00/kg
2138,Capricorn Somerset Goat Cheese 85G,https://www.tesco.com/groceries/en-GB/products/278191773,1687614189.8611991,"['£2.50', '£29.41/kg']",2.5,£29.41/kg
2139,Tesco Indian Bombay Potato 300G,https://www.tesco.com/groceries/en-GB/products/262801515,1687614189.976786,"['£2.15', '£7.17/kg']",2.15,£7.17/kg
2140,Emmi Caffe Latte Cappuccino 230Ml,https://www.tesco.com/groceries/en-GB/products/253978518,1687614190.0800672,"['£1.85', '£0.80/100ml']",1.85,£0.80/100ml
2141,Squeaky Bean Cooking Chorizo Style Sausage 100G,https://www.tesco.com/groceries/en-GB/products/313962874,1687614190.249656,"['£3.00', '£3.00/100g']",3.0,£3.00/100g
2142,Tesco Finest Halloumi 225G,https://www.tesco.com/groceries/en-GB/products/268228401,1687614190.3480818,"['£3.15', '£14.00/kg']",3.15,£14.00/kg
2143,Tesco Garlic Scottish Mussels 500G,https://www.tesco.com/groceries/en-GB/products/306820949,1687614190.444022,"['£3.00', '£6.00/kg']",3.0,£6.00/kg
2144,Yeo Valley Organic Kefir Passion Fruit & Mango 4X100g,https://www.tesco.com/groceries/en-GB/products/308478078,1687614190.6687858,"['£2.50', '£0.62/100g']",2.5,£0.62/100g
2145,Cathedral City Plant-Based Spring Onion & Black Pepper 170G,https://www.tesco.com/groceries/en-GB/products/314837250,1687614190.7622132,"['£2.50', '£14.71/kg']",2.5,£14.71/kg
2146,Tesco Tuna & Cucumber Sandwich,https://www.tesco.com/groceries/en-GB/products/264265944,1687614190.856111,"['£2.10', '£2.10/each']",2.1,£2.10/each
2147,Hearty Food Co. 4 Breaded Fish Fillets 600G,https://www.tesco.com/groceries/en-GB/products/305827828,1687614191.0095081,"['£3.59', '£5.98/kg']",3.59,£5.98/kg
2148,Alpro This Is Not M*Lk Semi Oat Drink 1 Litre,https://www.tesco.com/groceries/en-GB/products/310150238,1687614191.122813,"['£2.00', '£2.00/litre']",2.0,£2.00/litre
2149,Tesco Deli Ox Tongue 100G,https://www.tesco.com/groceries/en-GB/products/312208094,1687614191.230953,"['£3.50', '£3.50/100g']",3.5,£3.50/100g
2150,Innocent Kids Pineapple Apple & Carrot 4X150ml,https://www.tesco.com/groceries/en-GB/products/305524599,1687614191.334028,"['£3.60', '£0.60/100ml']",3.6,£0.60/100ml
2151,Tesco Caesar Dressing 175Ml,https://www.tesco.com/groceries/en-GB/products/292613675,1687614191.4651892,"['£1.40', '£0.80/100ml']",1.4,£0.80/100ml
2152,Tesco Just Ham Sandwich,https://www.tesco.com/groceries/en-GB/products/260255657,1687614191.5607271,"['£1.50', '£1.50/each']",1.5,£1.50/each
2153,Alpro Coconut Chilled Drink 1 Litre,https://www.tesco.com/groceries/en-GB/products/282925010,1687614191.697761,"['£2.10', '£2.10/litre']",2.1,£2.10/litre
2154,Yop Drinking Yogurt Raspberry 500G,https://www.tesco.com/groceries/en-GB/products/266000126,1687614191.8301718,"['£1.40', '£0.28/100g']",1.4,£0.28/100g
2155,Caprice Des Dieux French Cheese 200G,https://www.tesco.com/groceries/en-GB/products/309487336,1687614191.9339678,"['£2.50', '£12.50/kg']",2.5,£12.50/kg
2156,The Artisan Bread Company Sesame Breadsticks 150G,https://www.tesco.com/groceries/en-GB/products/302744032,1687614192.06753,"['£1.80', '£1.20/100g']",1.8,£1.20/100g
2157,Tesco Sausage Bacon & & Egg Triple,https://www.tesco.com/groceries/en-GB/products/260422235,1687614192.200345,"['£2.85', '£2.85/each']",2.85,£2.85/each
2158,Pepsi Max Cherry 500Ml,https://www.tesco.com/groceries/en-GB/products/297132838,1687614192.3325171,"['£1.45', '£0.29/100ml']",1.45,£0.29/100ml
2159,Tesco Cottage Pie 750G,https://www.tesco.com/groceries/en-GB/products/310693617,1687614192.501257,"['£4.00', '£5.33/kg']",4.0,£5.33/kg
2160,Tesco Finest Rosemary Roasted Parmentier Potatoes 380G,https://www.tesco.com/groceries/en-GB/products/302309675,1687614199.355243,"['£2.75', '£0.72/100g']",2.75,£0.72/100g
2161,Tesco Calorie Controlled Sweet & Sour Chicken 380G,https://www.tesco.com/groceries/en-GB/products/299651543,1687614199.4761112,"['£3.00', '£7.90/kg']",3.0,£7.90/kg
2162,Oatly The Original Barista Edition Oat Drink 500Ml,https://www.tesco.com/groceries/en-GB/products/311961521,1687614199.578948,"['£1.30', '£2.60/litre']",1.3,£2.60/litre
2163,Haute Fromagerie French Ripened Brie 190G,https://www.tesco.com/groceries/en-GB/products/313169644,1687614199.659882,"['£2.20', '£11.58/kg']",2.2,£11.58/kg
2164,Richmond 2 Meat Free Quarter Pounder Burgers 227G,https://www.tesco.com/groceries/en-GB/products/314415536,1687614199.7325912,"['£2.00', '£8.81/kg']",2.0,£8.81/kg
2165,Tesco 2 Mini Melton Mowbray Pork Pies 100G,https://www.tesco.com/groceries/en-GB/products/299971694,1687614199.8099442,"['£1.25', '£1.25/100g']",1.25,£1.25/100g
2166,Tesco Plant Chef 4 Minted No-Lamb Koftas 264G,https://www.tesco.com/groceries/en-GB/products/313622577,1687614199.931137,"['£2.50', '£9.47/kg']",2.5,£9.47/kg
2167,TESCO PLANT CHEF 2 NO-CHICKEN GARLIC KIEVS 270G,https://www.tesco.com/groceries/en-GB/products/313840794,1687614200.004093,"['£2.50', '£9.26/kg']",2.5,£9.26/kg
2168,Tesco Kiwi Strawberry & Melon 125G,https://www.tesco.com/groceries/en-GB/products/311447192,1687614200.085887,"['£1.25', '£10.00/kg']",1.25,£10.00/kg
2169,The City Kitchen Vietnamese Sauce 150G,https://www.tesco.com/groceries/en-GB/products/311260671,1687614200.159007,"['£1.15', '£7.67/kg']",1.15,£7.67/kg
2170,Tesco Plant Chef 4 Meat Free Turkish Style Koftas 264G,https://www.tesco.com/groceries/en-GB/products/313507717,1687614200.260791,"['£2.50', '£9.47/kg']",2.5,£9.47/kg
2171,Tesco Plant Chef 2 Edamame & Miso Bean Burgers 226G,https://www.tesco.com/groceries/en-GB/products/314109369,1687614200.3347352,"['£1.95', '£8.63/kg']",1.95,£8.63/kg
2172,Tesco Plant Chef 2 Masala Cauliflower Burgers 226G,https://www.tesco.com/groceries/en-GB/products/314301072,1687614200.408117,"['£1.95', '£8.63/kg']",1.95,£8.63/kg
2173,Tesco Plant Chef 4 Asian Style No-Beef Koftas 280G,https://www.tesco.com/groceries/en-GB/products/313754078,1687614200.479147,"['£2.50', '£8.93/kg']",2.5,£8.93/kg
2174,Tesco Roasted Nut Mix Snack Pack 55G,https://www.tesco.com/groceries/en-GB/products/285711120,1687614200.573384,"['£1.00', '£18.18/kg']",1.0,£18.18/kg
2175,Tesco Plant Chef 4 Thai Style Fish-Free Koftas 280G,https://www.tesco.com/groceries/en-GB/products/313758080,1687614200.681515,"['£2.50', '£9.26/kg']",2.5,£9.26/kg
2176,Tesco Plant Chef Caramelised Onion Meat Free Bangers 350G,https://www.tesco.com/groceries/en-GB/products/306807125,1687614200.7782872,"['£1.95', '£5.57/kg']",1.95,£5.57/kg
2177,Tesco Plant Chef 2 Spicy No-Beef & Bean Pties 226G,https://www.tesco.com/groceries/en-GB/products/313729846,1687614200.850212,"['£1.95', '£8.63/kg']",1.95,£8.63/kg
2178,Tesco Finest Madeira & Creamy Mushroom Chicken Kiev 385G,https://www.tesco.com/groceries/en-GB/products/309489599,1687614200.922872,"['£4.80', '£12.47/kg']",4.8,£12.47/kg
2179,Tesco Finest Spinach Ricotta Girasoli 250G,https://www.tesco.com/groceries/en-GB/products/303615512,1687614200.9951339,"['£3.25', '£13.00/kg']",3.25,£13.00/kg
2180,St Helen's Fresh Skimmed Goats Milk 1L,https://www.tesco.com/groceries/en-GB/products/264016416,1687614201.0684748,"['£2.15', '£2.15/litre']",2.15,£2.15/litre
2181,Actimel Strawberry 00% 12X100g,https://www.tesco.com/groceries/en-GB/products/303917633,1687614201.14237,"['£4.50', '£0.38/100ml']",4.5,£0.38/100ml
2182,Finne Brogue Naked 6 Smoked Back Bacon 200G,https://www.tesco.com/groceries/en-GB/products/301511851,1687614201.2193642,"['£3.60', '£18.00/kg']",3.6,£18.00/kg
2183,Tesco Finest Mushroom Pappardelle 400G,https://www.tesco.com/groceries/en-GB/products/312087310,1687614201.2929122,"['£4.25', '£10.62/kg']",4.25,£10.62/kg
2184,Wicked Kitchen 2 No-Pork & Choriz-No Patties 226G,https://www.tesco.com/groceries/en-GB/products/313624601,1687614201.3908029,"['£3.00', '£13.27/kg']",3.0,£13.27/kg
2185,Hearty Food Company Mac 'N' Cheese 400G,https://www.tesco.com/groceries/en-GB/products/298231627,1687614201.4713678,"['£2.49', '£6.22/kg']",2.49,£6.22/kg
2186,Tesco Finest Chicken Ham Hock & Leek Pie 500G,https://www.tesco.com/groceries/en-GB/products/309769838,1687614201.547059,"['£6.50', '£13.00/kg']",6.5,£13.00/kg
2187,This Isn't Chicken Plant Based Pieces 170G,https://www.tesco.com/groceries/en-GB/products/311951737,1687614201.6482508,"['£3.30', '£19.41/kg']",3.3,£19.41/kg
2188,Jolly Hog 6 British Pork Sausages Gluten Free 400G,https://www.tesco.com/groceries/en-GB/products/305834520,1687614201.725045,"['£3.75', '£9.38/kg']",3.75,£9.38/kg
2189,Arctic Coffee Intenso 330Ml,https://www.tesco.com/groceries/en-GB/products/309461999,1687614201.800799,"['£1.10', '£0.33/100ml']",1.1,£0.33/100ml
2190,Yeo Valley Organic Kefir Raspberry 4X100g,https://www.tesco.com/groceries/en-GB/products/308492059,1687614201.874187,"['£2.50', '£0.62/100g']",2.5,£0.62/100g
2191,Pizza Express Pizza Dough 400G,https://www.tesco.com/groceries/en-GB/products/309193983,1687614201.945591,"['£2.40', '£0.60/100g']",2.4,£0.60/100g
2192,Alpro Strawberry Strawberry Shake 3X250ml,https://www.tesco.com/groceries/en-GB/products/256334414,1687614202.015669,"['£2.10', '£2.80/litre']",2.1,£2.80/litre
2193,Tesco Stuffed Vine Leaves 150G,https://www.tesco.com/groceries/en-GB/products/311279373,1687614202.088514,"['£2.65', '£1.77/100g']",2.65,£1.77/100g
2194,Tesco Pilau Rice 250G,https://www.tesco.com/groceries/en-GB/products/305829498,1687614202.1850219,"['£1.65', '£6.60/kg']",1.65,£6.60/kg
2195,Cadbury Heroes Wispa & Dairy Milk Chocolate Desserts 4X75g,https://www.tesco.com/groceries/en-GB/products/311957360,1687614202.25607,"['£3.50', '£1.17/100g']",3.5,£1.17/100g
2196,Alpro Caramel Soya Dessert 4 X 125G,https://www.tesco.com/groceries/en-GB/products/254017373,1687614202.358903,"['£1.85', '£0.37/100g']",1.85,£0.37/100g
2197,Tesco Finest Isabella Basil Medium Pot,https://www.tesco.com/groceries/en-GB/products/283668681,1687614202.431464,"['£1.80', '£1.80/each']",1.8,£1.80/each
2198,Tesco Lemon & Parsley Smoked Mackerel Strips 200G,https://www.tesco.com/groceries/en-GB/products/306944250,1687614202.512179,"['£3.60', '£1.80/100g']",3.6,£1.80/100g
2199,Tesco Plant Chef Margherita Pizza 269G,https://www.tesco.com/groceries/en-GB/products/304411475,1687614202.5955122,"['£3.15', '£1.17/100g']",3.15,£1.17/100g
2200,The Artisan Bread Company Caramelised Onion Bruschetta 70G,https://www.tesco.com/groceries/en-GB/products/294203005,1687614202.668187,"['£1.80', '£2.57/100g']",1.8,£2.57/100g
2201,Tesco 12 British Turkey Meatballs 336G,https://www.tesco.com/groceries/en-GB/products/312088597,1687614202.765383,"['£3.15', '£9.38/kg']",3.15,£9.38/kg
2202,Tesco Steak Shortcrust Pie 500G,https://www.tesco.com/groceries/en-GB/products/285694219,1687614202.844954,"['£3.65', '£0.73/100g']",3.65,£0.73/100g
2203,Mcgerty Caramelised Onion Relish 110G,https://www.tesco.com/groceries/en-GB/products/303106209,1687614202.926692,"['£1.80', '£1.64/100g']",1.8,£1.64/100g
2204,Yeo Valley 0% Creme Fraiche 200G,https://www.tesco.com/groceries/en-GB/products/285421181,1687614203.019968,"['£1.40', '£0.70/100g']",1.4,£0.70/100g
2205,Pizza Express Garlic & Mozzarella Flatbread 185G,https://www.tesco.com/groceries/en-GB/products/308853072,1687614203.093077,"['£2.15', '£1.16/100g']",2.15,£1.16/100g
2206,Fanta Orange Zero 500Ml,https://www.tesco.com/groceries/en-GB/products/255339785,1687614203.1923509,"['£1.70', '£0.34/100ml']",1.7,£0.34/100ml
2207,Tyrrells Mixed Root Vegetable Crisps 40G,https://www.tesco.com/groceries/en-GB/products/274215027,1687614203.374207,"['£1.00', '£2.50/100g']",1.0,£2.50/100g
2208,Proper Goats Cheese 110G,https://www.tesco.com/groceries/en-GB/products/308471206,1687614209.2242439,"['£2.50', '£22.73/kg']",2.5,£22.73/kg
2209,Tesco Shortcrust Pastry Mix 450G,https://www.tesco.com/groceries/en-GB/products/254916553,1687614209.328116,"['£0.95', '£2.11/kg']",0.95,£2.11/kg
2210,Tesco Finest Potato Dauphinoise 400G,https://www.tesco.com/groceries/en-GB/products/313012104,1687614209.409033,"['£2.75', '£6.88/kg']",2.75,£6.88/kg
2211,Tesco Almonds 25G,https://www.tesco.com/groceries/en-GB/products/299497656,1687614209.489658,"['£0.50', '£2.00/100g']",0.5,£2.00/100g
2212,Heck Chicken Italia Burgers 228G,https://www.tesco.com/groceries/en-GB/products/285865536,1687614209.586873,"['£2.75', '£12.06/kg']",2.75,£12.06/kg
2213,Innocent Kids Super Smoothie Blueberry 4X150ml,https://www.tesco.com/groceries/en-GB/products/312578757,1687614209.658876,"['£4.10', '£0.68/100ml']",4.1,£0.68/100ml
2214,Rude Health Oat Drink Organic 1 Litre,https://www.tesco.com/groceries/en-GB/products/285490967,1687614209.735738,"['£2.20', '£2.20/litre']",2.2,£2.20/litre
2215,Ginsters Cornish Pasties 4 Pack,https://www.tesco.com/groceries/en-GB/products/252194769,1687614209.831452,"['£3.50', '£0.88/each']",3.5,£0.88/each
2216,Tofoo Co Tempeh 200G,https://www.tesco.com/groceries/en-GB/products/303969755,1687614209.906247,"['£2.75', '£13.75/kg']",2.75,£13.75/kg
2217,Delamere Skimmed Sterilised Milk 1L,https://www.tesco.com/groceries/en-GB/products/256659600,1687614209.988256,"['£1.20', '£1.20/litre']",1.2,£1.20/litre
2218,Tesco Chicken & Black Bean With Egg Fried Rice 400G,https://www.tesco.com/groceries/en-GB/products/310681796,1687614210.0665421,"['£3.00', '£7.50/kg']",3.0,£7.50/kg
2219,Tesco Bread & Butter Pudding 500G,https://www.tesco.com/groceries/en-GB/products/254482788,1687614210.167231,"['£3.70', '£0.74/100g']",3.7,£0.74/100g
2220,Collective Dairy Kefir Coconut & Honey 500Ml,https://www.tesco.com/groceries/en-GB/products/303695449,1687614210.243406,"['£2.35', '£0.47/100ml']",2.35,£0.47/100ml
2221,Collective Kefir Mango Cultured Milk Drink 500Ml,https://www.tesco.com/groceries/en-GB/products/305964757,1687614210.3402398,"['£2.35', '£0.47/100ml']",2.35,£0.47/100ml
2222,Blooms Salami Chub 227G,https://www.tesco.com/groceries/en-GB/products/268312318,1687614210.44061,"['£3.05', '£1.34/100g']",3.05,£1.34/100g
2223,Light & Free Greek Style Yogurt White Chocolate 4X115g,https://www.tesco.com/groceries/en-GB/products/309486896,1687614210.511134,"['£2.50', '£0.54/100g']",2.5,£0.54/100g
2224,Tesco German Sausage Selection 115G,https://www.tesco.com/groceries/en-GB/products/273429640,1687614210.588268,"['£2.00', '£1.74/100g']",2.0,£1.74/100g
2225,Tesco Spinach & Red Pepper Pie 200G,https://www.tesco.com/groceries/en-GB/products/307160490,1687614210.660031,"['£1.85', '£0.92/100g']",1.85,£0.92/100g
2226,Monster Energy Ultra 500Ml,https://www.tesco.com/groceries/en-GB/products/290328463,1687614210.731081,"['£1.70', '£0.34/100ml']",1.7,£0.34/100ml
2227,Bonne Maman Salted Caramel Creme 2X90g,https://www.tesco.com/groceries/en-GB/products/296161511,1687614210.848476,"['£2.20', '£1.22/100g']",2.2,£1.22/100g
2228,Miekovita Gouda Cheese Slices 500G,https://www.tesco.com/groceries/en-GB/products/309764348,1687614210.943234,"['£3.75', '£7.50/kg']",3.75,£7.50/kg
2229,Koko Dairy Free Original Plus Calcium 1 Litre,https://www.tesco.com/groceries/en-GB/products/276993737,1687614211.0125,"['£1.80', '£1.80/litre']",1.8,£1.80/litre
2230,"Tesco Chicken, Bacon & Stuffing Sandwich",https://www.tesco.com/groceries/en-GB/products/266385276,1687614211.086669,"['£2.60', '£2.60/each']",2.6,£2.60/each
2231,"Tesco Bacon, Lettuce & Tomato Sandwich",https://www.tesco.com/groceries/en-GB/products/253525487,1687614211.189517,"['£2.60', '£2.60/each']",2.6,£2.60/each
2232,Shaken Udder Chocolush Milk Shake 750Ml,https://www.tesco.com/groceries/en-GB/products/302300689,1687614211.2958999,"['£2.45', '£0.00/litre']",2.45,£0.00/litre
2233,Tesco Finest Deli Black Treacle Wiltshire Cured Ham 100G,https://www.tesco.com/groceries/en-GB/products/312355391,1687614211.3947,"['£3.25', '£3.25/100g']",3.25,£3.25/100g
2234,The Collective Dairy Free Banana Suckies 85G,https://www.tesco.com/groceries/en-GB/products/312566982,1687614211.4903731,"['£1.00', '£1.18/100g']",1.0,£1.18/100g
2235,Gatorade Cool Blue 500Ml,https://www.tesco.com/groceries/en-GB/products/287043106,1687614211.586955,"['£1.45', '£0.29/100ml']",1.45,£0.29/100ml
2236,Mountain Dew Energy 500Ml,https://www.tesco.com/groceries/en-GB/products/267482964,1687614211.71283,"['£1.40', '£0.28/100ml']",1.4,£0.28/100ml
2237,Tesco Finest Rainbow Chard. 200G,https://www.tesco.com/groceries/en-GB/products/307337472,1687614211.834306,"['£1.60', '£8.00/kg']",1.6,£8.00/kg
2238,Evian Water 75Cl,https://www.tesco.com/groceries/en-GB/products/257741719,1687614211.907852,"['£1.20', '£0.16/100ml']",1.2,£0.16/100ml
2239,Volvic Sports Cap Water 1Ltr,https://www.tesco.com/groceries/en-GB/products/250267952,1687614212.0294132,"['£1.00', '£0.10/100ml']",1.0,£0.10/100ml
2241,Fridge Raiders Meat Free Slow Roasted Tasty Bites 60G,https://www.tesco.com/groceries/en-GB/products/314093921,1687614212.2205088,"['£1.25', '£2.08/100g']",1.25,£2.08/100g
2242,Don Simon Lemon & Strawberry Juice Drink 1.5 Litres,https://www.tesco.com/groceries/en-GB/products/306657434,1687614212.30333,"['£1.25', '£0.08/100ml']",1.25,£0.08/100ml
2244,Crouton Company Pepper & Salt Croutons 40G,https://www.tesco.com/groceries/en-GB/products/303881777,1687614212.457539,"['£0.50', '£1.25/100g']",0.5,£1.25/100g
2245,Tesco Chocolate Fruit & Nut Mix Snack Pack 60G,https://www.tesco.com/groceries/en-GB/products/283112187,1687614212.536321,"['£1.00', '£16.67/kg']",1.0,£16.67/kg
2246,Vadasz Raw Kimchi 400G,https://www.tesco.com/groceries/en-GB/products/310844967,1687614212.63628,"['£4.50', '£1.12/100g']",4.5,£1.12/100g
2247,Gu Inspirations Chocolate & Honeycomb Desserts 2X86.5G,https://www.tesco.com/groceries/en-GB/products/308845456,1687614212.708632,"['£3.75', '£2.17/100g']",3.75,£2.17/100g
2248,Bastides Saucisson Sec 200G,https://www.tesco.com/groceries/en-GB/products/272797642,1687614212.7814689,"['£3.50', '£1.75/100g']",3.5,£1.75/100g
2249,Jamie Oliver Aubergine Parmigiana Tortelloni 250G,https://www.tesco.com/groceries/en-GB/products/305971996,1687614212.851263,"['£2.60', '£10.40/kg']",2.6,£10.40/kg
2250,Tesco Chicken & Bacon Pasta 300G,https://www.tesco.com/groceries/en-GB/products/301429579,1687614212.92834,"['£2.75', '£0.92/100g']",2.75,£0.92/100g
2251,Applewood Smoky Vegan Cheese Alternative Grated 200G,https://www.tesco.com/groceries/en-GB/products/308089256,1687614213.0261152,"['£2.75', '£13.75/kg']",2.75,£13.75/kg
2252,This Isn't Bacon Plant Based Lardons 120G,https://www.tesco.com/groceries/en-GB/products/308462603,1687614213.1002848,"['£3.30', '£27.50/kg']",3.3,£27.50/kg
2254,Emmi Caffe Latte Mr Big Skinny 370Ml,https://www.tesco.com/groceries/en-GB/products/296457330,1687614213.318203,"['£2.65', '£0.72/100ml']",2.65,£0.72/100ml
2255,Peperami Firestick 5X22.5G,https://www.tesco.com/groceries/en-GB/products/311447407,1687614213.449217,"['£2.75', '£2.44/100g']",2.75,£2.44/100g
2256,Tesco Mushroom Stroganoff & Rice 400G,https://www.tesco.com/groceries/en-GB/products/309778073,1687614219.6716769,"['£3.00', '£7.50/kg']",3.0,£7.50/kg
2257,Beet It Juice 1L,https://www.tesco.com/groceries/en-GB/products/275216744,1687614219.869471,"['£3.10', '£0.31/100ml']",3.1,£0.31/100ml
2258,Simon Howie Premium Pork Sausages 300G,https://www.tesco.com/groceries/en-GB/products/274833833,1687614219.953998,"['£2.30', '£7.67/kg']",2.3,£7.67/kg
2259,Wicked Kitchen Organic Firm Tofu 399G,https://www.tesco.com/groceries/en-GB/products/312706126,1687614220.029589,"['£1.85', '£6.17/kg DR.WT']",1.85,£6.17/kg DR.WT
2260,Monster Juiced Mango Loco 500Ml,https://www.tesco.com/groceries/en-GB/products/303068069,1687614220.103628,"['£1.80', '£0.36/100ml']",1.8,£0.36/100ml
2261,Tesco Marinated Anchovies 140G,https://www.tesco.com/groceries/en-GB/products/303580465,1687614220.223006,"['£2.65', '£1.89/100g']",2.65,£1.89/100g
2262,Tesco Chicken Bacon & Lettuce Sandwich,https://www.tesco.com/groceries/en-GB/products/258814454,1687614220.319267,"['£2.60', '£2.60/each']",2.6,£2.60/each
2263,Glaceau Smartwater 600Ml,https://www.tesco.com/groceries/en-GB/products/285132649,1687614220.416057,"['£0.90', '£0.15/100ml']",0.9,£0.15/100ml
2264,Tesco Sweetened Coconut Milk Alternative 1L,https://www.tesco.com/groceries/en-GB/products/300118119,1687614220.538472,"['£1.25', '£1.25/litre']",1.25,£1.25/litre
2265,Tesco Finest Welsh Rarebit Mature Cheddar Slices 150G,https://www.tesco.com/groceries/en-GB/products/311693469,1687614220.611169,"['£2.75', '£18.33/kg']",2.75,£18.33/kg
2266,Tesco Rhubarb 400G Pack Class 1,https://www.tesco.com/groceries/en-GB/products/252946036,1687614220.708589,"['£1.30', '£3.25/kg']",1.3,£3.25/kg
2267,Tesco Lamb & Chicken Koftas 152G,https://www.tesco.com/groceries/en-GB/products/296233801,1687614220.7821991,"['£2.65', '£1.74/100g']",2.65,£1.74/100g
2268,Krakus Zywiecka Podsuszana 80G,https://www.tesco.com/groceries/en-GB/products/309455196,1687614220.889379,"['£1.15', '£1.44/100g']",1.15,£1.44/100g
2269,Tesco Linguine Spinach 300G,https://www.tesco.com/groceries/en-GB/products/299829052,1687614220.9641972,"['£1.25', '£4.17/kg']",1.25,£4.17/kg
2270,Walkers Baked Cheese & Onion 37.5G,https://www.tesco.com/groceries/en-GB/products/259154000,1687614221.038948,"['£0.95', '£2.53/100g']",0.95,£2.53/100g
2271,Tesco Perfectly Ripe Nectarines Minimum 3,https://www.tesco.com/groceries/en-GB/products/311433899,1687614221.158296,"['£2.00', '£0.67/each']",2.0,£0.67/each
2272,Tesco Fresh Cream Horns 2 Pack 110G,https://www.tesco.com/groceries/en-GB/products/258263068,1687614221.233021,"['£1.60', '£1.46/100g']",1.6,£1.46/100g
2273,Tesco Chicken Drumsticks 2Kg,https://www.tesco.com/groceries/en-GB/products/306820961,1687614221.30417,"['£4.55', '£2.28/kg']",4.55,£2.28/kg
2274,Tesco Finest Rump Joint Cornish Sea Salt & Pepper 500G,https://www.tesco.com/groceries/en-GB/products/284539591,1687614221.410604,"['£8.30', '£16.60/kg']",8.3,£16.60/kg
2275,Biotiful Gut Health Strawberry Kefir Drink 1L,https://www.tesco.com/groceries/en-GB/products/312705867,1687614221.4804428,"['£3.50', '£0.35/100ml']",3.5,£0.35/100ml
2276,Tesco Finest Goat Cheese & Caramelised Red Onion Ravioli 250G,https://www.tesco.com/groceries/en-GB/products/309477285,1687614221.553453,"['£3.25', '£13.00/kg']",3.25,£13.00/kg
2277,Tesco 2 Buttermilk Chicken Thigh Fillet Burgers 350G,https://www.tesco.com/groceries/en-GB/products/309460961,1687614221.625139,"['£3.60', '£10.29/kg']",3.6,£10.29/kg
2278,Ocean Spray Cranberry Classic Light Juice Drink 4 X 1 Litre,https://www.tesco.com/groceries/en-GB/products/253983583,1687614221.699402,"['£5.90', '£0.15/100ml']",5.9,£0.15/100ml
2279,Biotiful Kefir Morello Cherry 500Ml,https://www.tesco.com/groceries/en-GB/products/305988798,1687614221.7714,"['£2.60', '£0.52/100ml']",2.6,£0.52/100ml
2280,Vivera Plant Chicken Breast 180G,https://www.tesco.com/groceries/en-GB/products/309763159,1687614221.8484092,"['£3.10', '£17.22/kg']",3.1,£17.22/kg
2281,Tesco Finest Chicken In Cabernet Sauvignon 400G,https://www.tesco.com/groceries/en-GB/products/274843032,1687614221.9240372,"['£6.50', '£16.25/kg']",6.5,£16.25/kg
2282,Oatly Plain Oatgurt 400G,https://www.tesco.com/groceries/en-GB/products/305955549,1687614222.0225658,"['£2.40', '£0.60/100g']",2.4,£0.60/100g
2283,Abra-Ca-Debora Buttermilk Pancakes 240G,https://www.tesco.com/groceries/en-GB/products/308861429,1687614222.100127,"['£2.35', '£0.98/100g']",2.35,£0.98/100g
2284,Benefit 100% Prune Juice 1Litre,https://www.tesco.com/groceries/en-GB/products/298025889,1687614222.187244,"['£3.90', '£0.39/100ml']",3.9,£0.39/100ml
2285,Bol Creamy Coconut Turmeric Daal Power Pot 450G,https://www.tesco.com/groceries/en-GB/products/309206774,1687614222.276344,"['£2.80', '£6.22/kg']",2.8,£6.22/kg
2286,Bol Spanish Smoky Butter Bean Stew Power Pot 450G,https://www.tesco.com/groceries/en-GB/products/309209569,1687614222.380042,"['£2.80', '£6.22/kg']",2.8,£6.22/kg
2287,Peperami Tender Jerky Original 50G,https://www.tesco.com/groceries/en-GB/products/307361223,1687614222.486022,"['£2.00', '£4.00/100g']",2.0,£4.00/100g
2288,Vivera Veggie Bacon Pieces 175G,https://www.tesco.com/groceries/en-GB/products/304403024,1687614222.564748,"['£3.00', '£17.14/kg']",3.0,£17.14/kg
2289,Tesco Plant Chef Mushroom Pizza 289G,https://www.tesco.com/groceries/en-GB/products/304377152,1687614222.673017,"['£3.15', '£1.09/100g']",3.15,£1.09/100g
2290,Ginsters Vegan Moroccan Vegetable Pasty 180G,https://www.tesco.com/groceries/en-GB/products/300644614,1687614222.7496052,"['£1.95', '£1.08/100g']",1.95,£1.08/100g
2291,Tesco Finest Cave Aged Goat Cheese 200G,https://www.tesco.com/groceries/en-GB/products/299770125,1687614222.8263402,"['£3.50', '£17.50/kg']",3.5,£17.50/kg
2292,Seriously Cheese Triangles Original 8 X 15G,https://www.tesco.com/groceries/en-GB/products/305972085,1687614222.938389,"['£1.45', '£12.08/kg']",1.45,£12.08/kg
2293,Itsu Seaweed Thins Sea Salt 5G,https://www.tesco.com/groceries/en-GB/products/279834507,1687614223.0206459,"['£1.00', '£20.00/100g']",1.0,£20.00/100g
2294,Tesco Finest Cavolo Nero & Garden Peas 210G,https://www.tesco.com/groceries/en-GB/products/311940483,1687614223.1622689,"['£2.50', '£11.90/kg']",2.5,£11.90/kg
2295,Aero Dark & Milk Mousse 4 X 55G,https://www.tesco.com/groceries/en-GB/products/312107426,1687614223.2687402,"['£1.85', '£0.84/100g']",1.85,£0.84/100g
2296,Don Simon Lemon & Raspberry Juice Drink 1.5L,https://www.tesco.com/groceries/en-GB/products/306941276,1687614223.400739,"['£1.25', '£0.08/100ml']",1.25,£0.08/100ml
2297,Ginsters Cajun Spiced Chicken Bake 117G,https://www.tesco.com/groceries/en-GB/products/310093743,1687614223.474067,"['£1.50', '£1.28/100g']",1.5,£1.28/100g
2298,Tesco Plant Chef 4 Smokey Maple Bbq No-Pork Belly Slices 215G,https://www.tesco.com/groceries/en-GB/products/313737597,1687614223.5973592,"['£4.50', '£20.93/kg']",4.5,£20.93/kg
2299,Tesco British Lamb Neck Fillets,https://www.tesco.com/groceries/en-GB/products/256530838,1687614223.673919,"['£7.10', '£21.50/kg']",7.1,£21.50/kg
2300,Tesco Finest Jubilee Asparagus 180G,https://www.tesco.com/groceries/en-GB/products/314105362,1687614223.7524722,"['£2.50', '£13.89/kg']",2.5,£13.89/kg
2301,Lurpak Spreadable Lighter 750G,https://www.tesco.com/groceries/en-GB/products/312584476,1687614223.833247,"['£6.65', '£8.87/kg']",6.65,£8.87/kg
2302,Charlie Bigham's Cottage Pie 325G,https://www.tesco.com/groceries/en-GB/products/302143294,1687614223.921231,"['£6.00', '£18.46/kg']",6.0,£18.46/kg
2303,Tesco Finest Butternut Squash & Provola Girasoli 250G,https://www.tesco.com/groceries/en-GB/products/299829524,1687614223.991095,"['£3.25', '£13.00/kg']",3.25,£13.00/kg
2304,Tesco Finest 8 Macarons 90G,https://www.tesco.com/groceries/en-GB/products/313360682,1687614229.768746,"['£4.00', '£4.44/100g']",4.0,£4.44/100g
2305,Bonne Maman Raspberry Yogurt 4X125g,https://www.tesco.com/groceries/en-GB/products/311673695,1687614229.846627,"['£2.75', '£0.55/100g']",2.75,£0.55/100g
2306,Innocent Strawberry Pineapple & Apples Smoothie 750Ml,https://www.tesco.com/groceries/en-GB/products/308110449,1687614229.920931,"['£3.50', '£0.47/100ml']",3.5,£0.47/100ml
2307,Gu Mixology Espresso Martini Dessert 2X83.5G,https://www.tesco.com/groceries/en-GB/products/313963055,1687614229.996136,"['£3.95', '£2.36/100g']",3.95,£2.36/100g
2308,Gu Mixology Strawberry Daiquiri Dessert 2X96g,https://www.tesco.com/groceries/en-GB/products/313744482,1687614230.07992,"['£3.95', '£2.06/100g']",3.95,£2.06/100g
2309,Tesco Southern Fried Chicken Wrap,https://www.tesco.com/groceries/en-GB/products/257450902,1687614230.150889,"['£2.85', '£2.85/each']",2.85,£2.85/each
2310,Gu Mixology Passionfruit Martini Dessert 2X89.5G,https://www.tesco.com/groceries/en-GB/products/313730325,1687614230.250358,"['£3.95', '£2.21/100g']",3.95,£2.21/100g
2311,Tesco Plant Chef Alternative To Garlic & Herb Soft Cheese 150G,https://www.tesco.com/groceries/en-GB/products/311690138,1687614230.326036,"['£2.00', '£13.33/kg']",2.0,£13.33/kg
2312,Cauldron Hoisin Tofu Pieces 160G,https://www.tesco.com/groceries/en-GB/products/311422866,1687614230.398565,"['£2.75', '£17.19/kg']",2.75,£17.19/kg
2313,Bio-Tiful Dairy Kefir Drink Original 250Ml,https://www.tesco.com/groceries/en-GB/products/297860097,1687614230.4942899,"['£1.65', '£0.66/100ml']",1.65,£0.66/100ml
2314,Vivera Plant Steaks 200G,https://www.tesco.com/groceries/en-GB/products/303646705,1687614230.567394,"['£3.00', '£15.00/kg']",3.0,£15.00/kg
2315,Tesco Four Bean Salad 250G,https://www.tesco.com/groceries/en-GB/products/299911109,1687614230.640569,"['£1.75', '£0.70/100g']",1.75,£0.70/100g
2316,Tesco Finest Ossau Iraty 180G,https://www.tesco.com/groceries/en-GB/products/257372401,1687614230.713821,"['£3.50', '£19.44/kg']",3.5,£19.44/kg
2317,Tesco Flax Seeds 150G,https://www.tesco.com/groceries/en-GB/products/290594532,1687614230.8149161,"['£1.20', '£8.00/kg']",1.2,£8.00/kg
2318,Innocent Strawberries & Bananas 250Ml,https://www.tesco.com/groceries/en-GB/products/253845148,1687614230.885749,"['£2.00', '£0.80/100ml']",2.0,£0.80/100ml
2319,Tesco Hoisin Duck Wrap,https://www.tesco.com/groceries/en-GB/products/255871539,1687614231.00585,"['£2.85', '£2.85/each']",2.85,£2.85/each
2320,Lisner Matjas Herring Fillets 400G,https://www.tesco.com/groceries/en-GB/products/290359587,1687614231.1018429,"['£2.75', '£6.88/kg']",2.75,£6.88/kg
2321,Tesco Finest Kidderton Ash Goats Cheese 150G,https://www.tesco.com/groceries/en-GB/products/261621240,1687614231.172304,"['£3.35', '£22.33/kg']",3.35,£22.33/kg
2322,Ginster Pasty Bombay Potato & Spinach 180G,https://www.tesco.com/groceries/en-GB/products/309745671,1687614231.26895,"['£1.95', '£1.08/100g']",1.95,£1.08/100g
2323,Tesco Finest Langres 180G,https://www.tesco.com/groceries/en-GB/products/268957943,1687614231.340018,"['£3.35', '£18.61/kg']",3.35,£18.61/kg
2324,Fanta Fruit Twist 500 Ml,https://www.tesco.com/groceries/en-GB/products/253144396,1687614231.4421709,"['£1.70', '£0.34/100ml']",1.7,£0.34/100ml
2325,Mcgerty Sweet Chilli Jelly 110G,https://www.tesco.com/groceries/en-GB/products/303106222,1687614231.566568,"['£1.80', '£1.64/100g']",1.8,£1.64/100g
2326,Red Bull Sugar Free Energy Drink 355Ml,https://www.tesco.com/groceries/en-GB/products/263674951,1687614231.6603289,"['£1.85', '£0.52/100ml']",1.85,£0.52/100ml
2327,Mighty Barista M.Lk Uht Drink 1 Litre,https://www.tesco.com/groceries/en-GB/products/309785179,1687614231.7927659,"['£2.00', '£2.00/litre']",2.0,£2.00/litre
2328,Tesco 2 Fresh Cream Raspberry Turnovers 148G,https://www.tesco.com/groceries/en-GB/products/253552538,1687614231.898077,"['£1.60', '£1.08/100g']",1.6,£1.08/100g
2329,Deli Culture German Pepperoni 24 Slices 250G,https://www.tesco.com/groceries/en-GB/products/307747430,1687614231.983161,"['£1.95', '£0.78/100g']",1.95,£0.78/100g
2330,Juice Burst Orange 500Ml,https://www.tesco.com/groceries/en-GB/products/277975101,1687614232.0713038,"['£1.50', '£0.30/100ml']",1.5,£0.30/100ml
2331,Ginsters Meatball Marinara Bake 117G,https://www.tesco.com/groceries/en-GB/products/311672523,1687614232.200973,"['£1.50', '£1.28/100g']",1.5,£1.28/100g
2332,The City Kitchen Korean Bbq Sauce 150G,https://www.tesco.com/groceries/en-GB/products/311684031,1687614232.3076549,"['£1.15', '£7.67/kg']",1.15,£7.67/kg
2333,Tesco Perfectly Ripe Plums 325G,https://www.tesco.com/groceries/en-GB/products/311430205,1687614232.412072,"['£2.00', '£6.15/kg']",2.0,£6.15/kg
2334,Tesco Finest Thick Cut Ribeye Steak 350G,https://www.tesco.com/groceries/en-GB/products/309494949,1687614232.497185,"['£9.20', '£26.29/kg']",9.2,£26.29/kg
2335,Lamb Whole Shoulder,https://www.tesco.com/groceries/en-GB/products/260951547,1687614232.578376,"['£18.19', '£10.70/kg']",18.19,£10.70/kg
2336,Tesco Finest Unsmoked Wiltshire Cure Gammon Steaks 460G,https://www.tesco.com/groceries/en-GB/products/268500810,1687614232.65512,"['£6.20', '£13.48/kg']",6.2,£13.48/kg
2337,Innocent Pineapple Banana & Coconut Smoothie 750Ml,https://www.tesco.com/groceries/en-GB/products/270928457,1687614232.7326562,"['£3.50', '£0.47/100ml']",3.5,£0.47/100ml
2338,Tesco Finest Mature Cheddar Slices 150G,https://www.tesco.com/groceries/en-GB/products/312220239,1687614232.808178,"['£2.75', '£18.33/kg']",2.75,£18.33/kg
2339,St Helen's Farm Mild Goats Cheese 170G,https://www.tesco.com/groceries/en-GB/products/306503507,1687614232.932201,"['£3.50', '£20.59/kg']",3.5,£20.59/kg
2340,Tesco Finest 6 Pork & Leek Sausages 400G,https://www.tesco.com/groceries/en-GB/products/279993433,1687614233.0452192,"['£3.25', '£8.12/kg']",3.25,£8.12/kg
2341,Sabra Houmous Garlic Red Pepper 200G,https://www.tesco.com/groceries/en-GB/products/283222287,1687614233.167258,"['£2.50', '£1.25/100g']",2.5,£1.25/100g
2342,Tesco Plant Chef Alternative To Soft Cheese 150G,https://www.tesco.com/groceries/en-GB/products/311677719,1687614233.237449,"['£2.00', '£13.33/kg']",2.0,£13.33/kg
2343,Tesco Lightly Seasoned Thigh Pieces 180G,https://www.tesco.com/groceries/en-GB/products/309200947,1687614233.307468,"['£2.45', '£1.36/100g']",2.45,£1.36/100g
2344,Quorn Garlic & Herb Bites 180G,https://www.tesco.com/groceries/en-GB/products/310148927,1687614233.385272,"['£2.50', '£13.89/kg']",2.5,£13.89/kg
2345,Higgidy Porcini Mushroom & Spinach Vegan Rolls 160G,https://www.tesco.com/groceries/en-GB/products/309452216,1687614233.4863958,"['£3.40', '£2.12/100g']",3.4,£2.12/100g
2346,Tesco Finest Whisky Barrel Smoked Wiltshire Cured Ham 100G,https://www.tesco.com/groceries/en-GB/products/312358508,1687614233.583026,"['£3.25', '£3.25/100g']",3.25,£3.25/100g
2347,Gu Milk Chocolate Mousse & Ganache 2X70g,https://www.tesco.com/groceries/en-GB/products/306816609,1687614233.708621,"['£2.30', '£1.64/100g']",2.3,£1.64/100g
2348,Gressingham Food Duck Breast Fillets 397G,https://www.tesco.com/groceries/en-GB/products/268405255,1687614233.7835789,"['£8.40', '£21.16/kg']",8.4,£21.16/kg
2349,Mcgerty Farmhouse Chutney 110G,https://www.tesco.com/groceries/en-GB/products/303106245,1687614233.858864,"['£1.80', '£1.64/100g']",1.8,£1.64/100g
2350,Tesco Plant Chef Soya Alternative Yogurts Rasp Passion Fruit 4X100g,https://www.tesco.com/groceries/en-GB/products/311670646,1687614233.957479,"['£1.50', '£3.75/kg']",1.5,£3.75/kg
2351,Tesco Apple With Peanut Butter Dip 110G,https://www.tesco.com/groceries/en-GB/products/313835651,1687614234.146365,"['£1.75', '£15.91/kg']",1.75,£15.91/kg
2352,Tesco Finest 4 Pork Cheese & Jalapeno Hot Dogs 400G,https://www.tesco.com/groceries/en-GB/products/303127030,1687614240.268896,"['£3.25', '£8.12/kg']",3.25,£8.12/kg
2353,Buxton Still Water Sports 1L(C),https://www.tesco.com/groceries/en-GB/products/260169362,1687614240.3721752,"['£1.10', '£0.11/100ml']",1.1,£0.11/100ml
2354,Tesco Lactose Free Greek Yogurt 400G,https://www.tesco.com/groceries/en-GB/products/302308503,1687614240.5082529,"['£1.50', '£0.38/100g']",1.5,£0.38/100g
2355,Red Bull Energy Drink 250Ml,https://www.tesco.com/groceries/en-GB/products/259153617,1687614240.582929,"['£1.50', '£0.60/100ml']",1.5,£0.60/100ml
2356,Rustlers Mini Beef Burgers 101G,https://www.tesco.com/groceries/en-GB/products/312361878,1687614240.702462,"['£1.00', '£9.90/kg']",1.0,£9.90/kg
2357,Shepherds Purse Harrogate Blue 100G,https://www.tesco.com/groceries/en-GB/products/308099964,1687614240.786458,"['£2.50', '£25.00/kg']",2.5,£25.00/kg
2358,Tesco Calorie Controlled Tomato & Basil Chicken 380G,https://www.tesco.com/groceries/en-GB/products/312224932,1687614240.882071,"['£3.00', '£7.90/kg']",3.0,£7.90/kg
2359,Walkers Max Flamin Hot Crisps 50G,https://www.tesco.com/groceries/en-GB/products/290572685,1687614240.975965,"['£0.95', '£1.90/100g']",0.95,£1.90/100g
2360,Walkers Monster Munch Mega Pickled Onion Snack40g,https://www.tesco.com/groceries/en-GB/products/264441586,1687614241.095668,"['£1.00', '£2.50/100g']",1.0,£2.50/100g
2361,Kellogg's Nutrigrain Strawberry 37G,https://www.tesco.com/groceries/en-GB/products/252851390,1687614241.216191,"['£0.60', '£1.62/100g']",0.6,£1.62/100g
2362,Orkney Coloured Mature Scottish Island Cheddar 200G,https://www.tesco.com/groceries/en-GB/products/310161536,1687614241.340287,"['£2.50', '£12.50/kg']",2.5,£12.50/kg
2363,The Collective Suckies No Added Sugar Banana & Cocoa 90G,https://www.tesco.com/groceries/en-GB/products/312720293,1687614241.4428911,"['£0.95', '£1.06/100g']",0.95,£1.06/100g
2364,Tesco Finest Thai Basil 30G,https://www.tesco.com/groceries/en-GB/products/301298774,1687614241.543044,"['£0.94', '£0.31/10g']",0.94,£0.31/10g
2365,Huel Ready To Drink Chocolate 500Ml,https://www.tesco.com/groceries/en-GB/products/309474668,1687614241.6161878,"['£3.50', '£0.70/100ml']",3.5,£0.70/100ml
2366,Pizza Express Romana Margherita Pizza 350G,https://www.tesco.com/groceries/en-GB/products/293848349,1687614241.716877,"['£5.80', '£1.66/100g']",5.8,£1.66/100g
2367,Tesco Tex Mex Bbq Pulled Pork 410G,https://www.tesco.com/groceries/en-GB/products/308491469,1687614241.82211,"['£4.10', '£10.00/kg']",4.1,£10.00/kg
2368,Pizza Express Romana Pollo American Pizza 375G,https://www.tesco.com/groceries/en-GB/products/303851789,1687614241.8995478,"['£5.80', '£1.55/100g']",5.8,£1.55/100g
2369,"Tesco Finest Nduja, Mascarpone, Red Onion Ravioli 250G",https://www.tesco.com/groceries/en-GB/products/299829582,1687614242.005434,"['£3.25', '£13.00/kg']",3.25,£13.00/kg
2370,Noel Chorizo Smoked Mild 225G,https://www.tesco.com/groceries/en-GB/products/307737603,1687614242.0794199,"['£3.00', '£1.33/100g']",3.0,£1.33/100g
2371,Tesco Boneless Haddock Fillets 280G,https://www.tesco.com/groceries/en-GB/products/302286988,1687614242.1507578,"['£5.40', '£19.29/kg']",5.4,£19.29/kg
2372,"Tesco Finest Beef, Chorizo Chilli & Rice 400G",https://www.tesco.com/groceries/en-GB/products/311949139,1687614242.228415,"['£4.25', '£10.62/kg']",4.25,£10.62/kg
2373,Tesco Finest 12 Neapolitan Profiteroles 220G,https://www.tesco.com/groceries/en-GB/products/313616527,1687614242.323424,"['£4.50', '£2.04/100g']",4.5,£2.04/100g
2374,Jamie Oliver Butternut Squash Tortelloni 250G,https://www.tesco.com/groceries/en-GB/products/305949799,1687614242.395884,"['£2.60', '£10.40/kg']",2.6,£10.40/kg
2375,Tesco Finest Chicken & Smoked Bacon Pie 500G,https://www.tesco.com/groceries/en-GB/products/304403905,1687614242.4714181,"['£4.95', '£1.05/100g']",4.95,£1.05/100g
2376,Taste Inc 100% Chargrilled Chicken Fillets Bbq 175G,https://www.tesco.com/groceries/en-GB/products/302530095,1687614242.552011,"['£2.75', '£1.57/100g']",2.75,£1.57/100g
2377,Tesco Millionaires Cheesecake 3 X 100G,https://www.tesco.com/groceries/en-GB/products/299775356,1687614242.633198,"['£2.25', '£0.75/100g']",2.25,£0.75/100g
2378,Powters Skinny Pig Pork Sausages 400G,https://www.tesco.com/groceries/en-GB/products/268419481,1687614242.707547,"['£3.75', '£9.38/kg']",3.75,£9.38/kg
2379,Tesco Greek Salad 185G,https://www.tesco.com/groceries/en-GB/products/306949141,1687614242.779692,"['£2.75', '£1.49/100g']",2.75,£1.49/100g
2380,The Coconut Collaborative Strawberry & Banana Kids Puree 90G,https://www.tesco.com/groceries/en-GB/products/302329328,1687614242.853276,"['£1.00', '£1.11/100g']",1.0,£1.11/100g
2381,Tesco Pork Fillet Medallions 300G,https://www.tesco.com/groceries/en-GB/products/275158012,1687614242.924052,"['£3.95', '£13.17/kg']",3.95,£13.17/kg
2382,Mccain Fries Salt & Black Pepper 300G,https://www.tesco.com/groceries/en-GB/products/294497353,1687614242.994669,"['£2.50', '£8.33/kg']",2.5,£8.33/kg
2383,Tesco 4 Boneless Salmon Fillets 520G,https://www.tesco.com/groceries/en-GB/products/309747513,1687614243.069918,"['£9.70', '£18.65/kg']",9.7,£18.65/kg
2384,Walls 8 Thick Pork Sausages 410G,https://www.tesco.com/groceries/en-GB/products/305975715,1687614243.1395562,"['£2.50', '£6.10/kg']",2.5,£6.10/kg
2385,Tesco Carbonara Pasta Bake 1.5Kg,https://www.tesco.com/groceries/en-GB/products/285635918,1687614243.210491,"['£6.45', '£4.30/kg']",6.45,£4.30/kg
2386,Tesco Chicken & Bacon Wrap,https://www.tesco.com/groceries/en-GB/products/277074044,1687614243.3040278,"['£2.85', '£2.85/each']",2.85,£2.85/each
2387,Tesco Finest Cheddar Mozzarella & Chorizo Bake 150G,https://www.tesco.com/groceries/en-GB/products/304410044,1687614243.406574,"['£3.15', '£21.00/kg']",3.15,£21.00/kg
2388,Tesco 2 Soy & Ginger Seabass Fillets 205G,https://www.tesco.com/groceries/en-GB/products/309452889,1687614243.481379,"['£4.50', '£21.95/kg']",4.5,£21.95/kg
2389,Tesco Finest Deli Spiced Cider & Pear Wiltshire Cured Ham 100G,https://www.tesco.com/groceries/en-GB/products/312567318,1687614243.5505931,"['£3.25', '£3.25/100g']",3.25,£3.25/100g
2390,Tesco Calorie Controlled Chicken Roast Dinner 380G,https://www.tesco.com/groceries/en-GB/products/312108863,1687614243.649899,"['£3.00', '£7.90/kg']",3.0,£7.90/kg
2391,Tesco Finest Red Leicester Bite With Garlic & Black Pepper 150G,https://www.tesco.com/groceries/en-GB/products/309206653,1687614243.742443,"['£3.15', '£21.00/kg']",3.15,£21.00/kg
2392,Tesco Finest Mature Lancashire Cheese 200G,https://www.tesco.com/groceries/en-GB/products/299804876,1687614243.813657,"['£3.10', '£15.50/kg']",3.1,£15.50/kg
2393,Innocent Energise Super Smoothie 300Ml,https://www.tesco.com/groceries/en-GB/products/305518993,1687614243.8842108,"['£2.36', '£0.79/100ml']",2.36,£0.79/100ml
2394,Tesco Chicken Triple Sandwich,https://www.tesco.com/groceries/en-GB/products/305979037,1687614244.0430982,"['£2.85', '£2.85/each']",2.85,£2.85/each
2395,San Pellegrino Sparkling Water 500Ml (New),https://www.tesco.com/groceries/en-GB/products/251074208,1687614244.156492,"['£0.90', '£0.18/100ml']",0.9,£0.18/100ml
2396,Barr Irn Bru 500Ml,https://www.tesco.com/groceries/en-GB/products/259160983,1687614244.303482,"['£1.09', '£0.22/100ml']",1.09,£0.22/100ml
2397,Tesco Plant Chef Meat Free Chicken Style 200G,https://www.tesco.com/groceries/en-GB/products/310688685,1687614244.5108821,"['£1.85', '£9.25/kg']",1.85,£9.25/kg
2398,Tesco Mixed Berries 25G,https://www.tesco.com/groceries/en-GB/products/299497719,1687614244.59666,"['£0.50', '£20.00/kg']",0.5,£20.00/kg
2399,The City Kitchen Fire Banger Sauce 150G,https://www.tesco.com/groceries/en-GB/products/311448513,1687614244.6952908,"['£1.15', '£7.67/kg']",1.15,£7.67/kg
2400,Tesco Turkey Thigh Mince 7% Fat 500G,https://www.tesco.com/groceries/en-GB/products/313504801,1687614251.2046368,"['£3.65', '£7.30/kg']",3.65,£7.30/kg
2401,Tesco Salt & Pepper Nut Mix Snack Pack 55G,https://www.tesco.com/groceries/en-GB/products/283112072,1687614251.3091269,"['£1.00', '£18.18/kg']",1.0,£18.18/kg
2402,Gu Cheesecake Key Lime Pie (2X78g),https://www.tesco.com/groceries/en-GB/products/297539133,1687614251.440119,"['£3.75', '£2.40/100g']",3.75,£2.40/100g
2403,Tesco Sweet & Sour Chicken Meal For One 500G,https://www.tesco.com/groceries/en-GB/products/312084152,1687614251.515421,"['£3.75', '£7.50/kg']",3.75,£7.50/kg
2404,Wasabi Sweet Chilli Chicken Yakisoba Noodles 450G,https://www.tesco.com/groceries/en-GB/products/313003426,1687614251.588574,"['£4.25', '£9.44/kg']",4.25,£9.44/kg
2405,Vita Coco 100% Natural Coconut Water 4 X 330Ml,https://www.tesco.com/groceries/en-GB/products/277820452,1687614251.666657,"['£4.80', '£0.36/100ml']",4.8,£0.36/100ml
2406,Violife Vegan Greek White Block 230G,https://www.tesco.com/groceries/en-GB/products/302312238,1687614251.746498,"['£3.00', '£13.04/kg']",3.0,£13.04/kg
2407,Tesco Indian Tarka Dhal 300G,https://www.tesco.com/groceries/en-GB/products/293944771,1687614251.820374,"['£2.15', '£7.17/kg']",2.15,£7.17/kg
2408,Tesco Finest Bresaola 8 Slices 70G,https://www.tesco.com/groceries/en-GB/products/304404829,1687614251.891698,"['£3.00', '£0.04/kg']",3.0,£0.04/kg
2409,Tesco Feta & Slow Roast Tomato Pasta 290G,https://www.tesco.com/groceries/en-GB/products/278935113,1687614251.9704099,"['£2.75', '£0.95/100g']",2.75,£0.95/100g
2410,The Collective Passion Fruit Yogurt 450G,https://www.tesco.com/groceries/en-GB/products/291729465,1687614252.070555,"['£2.95', '£0.66/100g']",2.95,£0.66/100g
2411,Sheese Grated Mature Cheddar 200G,https://www.tesco.com/groceries/en-GB/products/309197459,1687614252.166135,"['£2.50', '£12.50/kg']",2.5,£12.50/kg
2412,Tesco Vegetable Tikka Masala & Pilau Rice 400G,https://www.tesco.com/groceries/en-GB/products/310676768,1687614252.239191,"['£3.00', '£7.50/kg']",3.0,£7.50/kg
2413,Innocent Blueberries Peach & Apple Smoothie 750 Ml,https://www.tesco.com/groceries/en-GB/products/308113706,1687614252.342248,"['£3.50', '£0.47/100ml']",3.5,£0.47/100ml
2414,Tesco Finest 6 Reduced Fat Sausages 400G,https://www.tesco.com/groceries/en-GB/products/274827674,1687614252.4225018,"['£3.25', '£8.12/kg']",3.25,£8.12/kg
2415,Innocent Bolt From The Blue Juice 750Ml,https://www.tesco.com/groceries/en-GB/products/303415189,1687614252.520014,"['£3.80', '£0.51/100ml']",3.8,£0.51/100ml
2416,Tesco Calorie Controlled Chicken Tikka Masala & Pilau Rice 380G,https://www.tesco.com/groceries/en-GB/products/312216677,1687614252.61604,"['£3.00', '£7.90/kg']",3.0,£7.90/kg
2417,The Artisan Bread Company Black Olive Flatbread 75G,https://www.tesco.com/groceries/en-GB/products/302744078,1687614252.710164,"['£1.80', '£2.40/100g']",1.8,£2.40/100g
2418,Dr Pepper Zero 500Ml,https://www.tesco.com/groceries/en-GB/products/263709140,1687614252.807368,"['£1.70', '£0.34/100ml']",1.7,£0.34/100ml
2419,Starbucks Caramel Macchiato 220Ml,https://www.tesco.com/groceries/en-GB/products/266891815,1687614252.9308531,"['£2.20', '£1.00/100ml']",2.2,£1.00/100ml
2420,Tesco 6 Brie Slices 150G,https://www.tesco.com/groceries/en-GB/products/311932182,1687614253.023777,"['£2.75', '£18.33/kg']",2.75,£18.33/kg
2421,Peperami Vegerami Sticks 3 X 20G,https://www.tesco.com/groceries/en-GB/products/311689057,1687614253.118336,"['£1.75', '£29.17/kg']",1.75,£29.17/kg
2422,Tesco Pomegranate Crush Fruit Smoothie 750Ml,https://www.tesco.com/groceries/en-GB/products/305970185,1687614253.190519,"['£1.80', '£0.24/100ml']",1.8,£0.24/100ml
2423,St Agur Mini Bites With Blue Cheese 100G,https://www.tesco.com/groceries/en-GB/products/310116580,1687614253.2618508,"['£2.20', '£22.00/kg']",2.2,£22.00/kg
2424,Tesco Reduced Fat 3 Houmous Stacker 180G,https://www.tesco.com/groceries/en-GB/products/312577404,1687614253.357908,"['£1.50', '£0.83/100g']",1.5,£0.83/100g
2425,Tesco Deli Smoked Ham On The Bone 120G,https://www.tesco.com/groceries/en-GB/products/312712873,1687614253.435574,"['£2.75', '£2.29/100g']",2.75,£2.29/100g
2426,Tesco 2 Lightly Seasoned Lamb Grill Steaks 300G,https://www.tesco.com/groceries/en-GB/products/309497409,1687614253.530887,"['£3.30', '£11.00/kg']",3.3,£11.00/kg
2427,Small Rose Bouquet (White),https://www.tesco.com/groceries/en-GB/products/296029820,1687614253.603977,"['£3.00', '£3.00/each']",3.0,£3.00/each
2428,Gosh Mediterranean Falafel 171G,https://www.tesco.com/groceries/en-GB/products/314118116,1687614253.677496,"['£2.00', '£11.70/kg']",2.0,£11.70/kg
2429,Gosh Sweet Potato Pakora With Red Pepper 171G,https://www.tesco.com/groceries/en-GB/products/314427171,1687614253.771013,"['£2.00', '£11.70/kg']",2.0,£11.70/kg
2430,Tesco British Turkey Drumsticks,https://www.tesco.com/groceries/en-GB/products/313748760,1687614253.8653078,"['£2.96', '£3.70/kg']",2.96,£3.70/kg
2431,Tesco Wasabi Peas 40G,https://www.tesco.com/groceries/en-GB/products/306930312,1687614253.9417741,"['£1.00', '£25.00/kg']",1.0,£25.00/kg
2432,Snickers Creamy Peanut Butter Chocolate Trio Bar 3 X 18.25G,https://www.tesco.com/groceries/en-GB/products/306651256,1687614254.035936,"['£0.95', '£1.74/100g']",0.95,£1.74/100g
2433,Tesco British Turkey Thigh Joint 1.25Kg,https://www.tesco.com/groceries/en-GB/products/313601415,1687614254.154372,"['£4.00', '£3.20/kg']",4.0,£3.20/kg
2434,Tesco Lamb Kidneys,https://www.tesco.com/groceries/en-GB/products/258016172,1687614254.2253702,"['£2.35', '£7.00/kg']",2.35,£7.00/kg
2435,Huel Ready To Drink Banana 500Ml,https://www.tesco.com/groceries/en-GB/products/309751248,1687614254.313864,"['£3.50', '£0.70/100ml']",3.5,£0.70/100ml
2436,Tesco Finest Ultimate Salt Aged Pork Loin Joint,https://www.tesco.com/groceries/en-GB/products/309489858,1687614254.418112,"['£8.56', '£9.25/kg']",8.56,£9.25/kg
2437,Highland Game Lean Venison Mince 250G,https://www.tesco.com/groceries/en-GB/products/313730319,1687614254.4927511,"['£5.00', '£20.00/kg']",5.0,£20.00/kg
2438,Charlie Bigham's Chicken Tikka Masala 403G,https://www.tesco.com/groceries/en-GB/products/302143547,1687614254.5644429,"['£6.00', '£14.89/kg']",6.0,£14.89/kg
2439,Eatlean Protein Cheese 350G,https://www.tesco.com/groceries/en-GB/products/292470900,1687614254.63583,"['£4.35', '£12.43/kg']",4.35,£12.43/kg
2440,Tesco White Anchovy Fillets 170G,https://www.tesco.com/groceries/en-GB/products/302288259,1687614254.712596,"['£3.50', '£2.06/100g']",3.5,£2.06/100g
2441,Tesco Bbq Roast Chicken Drumsticks 750G,https://www.tesco.com/groceries/en-GB/products/306800668,1687614254.783325,"['£4.30', '£0.57/100g']",4.3,£0.57/100g
2442,Chocomel Chocolate Flavoured Milk Drink 250Ml,https://www.tesco.com/groceries/en-GB/products/306929453,1687614254.863517,"['£1.70', '£6.80/litre']",1.7,£6.80/litre
2443,Squeaky Bean Milano Salami Style Slices 90G,https://www.tesco.com/groceries/en-GB/products/310141111,1687614254.962241,"['£2.85', '£31.67/kg']",2.85,£31.67/kg
2444,Bol Roasted Butternut Squash & Chilli Power Soup 600G,https://www.tesco.com/groceries/en-GB/products/309193568,1687614255.033163,"['£3.30', '£0.55/100g']",3.3,£0.55/100g
2445,The Pizza Company Seasoned Potato Wedges 300G,https://www.tesco.com/groceries/en-GB/products/306660487,1687614255.1296709,"['£3.15', '£1.05/100g']",3.15,£1.05/100g
2446,Quorn Vegan Finely Sliced Ham Style Slices 120G,https://www.tesco.com/groceries/en-GB/products/312085963,1687614255.224759,"['£3.00', '£25.00/kg']",3.0,£25.00/kg
2447,Tesco Deli Honey Roast Ham 120G,https://www.tesco.com/groceries/en-GB/products/312712389,1687614255.2961018,"['£2.50', '£2.08/100g']",2.5,£2.08/100g
2448,Swedish Glace Chocolate Non Dairy Ice Cream 750Ml,https://www.tesco.com/groceries/en-GB/products/291844921,1687614261.6260428,"['£2.50', '£0.33/100ml']",2.5,£0.33/100ml
2449,Sprite Regular 500Ml,https://www.tesco.com/groceries/en-GB/products/251806135,1687614261.711858,"['£1.70', '£0.34/100ml']",1.7,£0.34/100ml
2450,Jord Organic Oat & Vanilla Drink 1L,https://www.tesco.com/groceries/en-GB/products/312344847,1687614261.8416462,"['£1.90', '£1.90/litre']",1.9,£1.90/litre
2451,Tesco Black Olives 120G,https://www.tesco.com/groceries/en-GB/products/311251077,1687614261.923127,"['£1.60', '£1.33/100g']",1.6,£1.33/100g
2452,Rustlers Meatless Maverik Classic Burger 196G,https://www.tesco.com/groceries/en-GB/products/310668830,1687614262.00003,"['£2.00', '£10.20/kg']",2.0,£10.20/kg
2453,Tesco Honey Cure Gammon Joint 800G,https://www.tesco.com/groceries/en-GB/products/306654005,1687614262.076158,"['£9.45', '£11.81/kg']",9.45,£11.81/kg
2454,Tesco Extra Large Vegetable Samosa 98G,https://www.tesco.com/groceries/en-GB/products/290882525,1687614262.147817,"['£1.75', '£1.79/100g']",1.75,£1.79/100g
2455,Tesco Finest Ultimate 2 Scotch Eggs 260G,https://www.tesco.com/groceries/en-GB/products/310120292,1687614262.244193,"['£3.50', '£1.35/100g']",3.5,£1.35/100g
2456,Beretta Whole Salami Milano 120G,https://www.tesco.com/groceries/en-GB/products/304417388,1687614262.3238568,"['£2.00', '£1.67/100g']",2.0,£1.67/100g
2457,Oasis Summer Fruits Light 500Ml,https://www.tesco.com/groceries/en-GB/products/250607009,1687614262.3967319,"['£1.70', '£0.34/100ml']",1.7,£0.34/100ml
2458,Tesco Plant Chef Soya Alternative Mango Yogurts 4X100g,https://www.tesco.com/groceries/en-GB/products/311674636,1687614262.5204868,"['£1.50', '£0.38/100g']",1.5,£0.38/100g
2459,Alpro Coconut No Sugars Chilled Drink 1 Litre,https://www.tesco.com/groceries/en-GB/products/303836423,1687614262.5986052,"['£2.10', '£2.10/litre']",2.1,£2.10/litre
2460,Tesco Fish Pie 750G,https://www.tesco.com/groceries/en-GB/products/310688040,1687614262.7014568,"['£4.00', '£5.33/kg']",4.0,£5.33/kg
2461,Juice Burst Apple Juice 500Ml,https://www.tesco.com/groceries/en-GB/products/277975204,1687614262.774216,"['£1.50', '£0.30/100ml']",1.5,£0.30/100ml
2462,Highland Spring Sports Bottle 750 Ml,https://www.tesco.com/groceries/en-GB/products/260205412,1687614262.8949919,"['£1.00', '£0.13/100ml']",1.0,£0.13/100ml
2463,Tesco Organic Cooked & Peeled Black Tiger Prawns 150G,https://www.tesco.com/groceries/en-GB/products/305523024,1687614263.0306408,"['£4.50', '£3.00/100g']",4.5,£3.00/100g
2464,Ginsters Chicken & Bacon Pasty 180G,https://www.tesco.com/groceries/en-GB/products/264716826,1687614263.130858,"['£1.95', '£1.08/100g']",1.95,£1.08/100g
2465,Tesco 2 Baking Sweet Potatoes,https://www.tesco.com/groceries/en-GB/products/309763453,1687614263.2268522,"['£1.50', '£0.75/each']",1.5,£0.75/each
2466,Ginsters Philly Cheese Steak Bake 117G,https://www.tesco.com/groceries/en-GB/products/313747110,1687614263.297597,"['£1.50', '£1.28/100g']",1.5,£1.28/100g
2467,Tesco Smoked Salmon Sushi Snack 57G,https://www.tesco.com/groceries/en-GB/products/305990817,1687614263.393707,"['£1.25', '£2.19/100g']",1.25,£2.19/100g
2468,Charlie Bigham's Thai Red Chicken Curry 835G,https://www.tesco.com/groceries/en-GB/products/291243267,1687614263.5134962,"['£9.50', '£11.38/kg']",9.5,£11.38/kg
2469,Charlie Bigham's Spanish Chicken 775G,https://www.tesco.com/groceries/en-GB/products/291252770,1687614263.592166,"['£9.50', '£12.26/kg']",9.5,£12.26/kg
2470,Ufit Pro50 Protein Drink Chocolate 500Ml,https://www.tesco.com/groceries/en-GB/products/283690780,1687614263.6645582,"['£3.00', '£0.01/litre']",3.0,£0.01/litre
2471,For Goodness Shakes Recovery Milk Chocolate 475Ml,https://www.tesco.com/groceries/en-GB/products/279845143,1687614263.7617002,"['£2.00', '£0.42/100ml']",2.0,£0.42/100ml
2472,Actimel Dairy Free Almond Mango & Passion Fruit 600G,https://www.tesco.com/groceries/en-GB/products/306494279,1687614263.8351722,"['£3.75', '£0.62/100g']",3.75,£0.62/100g
2473,Arla B.O.B Grated Mature Cheddar 180G,https://www.tesco.com/groceries/en-GB/products/312104308,1687614263.910162,"['£2.25', '£12.50/kg']",2.25,£12.50/kg
2474,Yarden Houmous 250G,https://www.tesco.com/groceries/en-GB/products/250438255,1687614264.011892,"['£2.65', '£1.06/100g']",2.65,£1.06/100g
2475,Gressingham Duck Breast In Orange Sauce 400G,https://www.tesco.com/groceries/en-GB/products/305529565,1687614264.085207,"['£7.40', '£18.50/kg']",7.4,£18.50/kg
2476,Bonne Maman Creme Brulee 2X100g,https://www.tesco.com/groceries/en-GB/products/285693742,1687614264.160637,"['£3.20', '£1.60/100g']",3.2,£1.60/100g
2477,English Cheesecake Company Ltd Vanilla Cheesecake With Lotus Biscoff 214G,https://www.tesco.com/groceries/en-GB/products/312851080,1687614264.2383869,"['£3.75', '£1.75/100g']",3.75,£1.75/100g
2478,Quorn Roast Style Sliced Fillets 140G,https://www.tesco.com/groceries/en-GB/products/266749507,1687614264.336084,"['£3.00', '£21.43/kg']",3.0,£21.43/kg
2479,Tesco Sweet And Sour Chicken 400G,https://www.tesco.com/groceries/en-GB/products/310687628,1687614264.409729,"['£4.00', '£10.00/kg']",4.0,£10.00/kg
2480,Tesco Finest Brie De Meaux Aop Portion 170G,https://www.tesco.com/groceries/en-GB/products/277465774,1687614264.5068061,"['£3.35', '£19.71/kg']",3.35,£19.71/kg
2481,Tesco Organic Fair Trade Cashew Nuts 150G,https://www.tesco.com/groceries/en-GB/products/260942646,1687614264.6044888,"['£3.20', '£21.33/kg']",3.2,£21.33/kg
2482,Arctic Coffee Caramel Latte 330Ml,https://www.tesco.com/groceries/en-GB/products/305967119,1687614264.683465,"['£1.10', '£0.33/100ml']",1.1,£0.33/100ml
2483,Noel Sliced Tapas Selection 120G,https://www.tesco.com/groceries/en-GB/products/304377780,1687614264.7631738,"['£2.50', '£2.08/100g']",2.5,£2.08/100g
2484,Richmond 2 Meat Free Burgers 170G,https://www.tesco.com/groceries/en-GB/products/307136525,1687614264.851537,"['£2.20', '£12.94/kg']",2.2,£12.94/kg
2485,Alpro Double Choc Mousse Dessert 2X70g,https://www.tesco.com/groceries/en-GB/products/307741160,1687614264.925069,"['£2.20', '£1.57/100g']",2.2,£1.57/100g
2486,Tesco Calorie Controlled Mushroom Risotto 380G,https://www.tesco.com/groceries/en-GB/products/312104366,1687614264.994161,"['£3.00', '£7.90/kg']",3.0,£7.90/kg
2487,Tesco Three Cheese Pasta Bake 750G,https://www.tesco.com/groceries/en-GB/products/310124437,1687614265.097124,"['£4.00', '£5.33/kg']",4.0,£5.33/kg
2488,Tesco Finest Mexican Style Red Leicester Chilli Slices 150G,https://www.tesco.com/groceries/en-GB/products/311250470,1687614265.1937358,"['£2.75', '£18.33/kg']",2.75,£18.33/kg
2489,Ribena Blackcurrant Bottle 500Ml,https://www.tesco.com/groceries/en-GB/products/255658833,1687614265.289355,"['£1.49', '£0.30/100ml']",1.49,£0.30/100ml
2490,Tesco 2 Cape Hake Fillets 240G,https://www.tesco.com/groceries/en-GB/products/304789816,1687614265.4108212,"['£4.20', '£17.50/kg']",4.2,£17.50/kg
2491,Mighty Pea M.Lk Unsweetened Milk Alternative 1 Litre,https://www.tesco.com/groceries/en-GB/products/308105313,1687614265.5617542,"['£2.00', '£2.00/litre']",2.0,£2.00/litre
2492,Aero Chocolate Caramel Mousse 4 X 58G,https://www.tesco.com/groceries/en-GB/products/311936448,1687614265.668857,"['£1.85', '£0.80/100g']",1.85,£0.80/100g
2493,Alpro Soya Chocolate Chilled Drink 1 Litre,https://www.tesco.com/groceries/en-GB/products/255769120,1687614265.771817,"['£2.10', '£2.10/litre']",2.1,£2.10/litre
2494,Kettle Sea Salt & Balsamic Vinegarcrisps40g,https://www.tesco.com/groceries/en-GB/products/258755425,1687614265.8800251,"['£0.90', '£2.25/100g']",0.9,£2.25/100g
2495,Port Royal Vegan Jerk Bean Jamaican Patty 140G,https://www.tesco.com/groceries/en-GB/products/312715046,1687614266.037536,"['£1.00', '£0.71/100g']",1.0,£0.71/100g
2496,Twix White Chocolate Extra Single Twin 75G,https://www.tesco.com/groceries/en-GB/products/303836573,1687614273.0226471,"['£0.90', '£1.20/100g']",0.9,£1.20/100g
2497,Tesco Fruity Granola Shot 25G,https://www.tesco.com/groceries/en-GB/products/311276937,1687614273.161373,"['£0.50', '£0.20/10g']",0.5,£0.20/10g
2498,Eastmans Chicken & Mushroom Slice 150G,https://www.tesco.com/groceries/en-GB/products/299668587,1687614273.274781,"['£0.85', '£0.57/100g']",0.85,£0.57/100g
2499,Charlie Bighams Butter Chicken Curry & Pilau Rice 812G,https://www.tesco.com/groceries/en-GB/products/309786512,1687614273.352103,"['£9.50', '£11.70/kg']",9.5,£11.70/kg
2500,Huel Ready To Drink Vanilla 500Ml,https://www.tesco.com/groceries/en-GB/products/309758349,1687614273.451051,"['£3.50', '£0.70/100ml']",3.5,£0.70/100ml
2501,Ufit Pro50 Protein Drink Strawberry 500Ml,https://www.tesco.com/groceries/en-GB/products/283668387,1687614273.559571,"['£3.00', '£0.60/100ml']",3.0,£0.60/100ml
2502,"Tesco Ginger, Lime & Chilli Chicken Breasts 290G",https://www.tesco.com/groceries/en-GB/products/299669436,1687614273.656529,"['£4.40', '£15.17/kg']",4.4,£15.17/kg
2503,Tesco Finest Greek Yogurt Coleslaw 300G,https://www.tesco.com/groceries/en-GB/products/310663363,1687614273.7305868,"['£2.00', '£6.67/kg']",2.0,£6.67/kg
2504,Tesco Hunters Gammon Steaks 345G,https://www.tesco.com/groceries/en-GB/products/304378427,1687614273.8047402,"['£4.00', '£11.59/kg']",4.0,£11.59/kg
2505,Jolly Hog 12 British Chipolatas Gluten Free 340G,https://www.tesco.com/groceries/en-GB/products/305965670,1687614273.880252,"['£3.75', '£11.03/kg']",3.75,£11.03/kg
2506,Jamie Oliver Spinach Gnocchi 400G,https://www.tesco.com/groceries/en-GB/products/307736541,1687614273.955963,"['£2.00', '£5.00/kg']",2.0,£5.00/kg
2507,City Kitchen Hoisin Duck Noodles 380G,https://www.tesco.com/groceries/en-GB/products/307735299,1687614274.040365,"['£3.80', '£10.00/kg']",3.8,£10.00/kg
2508,Tesco Chicken Vindaloo & Pilau Rice 400G,https://www.tesco.com/groceries/en-GB/products/310688201,1687614274.117134,"['£3.00', '£7.50/kg']",3.0,£7.50/kg
2509,Tesco Finest Italian Pepperoni 90G,https://www.tesco.com/groceries/en-GB/products/311212562,1687614274.2219038,"['£2.40', '£2.67/100g']",2.4,£2.67/100g
2510,Higgidy Vegetable Samosa Vegan Rolls 160G,https://www.tesco.com/groceries/en-GB/products/307353325,1687614274.318778,"['£3.40', '£2.12/100g']",3.4,£2.12/100g
2511,Tesco Finest Vintage Cheddar & Sauvignon Blanc Bake 150G,https://www.tesco.com/groceries/en-GB/products/309160106,1687614274.4190028,"['£3.15', '£21.00/kg']",3.15,£21.00/kg
2512,Cawston Press Apple & Rhubarb Juice 1Ltr,https://www.tesco.com/groceries/en-GB/products/263879438,1687614274.493493,"['£2.70', '£0.27/100ml']",2.7,£0.27/100ml
2513,Gu Sticky Hot Toffee Puddings 2X85g,https://www.tesco.com/groceries/en-GB/products/304783349,1687614274.596936,"['£2.30', '£1.35/100g']",2.3,£1.35/100g
2514,The Corner Deli Co. Chilli Crackers 65G,https://www.tesco.com/groceries/en-GB/products/274972178,1687614274.6696892,"['£1.60', '£2.46/100g']",1.6,£2.46/100g
2515,Mash Direct Beer Battered Onion Rings 200G,https://www.tesco.com/groceries/en-GB/products/302011963,1687614274.7664618,"['£2.15', '£10.75/kg']",2.15,£10.75/kg
2516,Tesco 2 Fresh Toffee Cream Meringues 60G,https://www.tesco.com/groceries/en-GB/products/268018483,1687614274.8643641,"['£1.40', '£2.33/100g']",1.4,£2.33/100g
2517,Strings & Things Frollies Strawberry & Banana 4X25g,https://www.tesco.com/groceries/en-GB/products/309499086,1687614274.938529,"['£1.75', '£1.75/100g']",1.75,£1.75/100g
2518,Lipton Ice Tea Lemon 500Ml,https://www.tesco.com/groceries/en-GB/products/265633041,1687614275.0158541,"['£1.60', '£0.32/100ml']",1.6,£0.32/100ml
2519,Tesco Deli Peppered Beef 100G,https://www.tesco.com/groceries/en-GB/products/312578334,1687614275.1392052,"['£2.75', '£2.75/100g']",2.75,£2.75/100g
2520,Le Rustique Camembert Portions 5X30g,https://www.tesco.com/groceries/en-GB/products/310116597,1687614275.237507,"['£2.20', '£14.67/kg']",2.2,£14.67/kg
2521,Propercorn Sweet & Salty 30G,https://www.tesco.com/groceries/en-GB/products/274110433,1687614275.341158,"['£1.10', '£3.67/100g']",1.1,£3.67/100g
2522,Ribena Ready To Drink Blackcurrant 1 Litre,https://www.tesco.com/groceries/en-GB/products/258455325,1687614275.46683,"['£1.25', '£0.12/100ml']",1.25,£0.12/100ml
2523,Tesco 2 Strawberry Jam & Cream Scones,https://www.tesco.com/groceries/en-GB/products/307160609,1687614275.547531,"['£1.45', '£0.72/each']",1.45,£0.72/each
2524,Tesco Plant Chef 12 Meat Free Balls 336G,https://www.tesco.com/groceries/en-GB/products/310686186,1687614275.622754,"['£2.30', '£6.84/kg']",2.3,£6.84/kg
2525,Tesco Scotch Egg 113G,https://www.tesco.com/groceries/en-GB/products/299965650,1687614275.6953092,"['£1.25', '£1.11/100g']",1.25,£1.11/100g
2526,Charlie Bigham's Spaghetti Carbonara 675G,https://www.tesco.com/groceries/en-GB/products/291253284,1687614275.815247,"['£9.50', '£1.41/100g']",9.5,£1.41/100g
2527,Charlie Bigham's Chicken & Ham En Croute 465G,https://www.tesco.com/groceries/en-GB/products/314586690,1687614275.913852,"['£9.50', '£20.43/kg']",9.5,£20.43/kg
2528,Tesco 2 Gammon Steaks With Rarebit Cheese Melt 300G,https://www.tesco.com/groceries/en-GB/products/309750179,1687614276.0137432,"['£4.50', '£15.00/kg']",4.5,£15.00/kg
2529,Tesco Maple & & Bourbon Pork Belly Slices 400G,https://www.tesco.com/groceries/en-GB/products/309489759,1687614276.095238,"['£5.00', '£12.50/kg']",5.0,£12.50/kg
2530,Innocent Guava Pineapple & Apple Smoothie 750 Ml,https://www.tesco.com/groceries/en-GB/products/307741199,1687614276.183179,"['£3.50', '£0.47/100ml']",3.5,£0.47/100ml
2531,Tesco Organic Mixed Nuts 200G,https://www.tesco.com/groceries/en-GB/products/258580504,1687614276.259798,"['£3.20', '£16.00/kg']",3.2,£16.00/kg
2532,Tesco Honey & Mustard Chicken Pasta 300G,https://www.tesco.com/groceries/en-GB/products/254501341,1687614276.344685,"['£2.75', '£0.92/100g']",2.75,£0.92/100g
2533,Sheese Mild Cheddar Style Cheese Alternative 200G,https://www.tesco.com/groceries/en-GB/products/309171531,1687614276.4408908,"['£2.50', '£12.50/kg']",2.5,£12.50/kg
2534,Wicked Kitchen 2 Jalapeno Griller Patties 226G,https://www.tesco.com/groceries/en-GB/products/304385509,1687614276.519031,"['£3.00', '£13.27/kg']",3.0,£13.27/kg
2535,Holy Moly Minis Guacamole Original 3X57g,https://www.tesco.com/groceries/en-GB/products/310680716,1687614276.598528,"['£2.70', '£1.58/100g']",2.7,£1.58/100g
2536,Quorn Vegan Roast Beef Style Slices 105G,https://www.tesco.com/groceries/en-GB/products/312346505,1687614276.6722748,"['£3.00', '£2.86/100g']",3.0,£2.86/100g
2537,The Collective Kefir Natural Milk Drink 500Ml,https://www.tesco.com/groceries/en-GB/products/305979515,1687614276.7462661,"['£2.35', '£0.47/100ml']",2.35,£0.47/100ml
2538,Tesco Pepperoni Pasta Bake 750G,https://www.tesco.com/groceries/en-GB/products/310685803,1687614276.842377,"['£4.00', '£5.33/kg']",4.0,£5.33/kg
2539,Bol Sweet Potato Katsu Curry Power Pot 450G,https://www.tesco.com/groceries/en-GB/products/310190288,1687614276.918855,"['£2.80', '£6.22/kg']",2.8,£6.22/kg
2540,Tesco Pesto Pasta 400G,https://www.tesco.com/groceries/en-GB/products/310658519,1687614277.019163,"['£3.00', '£7.50/kg']",3.0,£7.50/kg
2541,Eatlean Protein Cheese Grated 180G,https://www.tesco.com/groceries/en-GB/products/297794503,1687614277.1232991,"['£2.00', '£11.11/kg']",2.0,£11.11/kg
2542,The Artisan Bread Company Garlic & Chilli Flatbread 75G,https://www.tesco.com/groceries/en-GB/products/302744055,1687614277.217471,"['£1.80', '£2.40/100g']",1.8,£2.40/100g
2543,Shaken Udder Vanillalicious Milkshake 750Ml,https://www.tesco.com/groceries/en-GB/products/309460713,1687614277.338408,"['£2.45', '£0.33/100ml']",2.45,£0.33/100ml
2544,Tesco Finest Nduja 70G,https://www.tesco.com/groceries/en-GB/products/309455501,1687614284.038892,"['£2.40', '£3.43/100g']",2.4,£3.43/100g
2545,Tesco Pink Lady Apple Pot 80G,https://www.tesco.com/groceries/en-GB/products/301513394,1687614284.176428,"['£1.25', '£15.62/kg']",1.25,£15.62/kg
2546,Ribena Blackcurrant Really Light 500Ml Bottle,https://www.tesco.com/groceries/en-GB/products/256538277,1687614284.3429692,"['£1.49', '£0.30/100ml']",1.49,£0.30/100ml
2547,Lucozade Original 500Ml,https://www.tesco.com/groceries/en-GB/products/250792387,1687614284.511039,"['£1.69', '£0.34/100ml']",1.69,£0.34/100ml
2548,Tesco Bbq Chicken With Jasmine Rice 400G,https://www.tesco.com/groceries/en-GB/products/310677773,1687614284.692443,"['£3.00', '£7.50/kg']",3.0,£7.50/kg
2549,Peperami Roasted Chicken Bites 4X25g,https://www.tesco.com/groceries/en-GB/products/311256360,1687614284.822455,"['£2.00', '£2.00/100g']",2.0,£2.00/100g
2550,Rose Bouquet (Red & Orange),https://www.tesco.com/groceries/en-GB/products/293369835,1687614284.957878,"['£5.00', '£5.00/each']",5.0,£5.00/each
2551,Evian Natural Mineral Water 500Ml,https://www.tesco.com/groceries/en-GB/products/252168830,1687614285.107671,"['£0.90', '£0.18/100ml']",0.9,£0.18/100ml
2552,Tesco Salad Cheese Garlic & Herb Marinade 100G,https://www.tesco.com/groceries/en-GB/products/312101527,1687614285.2714791,"['£1.20', '£12.00/kg']",1.2,£12.00/kg
2553,Tesco Finest Deli Chicken Breast Chorizo Stuffing 108G,https://www.tesco.com/groceries/en-GB/products/312209260,1687614285.366699,"['£3.25', '£3.01/100g']",3.25,£3.01/100g
2554,Tesco Finest Slow Cooked Beef Bourguignon 540G,https://www.tesco.com/groceries/en-GB/products/309461165,1687614285.505806,"['£8.50', '£15.74/kg']",8.5,£15.74/kg
2555,Innocent Blue Spark Super Smoothie 750Ml,https://www.tesco.com/groceries/en-GB/products/305524708,1687614285.604851,"['£4.50', '£0.60/100ml']",4.5,£0.60/100ml
2556,Tesco Meal For 1 Chicken Jalfrezi 500G,https://www.tesco.com/groceries/en-GB/products/312091644,1687614285.701859,"['£3.75', '£7.50/kg']",3.75,£7.50/kg
2557,Tesco Tikka Cooked Chicken Breast Thins 180G,https://www.tesco.com/groceries/en-GB/products/303695076,1687614285.799253,"['£3.65', '£2.03/100g']",3.65,£2.03/100g
2558,Gu Tiramisu Dessert 2X85g,https://www.tesco.com/groceries/en-GB/products/311946125,1687614285.8966908,"['£3.75', '£2.21/100g']",3.75,£2.21/100g
2559,President A La Carte Crispy Bake With Brie 6X25g,https://www.tesco.com/groceries/en-GB/products/306651982,1687614285.99228,"['£3.15', '£21.00/kg']",3.15,£21.00/kg
2560,Gressingham Spatchcock Poussin 450G,https://www.tesco.com/groceries/en-GB/products/266804039,1687614286.088059,"['£4.20', '£9.33/kg']",4.2,£9.33/kg
2561,Bottle Green 2 X 750Ml,https://www.tesco.com/groceries/en-GB/products/268328146,1687614286.1852102,"['£5.80', '£0.39/100ml']",5.8,£0.39/100ml
2562,Quorn Sweet Chilli Mini Fillets 138G,https://www.tesco.com/groceries/en-GB/products/311681610,1687614286.324808,"['£3.00', '£21.74/kg']",3.0,£21.74/kg
2563,Najma Premium Smoked Turkey Rashers 130G,https://www.tesco.com/groceries/en-GB/products/312697538,1687614286.421658,"['£3.00', '£2.31/100g']",3.0,£2.31/100g
2564,Ben & Jerry's Non Dairy Chocolate Fudge Brownie Ice Cream 465Ml,https://www.tesco.com/groceries/en-GB/products/305957392,1687614286.519595,"['£5.00', '£1.08/100ml']",5.0,£1.08/100ml
2565,Tesco Piri Piri Spatchcock Chicken 1.20Kg,https://www.tesco.com/groceries/en-GB/products/266306623,1687614286.618176,"['£5.45', '£4.54/kg']",5.45,£4.54/kg
2566,Tesco Chilli & Lime King Prawns 150G,https://www.tesco.com/groceries/en-GB/products/305530401,1687614286.71607,"['£3.75', '£25.00/kg']",3.75,£25.00/kg
2567,Tesco Calorie Controlled Spaghetti Carbonara 380G,https://www.tesco.com/groceries/en-GB/products/312236342,1687614286.812135,"['£3.00', '£7.90/kg']",3.0,£7.90/kg
2568,Higgidy Feta & Red Pepper Mini Rolls 160G,https://www.tesco.com/groceries/en-GB/products/303860693,1687614286.944736,"['£3.30', '£2.06/100g']",3.3,£2.06/100g
2569,Tesco Calorie Controlled Beef Lasagne 380G,https://www.tesco.com/groceries/en-GB/products/311802486,1687614287.049776,"['£3.00', '£7.90/kg']",3.0,£7.90/kg
2570,Tesco Tuna & Sweetcorn Sandwich,https://www.tesco.com/groceries/en-GB/products/265853039,1687614287.184675,"['£2.10', '£2.10/each']",2.1,£2.10/each
2571,Alpro Barista Oat Chilled Drink 750Ml,https://www.tesco.com/groceries/en-GB/products/309187115,1687614287.314507,"['£2.10', '£2.80/litre']",2.1,£2.80/litre
2572,Beretta Prosciutto Di San Daniele 90G,https://www.tesco.com/groceries/en-GB/products/313841015,1687614287.4085052,"['£3.50', '£38.89/kg']",3.5,£38.89/kg
2573,Glaceau Smartwater Sport Cap 850Ml,https://www.tesco.com/groceries/en-GB/products/293541591,1687614287.504214,"['£1.30', '£0.15/100ml']",1.3,£0.15/100ml
2574,Tesco Chicken & Bacon Layered Salad 290G,https://www.tesco.com/groceries/en-GB/products/303674907,1687614287.6710908,"['£2.75', '£0.95/100g']",2.75,£0.95/100g
2575,Bonne Maman Clementine Mousse 2X70g,https://www.tesco.com/groceries/en-GB/products/311781169,1687614287.833599,"['£2.20', '£1.57/100g']",2.2,£1.57/100g
2576,Tesco Strawberry Jam Victoria Sponge 360G,https://www.tesco.com/groceries/en-GB/products/297297412,1687614287.9729228,"['£3.10', '£0.86/100g']",3.1,£0.86/100g
2577,Purdeys Rejuvenation Fruit Drink 330Ml,https://www.tesco.com/groceries/en-GB/products/272855015,1687614288.0785952,"['£1.50', '£0.46/100ml']",1.5,£0.46/100ml
2578,Tesco Raisins & Sultanas 5 Bags 100G,https://www.tesco.com/groceries/en-GB/products/311275550,1687614288.265428,"['£1.00', '£10.00/kg']",1.0,£10.00/kg
2579,Tesco Carrot Sweetcorn & Peas Layered Vegetable 355G,https://www.tesco.com/groceries/en-GB/products/301217255,1687614288.3827798,"['£2.00', '£5.63/kg']",2.0,£5.63/kg
2580,Tesco Grapes 110G,https://www.tesco.com/groceries/en-GB/products/308082528,1687614288.532448,"['£1.25', '£11.36/kg']",1.25,£11.36/kg
2581,Small Rose Bouquet (Red & Orange),https://www.tesco.com/groceries/en-GB/products/293438070,1687614288.858437,"['£3.00', '£3.00/each']",3.0,£3.00/each
2582,Shaken Udder Chocolush Milkshake 330Ml,https://www.tesco.com/groceries/en-GB/products/268891449,1687614288.962358,"['£1.60', '£0.48/100ml']",1.6,£0.48/100ml
2583,Tesco Crustless Spinach Edamame Kale Quiche 160G,https://www.tesco.com/groceries/en-GB/products/299982813,1687614289.063485,"['£1.70', '£1.06/100g']",1.7,£1.06/100g
2584,Capri Sun Orange 330Ml,https://www.tesco.com/groceries/en-GB/products/262253149,1687614289.2179992,"['£1.30', '£0.39/100ml']",1.3,£0.39/100ml
2585,Get More Vitamin D 500 Ml,https://www.tesco.com/groceries/en-GB/products/278002866,1687614289.423011,"['£1.25', '£0.25/100ml']",1.25,£0.25/100ml
2586,Piatnica Vanilla Fromage Frais 150G,https://www.tesco.com/groceries/en-GB/products/313368627,1687614289.5999758,"['£0.85', '£0.57/100g']",0.85,£0.57/100g
2587,Yeo Valley Organic Little Yeos No Added Sugar Banana Yogurt 4X85g,https://www.tesco.com/groceries/en-GB/products/312576019,1687614289.79468,"['£2.00', '£0.59/100g']",2.0,£0.59/100g
2588,Gressingham Duck Fillets 250G,https://www.tesco.com/groceries/en-GB/products/268913536,1687614289.9314718,"['£4.95', '£19.80/kg']",4.95,£19.80/kg
2589,Tesco Finest Thick Cut Sirloin Steak 350G,https://www.tesco.com/groceries/en-GB/products/309498605,1687614290.0964081,"['£8.40', '£24.00/kg']",8.4,£24.00/kg
2590,Tesco Sausage Roll 90G,https://www.tesco.com/groceries/en-GB/products/305945855,1687614290.193653,"['£1.25', '£1.39/100g']",1.25,£1.39/100g
2591,Deliciously Ella Chocolate Orange Almonds 27G,https://www.tesco.com/groceries/en-GB/products/311945063,1687614290.363092,"['£1.00', '£3.70/100g']",1.0,£3.70/100g
2592,Fanta Lemon 500Ml,https://www.tesco.com/groceries/en-GB/products/252062033,1687614297.339634,"['£1.70', '£0.34/100ml']",1.7,£0.34/100ml
2593,Welch's Purple Grape Juice 1 Litre,https://www.tesco.com/groceries/en-GB/products/253404930,1687614297.4775958,"['£2.80', '£0.28/100ml']",2.8,£0.28/100ml
2594,Vita Coco 100% Natural Coconut Water 500Ml,https://www.tesco.com/groceries/en-GB/products/274623051,1687614297.590104,"['£2.49', '£0.50/100ml']",2.49,£0.50/100ml
2595,Tesco Potato Chips 450G,https://www.tesco.com/groceries/en-GB/products/293943576,1687614297.7191,"['£2.50', '£5.56/kg']",2.5,£5.56/kg
2596,The Delicious Dessert Company Triple Chocolate Eclairs 2 Pack,https://www.tesco.com/groceries/en-GB/products/311781359,1687614297.816538,"['£2.25', '£1.12/each']",2.25,£1.12/each
2597,Coke Zero 4X250ml,https://www.tesco.com/groceries/en-GB/products/298025503,1687614297.89258,"['£4.20', '£0.42/100ml']",4.2,£0.42/100ml
2598,Diet Coke Caffeine Free 500Ml,https://www.tesco.com/groceries/en-GB/products/251616826,1687614297.9911559,"['£1.59', '£0.32/100ml']",1.59,£0.32/100ml
2599,Strings & Things Cheeshapes 4 X 18.75G,https://www.tesco.com/groceries/en-GB/products/311441097,1687614298.113458,"['£1.75', '£23.33/kg']",1.75,£23.33/kg
2600,"Tesco Melon,Grapes, Kiwi, Strawberries & Pomegranate 275G",https://www.tesco.com/groceries/en-GB/products/311211822,1687614298.186193,"['£2.25', '£8.18/kg']",2.25,£8.18/kg
2601,"Tesco Kiwi, Melon & Strawberries 250G (C)",https://www.tesco.com/groceries/en-GB/products/311443985,1687614298.263208,"['£2.25', '£9.00/kg']",2.25,£9.00/kg
2602,Alpro Hazelnut Chilled Drink 1Litre,https://www.tesco.com/groceries/en-GB/products/272103606,1687614298.363014,"['£2.10', '£2.10/litre']",2.1,£2.10/litre
2603,Peperami Tikka Chicken Bites 4X25g,https://www.tesco.com/groceries/en-GB/products/312716707,1687614298.4614289,"['£2.00', '£2.00/100g']",2.0,£2.00/100g
2604,Tesco Coconut Chicken Curry & Jasmine Rice 400G,https://www.tesco.com/groceries/en-GB/products/310126251,1687614298.559725,"['£3.00', '£7.50/kg']",3.0,£7.50/kg
2605,Dairylea Ritz Dunkers 4X43g,https://www.tesco.com/groceries/en-GB/products/309758840,1687614298.6660402,"['£2.25', '£13.08/kg']",2.25,£13.08/kg
2606,Red Bull Energy Drink Sugar Free 473Ml,https://www.tesco.com/groceries/en-GB/products/298026024,1687614298.7657118,"['£2.30', '£0.49/100ml']",2.3,£0.49/100ml
2607,Tesco Scone Mix 320G,https://www.tesco.com/groceries/en-GB/products/256859070,1687614298.894509,"['£0.95', '£2.97/kg']",0.95,£2.97/kg
2608,Peperami Tikka Chicken Bites 50G,https://www.tesco.com/groceries/en-GB/products/313007704,1687614298.965427,"['£1.00', '£2.00/100g']",1.0,£2.00/100g
2609,Fridge Raiders Pizza Chicken Bites 70G,https://www.tesco.com/groceries/en-GB/products/313856257,1687614299.0370948,"['£1.00', '£1.43/100g']",1.0,£1.43/100g
2610,Charlie Bigham's Meatballs Al Forno 325G,https://www.tesco.com/groceries/en-GB/products/297955423,1687614299.109876,"['£6.00', '£18.46/kg']",6.0,£18.46/kg
2611,Tesco Five Bean Chilli & Potato Bake 750G,https://www.tesco.com/groceries/en-GB/products/310164055,1687614299.182116,"['£4.00', '£5.33/kg']",4.0,£5.33/kg
2612,The Gym Kitchen Thai Green Chicken Curry 400G,https://www.tesco.com/groceries/en-GB/products/312225171,1687614299.254975,"['£3.75', '£9.38/kg']",3.75,£9.38/kg
2613,Jolly Hog Smoked Bacon 200G,https://www.tesco.com/groceries/en-GB/products/305950186,1687614299.325433,"['£3.25', '£16.25/kg']",3.25,£16.25/kg
2614,Tesco Meat & Antipasti Sharing Platter 325G,https://www.tesco.com/groceries/en-GB/products/311203089,1687614299.4031029,"['£4.70', '£14.46/kg']",4.7,£14.46/kg
2615,Wicked Kitchen Mint Chocolate Chip Ice Dream Treat 500Ml,https://www.tesco.com/groceries/en-GB/products/307133868,1687614299.47647,"['£3.00', '£0.60/100ml']",3.0,£0.60/100ml
2616,Tesco Coronation Chicken Pieces Pieces 180G,https://www.tesco.com/groceries/en-GB/products/306827470,1687614299.551544,"['£3.00', '£1.67/100g']",3.0,£1.67/100g
2617,Black Farmer 6 Premium Pork Sausages 400G,https://www.tesco.com/groceries/en-GB/products/260169304,1687614299.6308322,"['£3.30', '£8.25/kg']",3.3,£8.25/kg
2618,Tesco Room To Roam British Chicken Drumsticks 1Kg,https://www.tesco.com/groceries/en-GB/products/308477511,1687614299.7061849,"['£3.40', '£3.40/kg']",3.4,£3.40/kg
2619,Tesco Peking Mini Ribs 300G,https://www.tesco.com/groceries/en-GB/products/308462049,1687614299.7803252,"['£3.10', '£10.33/kg']",3.1,£10.33/kg
2620,Tesco Chicken & Bacon Sub,https://www.tesco.com/groceries/en-GB/products/255420968,1687614299.8545039,"['£2.85', '£2.85/each']",2.85,£2.85/each
2621,Quorn Creamy Korma Bites 180G,https://www.tesco.com/groceries/en-GB/products/311676029,1687614299.961108,"['£2.50', '£1.39/100g']",2.5,£1.39/100g
2622,Prephouse White Wine & Mushroom Sauce 250G,https://www.tesco.com/groceries/en-GB/products/312834423,1687614300.0349991,"['£2.00', '£0.80/100g']",2.0,£0.80/100g
2623,Tesco Cheese & Pickle Sandwich,https://www.tesco.com/groceries/en-GB/products/300284515,1687614300.1071832,"['£2.10', '£2.10/each']",2.1,£2.10/each
2624,Tesco Finest 2 Thai Inspired Salmon & Cod F/Cakes 290G,https://www.tesco.com/groceries/en-GB/products/310654316,1687614300.20343,"['£3.00', '£10.34/kg']",3.0,£10.34/kg
2625,Tesco Finest Chicken In A Creamy Mushroom & Bacon Sauce 400G,https://www.tesco.com/groceries/en-GB/products/309751064,1687614300.297431,"['£6.50', '£16.25/kg']",6.5,£16.25/kg
2626,Tesco 8 Gouda & Pepperoni Rollitos 88G,https://www.tesco.com/groceries/en-GB/products/311269805,1687614300.3961852,"['£2.65', '£3.01/100g']",2.65,£3.01/100g
2627,Tesco Super Rocky Road Sundae 200G,https://www.tesco.com/groceries/en-GB/products/297005857,1687614300.50424,"['£1.80', '£0.90/100g']",1.8,£0.90/100g
2628,The Jolly Hog Outdoor Bred Roasted Ham 100G,https://www.tesco.com/groceries/en-GB/products/309784179,1687614300.583411,"['£3.25', '£3.25/100g']",3.25,£3.25/100g
2629,Innocent Mangoes Passion Fruit 250Ml,https://www.tesco.com/groceries/en-GB/products/253845275,1687614300.680177,"['£2.00', '£0.80/100ml']",2.0,£0.80/100ml
2630,Beretta Prosciutto Crudo Truffle 80G,https://www.tesco.com/groceries/en-GB/products/309785225,1687614300.8086112,"['£2.00', '£2.50/100g']",2.0,£2.50/100g
2631,Shaken Udder Strawberries & Clotted Cream Milkshake 750Ml,https://www.tesco.com/groceries/en-GB/products/305965917,1687614300.8885372,"['£2.45', '£0.33/100ml']",2.45,£0.33/100ml
2632,Tesco Finest Oak Smoked Peppercorn Mature Cheddar Slices 150G,https://www.tesco.com/groceries/en-GB/products/311947769,1687614300.983383,"['£2.75', '£18.33/kg']",2.75,£18.33/kg
2633,Tesco Deli Meat Feast Sub,https://www.tesco.com/groceries/en-GB/products/299970171,1687614301.078024,"['£2.85', '£2.85/each']",2.85,£2.85/each
2634,Shaken Udder Vanilla-Licious Milkshake 330Ml,https://www.tesco.com/groceries/en-GB/products/268890865,1687614301.181509,"['£1.60', '£0.48/100ml']",1.6,£0.48/100ml
2635,Tesco Peking Bbq Pork Rib Rack 460G,https://www.tesco.com/groceries/en-GB/products/303013781,1687614301.252588,"['£4.50', '£9.78/kg']",4.5,£9.78/kg
2636,Lisner Herring Creamy Sauce 280G,https://www.tesco.com/groceries/en-GB/products/264801783,1687614301.349482,"['£1.85', '£6.61/kg']",1.85,£6.61/kg
2637,Yazoo Max Chocolate Refresh 300Ml,https://www.tesco.com/groceries/en-GB/products/289287154,1687614301.4210901,"['£0.95', '£0.32/100ml']",0.95,£0.32/100ml
2638,Rose Bouquet (White),https://www.tesco.com/groceries/en-GB/products/296029780,1687614301.577496,"['£5.00', '£5.00/each']",5.0,£5.00/each
2639,Graze Dark Chocolate Cherry Tart 40G,https://www.tesco.com/groceries/en-GB/products/293333060,1687614301.666124,"['£1.20', '£3.00/100g']",1.2,£3.00/100g
2640,Tesco Vegetable Sushi Snack 55G,https://www.tesco.com/groceries/en-GB/products/305975986,1687614308.571315,"['£1.25', '£2.27/100g']",1.25,£2.27/100g
2641,Tesco Hoisin Duck Sushi 57G,https://www.tesco.com/groceries/en-GB/products/303675814,1687614308.702157,"['£1.25', '£2.19/100g']",1.25,£2.19/100g
2642,Nestle White Lion Bar Duo Pack 60G,https://www.tesco.com/groceries/en-GB/products/306859063,1687614308.832482,"['£1.00', '£1.67/100g']",1.0,£1.67/100g
2643,Tesco Meat & Vegetable 5% Fat Chicken Mince 500G,https://www.tesco.com/groceries/en-GB/products/309497376,1687614308.9544551,"['£2.00', '£4.00/kg']",2.0,£4.00/kg
2644,Tesco Plant Chef 6 Mini Savoury Pies 300G,https://www.tesco.com/groceries/en-GB/products/307736783,1687614309.026515,"['£2.45', '£0.82/100g']",2.45,£0.82/100g
2645,Tesco Organic 2 Boneless Salmon Fillets 265G,https://www.tesco.com/groceries/en-GB/products/305528975,1687614309.105452,"['£7.95', '£30.00/kg']",7.95,£30.00/kg
2646,Tesco Trio Of Spanish Olives 300G,https://www.tesco.com/groceries/en-GB/products/310139437,1687614309.1785338,"['£3.75', '£1.25/100g']",3.75,£1.25/100g
2647,Tesco Pesto Pasta 465G,https://www.tesco.com/groceries/en-GB/products/310105800,1687614309.250328,"['£3.30', '£0.01/kg']",3.3,£0.01/kg
2648,Noel Fuet Catalan 170G,https://www.tesco.com/groceries/en-GB/products/307750120,1687614309.3218849,"['£3.00', '£1.76/100g']",3.0,£1.76/100g
2649,Gu Strawberry & Clotted Cream Cheesecake 2X87g,https://www.tesco.com/groceries/en-GB/products/306659609,1687614309.3940322,"['£3.75', '£2.16/100g']",3.75,£2.16/100g
2650,Tesco Chicken Jalfrezi 400G,https://www.tesco.com/groceries/en-GB/products/310681681,1687614309.468831,"['£4.00', '£10.00/kg']",4.0,£10.00/kg
2651,The Gym Kitchen Chicken Tikka 400G,https://www.tesco.com/groceries/en-GB/products/312351821,1687614309.5600388,"['£3.75', '£9.38/kg']",3.75,£9.38/kg
2652,Tesco Chicken Madras 400G,https://www.tesco.com/groceries/en-GB/products/310139495,1687614309.633971,"['£4.00', '£10.00/kg']",4.0,£10.00/kg
2653,The Gym Kitchen Piri Piri Chicken 400G,https://www.tesco.com/groceries/en-GB/products/312358514,1687614309.70646,"['£3.75', '£9.38/kg']",3.75,£9.38/kg
2654,Tesco Finest British Triple Cheese Bake 300G,https://www.tesco.com/groceries/en-GB/products/312227664,1687614309.777514,"['£6.00', '£20.00/kg']",6.0,£20.00/kg
2655,Jolly Hog Unsmoked Bacon 200G,https://www.tesco.com/groceries/en-GB/products/305945348,1687614309.850442,"['£3.25', '£16.25/kg']",3.25,£16.25/kg
2656,Bonne Maman Baba Rhum 2X 140G,https://www.tesco.com/groceries/en-GB/products/285693848,1687614309.9226549,"['£3.20', '£1.14/100g']",3.2,£1.14/100g
2657,This Isn't Beef Plant Based Mince 250G,https://www.tesco.com/groceries/en-GB/products/312582714,1687614309.994448,"['£3.30', '£13.20/kg']",3.3,£13.20/kg
2658,Califia Farms Mocha Cold Coffee With Almond 750Ml,https://www.tesco.com/groceries/en-GB/products/304370983,1687614310.074471,"['£2.95', '£0.39/100ml']",2.95,£0.39/100ml
2659,Squeaky Bean Spanish Chorizo Style Slices 90G,https://www.tesco.com/groceries/en-GB/products/310116539,1687614310.1470048,"['£2.85', '£31.67/kg']",2.85,£31.67/kg
2660,Hearty Food Co. Sweet & Sour Chicken & Rice 450G,https://www.tesco.com/groceries/en-GB/products/308869399,1687614310.218538,"['£2.49', '£5.53/kg']",2.49,£5.53/kg
2661,Richmond 12 Meat Free Meatballs 264G,https://www.tesco.com/groceries/en-GB/products/310147341,1687614310.2923589,"['£2.50', '£9.47/kg']",2.5,£9.47/kg
2662,Bol Roasted Red Pepper & Tomato Power Soup 600G,https://www.tesco.com/groceries/en-GB/products/309181997,1687614310.3631449,"['£3.30', '£0.55/100g']",3.3,£0.55/100g
2663,Petits Filous No Added Sugar Raspberry & Apple Yogurt Drink 4X100g,https://www.tesco.com/groceries/en-GB/products/308456041,1687614310.459826,"['£2.25', '£0.56/100g']",2.25,£0.56/100g
2664,"Tesco Calorie Controlled Chicken , Broad Bean & Pea Risotto 380G",https://www.tesco.com/groceries/en-GB/products/311781808,1687614310.581449,"['£3.00', '£0.79/100g']",3.0,£0.79/100g
2665,Petit Filous Vitamin Rich Apricot Peach & Carrot 4X100g,https://www.tesco.com/groceries/en-GB/products/311949370,1687614310.7096808,"['£2.25', '£0.56/100g']",2.25,£0.56/100g
2666,Tesco Finest Porchetta 120G,https://www.tesco.com/groceries/en-GB/products/272824674,1687614310.783863,"['£2.40', '£2.00/100g']",2.4,£2.00/100g
2667,Gu Double Chocolate & Vanilla Cheesecake Desserts 2X82g,https://www.tesco.com/groceries/en-GB/products/310114714,1687614310.8959339,"['£3.75', '£2.29/100g']",3.75,£2.29/100g
2668,Innocent Citrus Shield Juice 750Ml,https://www.tesco.com/groceries/en-GB/products/303415144,1687614311.001377,"['£3.80', '£0.51/100ml']",3.8,£0.51/100ml
2669,Tesco Bbq Pork Riblets 300G,https://www.tesco.com/groceries/en-GB/products/301745279,1687614311.104395,"['£3.50', '£11.67/kg']",3.5,£11.67/kg
2670,Herta 4 Chicken Frankfurter Hot Dog 140G,https://www.tesco.com/groceries/en-GB/products/306731939,1687614311.207935,"['£1.60', '£1.14/100g']",1.6,£1.14/100g
2671,Small Rose Bouquet (Yellow),https://www.tesco.com/groceries/en-GB/products/296029842,1687614311.2872949,"['£3.00', '£3.00/each']",3.0,£3.00/each
2672,Lucozade Energy Orange 500Ml,https://www.tesco.com/groceries/en-GB/products/263850201,1687614311.376579,"['£1.69', '£0.34/100ml']",1.69,£0.34/100ml
2673,Tesco Strawberry Sundae 125G,https://www.tesco.com/groceries/en-GB/products/269031695,1687614311.5119622,"['£1.35', '£1.08/100g']",1.35,£1.08/100g
2674,Tesco Finest Chicken Tikka Samosa 4 Pack 96G,https://www.tesco.com/groceries/en-GB/products/309778741,1687614311.588004,"['£2.75', '£28.65/kg']",2.75,£28.65/kg
2675,Lucozade Sport Orange Still 500Ml,https://www.tesco.com/groceries/en-GB/products/255231748,1687614311.66896,"['£1.70', '£0.34/100ml']",1.7,£0.34/100ml
2676,Peperami Red Hot Stick 22.5G,https://www.tesco.com/groceries/en-GB/products/296747717,1687614311.809131,"['£1.25', '£5.56/100g']",1.25,£5.56/100g
2677,"Tesco Bbq Chicken, Bacon & Cheese Sandwich",https://www.tesco.com/groceries/en-GB/products/305950687,1687614311.99329,"['£2.60', '£2.60/each']",2.6,£2.60/each
2678,Red Bull Sugar Free Energy Drink 250Ml,https://www.tesco.com/groceries/en-GB/products/256128751,1687614312.092603,"['£1.40', '£0.56/100ml']",1.4,£0.56/100ml
2679,Tesco Organic Raspberries 150G,https://www.tesco.com/groceries/en-GB/products/309450846,1687614312.235608,"['£2.60', '£17.33/kg']",2.6,£17.33/kg
2680,Tesco Finest 2 Beef Rump Steaks 510G,https://www.tesco.com/groceries/en-GB/products/308483117,1687614312.313246,"['£12.95', '£25.39/kg']",12.95,£25.39/kg
2681,Tesco Green & Black Olives With Feta 300G,https://www.tesco.com/groceries/en-GB/products/307341269,1687614312.3858292,"['£4.50', '£1.50/100g']",4.5,£1.50/100g
2682,Tesco Italian Nocellara Olives 160G,https://www.tesco.com/groceries/en-GB/products/310107631,1687614312.45843,"['£3.50', '£2.19/100g']",3.5,£2.19/100g
2683,Tesco Greek Kalamata Olives 150G,https://www.tesco.com/groceries/en-GB/products/302284852,1687614312.561882,"['£3.50', '£2.33/100g']",3.5,£2.33/100g
2684,Tesco Coronation Chicken Pasta Salad 465G,https://www.tesco.com/groceries/en-GB/products/303272899,1687614312.636139,"['£3.30', '£0.71/100g']",3.3,£0.71/100g
2685,Tesco Rhubarb Crumble 500G,https://www.tesco.com/groceries/en-GB/products/312210332,1687614312.7218409,"['£3.55', '£0.71/100g']",3.55,£0.71/100g
2686,Tgi Smoked Pork Ribs With Bourbon Bbq Sauce 450G,https://www.tesco.com/groceries/en-GB/products/304415845,1687614312.898682,"['£5.50', '£12.22/kg']",5.5,£12.22/kg
2687,Tesco Finest Beef Mushroom & Red Wine Ravioli 250G,https://www.tesco.com/groceries/en-GB/products/305961870,1687614312.9727402,"['£3.25', '£13.00/kg']",3.25,£13.00/kg
2688,Actimel 100% Dairy Free Blueberry Yogurt 6X100g,https://www.tesco.com/groceries/en-GB/products/307133776,1687614320.3659132,"['£3.75', '£0.62/100g']",3.75,£0.62/100g
2689,This Isn't Pork Plant Based Sausages 270G,https://www.tesco.com/groceries/en-GB/products/312705369,1687614320.468307,"['£3.50', '£12.96/kg']",3.5,£12.96/kg
2690,Tesco Chicken & Black Bean Meal For One 500G,https://www.tesco.com/groceries/en-GB/products/312083533,1687614320.544926,"['£3.75', '£7.50/kg']",3.75,£7.50/kg
2691,City Kitchen Chicken Katsu Curry 380G,https://www.tesco.com/groceries/en-GB/products/307732849,1687614320.621821,"['£3.80', '£9.50/kg']",3.8,£9.50/kg
2692,Quorn Tikka Masala With Rice 400G,https://www.tesco.com/groceries/en-GB/products/312226170,1687614320.692859,"['£3.50', '£8.75/kg']",3.5,£8.75/kg
2693,Benecol Dairy Free Tropical Drink 6 X 65.5G,https://www.tesco.com/groceries/en-GB/products/262162245,1687614320.769024,"['£4.30', '£1.09/100g']",4.3,£1.09/100g
2694,Pukka Just For Two Steak & Ale Pie,https://www.tesco.com/groceries/en-GB/products/312838197,1687614320.8750541,"['£3.50', '£3.50/each']",3.5,£3.50/each
2695,Califia Farms Xx Espresso Cold Brew Dairy Free Coffee 750Ml,https://www.tesco.com/groceries/en-GB/products/304395556,1687614320.9483168,"['£2.95', '£0.39/100ml']",2.95,£0.39/100ml
2696,Tesco Roast In Tray Minted Lamb Leg Joint 511G,https://www.tesco.com/groceries/en-GB/products/306656061,1687614321.028453,"['£9.35', '£18.30/kg']",9.35,£18.30/kg
2697,Nomadic Ayran Natural Yogurt Drink 1 Litre,https://www.tesco.com/groceries/en-GB/products/268578971,1687614321.103461,"['£2.00', '£0.20/100ml']",2.0,£0.20/100ml
2698,Pizza Express Pollo Pasta Chicken 650G,https://www.tesco.com/groceries/en-GB/products/312365972,1687614321.178411,"['£6.30', '£0.97/100g']",6.3,£0.97/100g
2699,Coconut Collaborative Dairy Free Salted Caramel 4X45g,https://www.tesco.com/groceries/en-GB/products/300876656,1687614321.274781,"['£2.95', '£1.64/100g']",2.95,£1.64/100g
2700,Bol Piri Piri Sweet Potato & Coconut Power Pot 450G,https://www.tesco.com/groceries/en-GB/products/309186151,1687614321.372267,"['£2.80', '£6.22/kg']",2.8,£6.22/kg
2701,Higgidy Mini No-Pork Pies 4 Pack 176G,https://www.tesco.com/groceries/en-GB/products/308490051,1687614321.4673889,"['£3.40', '£1.93/100g']",3.4,£1.93/100g
2702,Innocent Wonder Green Juice 750Ml,https://www.tesco.com/groceries/en-GB/products/303415167,1687614321.562946,"['£3.80', '£0.51/100ml']",3.8,£0.51/100ml
2703,Tesco Southern Fried Chicken Sub,https://www.tesco.com/groceries/en-GB/products/299970159,1687614321.661105,"['£2.85', '£2.85/each']",2.85,£2.85/each
2704,Tesco Tuna Crunch Sandwich,https://www.tesco.com/groceries/en-GB/products/292797525,1687614321.7612858,"['£1.50', '£1.50/each']",1.5,£1.50/each
2705,"Tesco Kiwi, Melon & Strawberries 250G",https://www.tesco.com/groceries/en-GB/products/311209097,1687614321.856311,"['£2.25', '£9.00/kg']",2.25,£9.00/kg
2706,The Artisan Bread Company Fornaccini Rosemary Crackers 100G,https://www.tesco.com/groceries/en-GB/products/311444707,1687614321.929609,"['£1.60', '£1.60/100g']",1.6,£1.60/100g
2707,Tesco 8 Turkey Sausages 454G,https://www.tesco.com/groceries/en-GB/products/312364224,1687614322.0367548,"['£2.90', '£6.39/kg']",2.9,£6.39/kg
2708,Sma Little Steps Plantygrow Drink 1-3 Years 200Ml,https://www.tesco.com/groceries/en-GB/products/312098412,1687614322.109987,"['£0.85', '£4.25/litre']",0.85,£4.25/litre
2709,Tesco Sweet & Sour & Chow Mein Chicken Meal For 2 995G,https://www.tesco.com/groceries/en-GB/products/313955013,1687614322.205216,"['£8.50', '£8.90/kg']",8.5,£8.90/kg
2710,Tesco Thai Green & Red Chicken Curry Meal For 2 975G,https://www.tesco.com/groceries/en-GB/products/313838170,1687614322.277916,"['£8.50', '£8.72/kg']",8.5,£8.72/kg
2711,Tesco Finest Fruit & Nut 190G,https://www.tesco.com/groceries/en-GB/products/302676982,1687614322.3515399,"['£3.50', '£18.42/kg']",3.5,£18.42/kg
2712,Tesco Finest Smoked Wiltshire Cure Gammon Steaks 460G,https://www.tesco.com/groceries/en-GB/products/268500846,1687614322.4250638,"['£6.20', '£13.48/kg']",6.2,£13.48/kg
2713,Actimel 100% Dairy Free Strawberry Yogurt 6 X 100G,https://www.tesco.com/groceries/en-GB/products/312111294,1687614322.5025458,"['£3.75', '£0.62/100g']",3.75,£0.62/100g
2714,Tesco Organic Walnuts 100G,https://www.tesco.com/groceries/en-GB/products/261834005,1687614322.5780292,"['£3.20', '£32.00/kg']",3.2,£32.00/kg
2715,Kirstys Lentil Cottage Pie 400G,https://www.tesco.com/groceries/en-GB/products/305949436,1687614322.652436,"['£3.50', '£8.75/kg']",3.5,£8.75/kg
2716,Quorn Sweet & Sour With Rice 400G,https://www.tesco.com/groceries/en-GB/products/312230187,1687614322.725644,"['£3.50', '£8.75/kg']",3.5,£8.75/kg
2717,Tesco Sweet Chilli Chicken Wrap,https://www.tesco.com/groceries/en-GB/products/266385672,1687614322.795383,"['£2.85', '£2.85/each']",2.85,£2.85/each
2718,Crackd The No-Egg Egg Replacer 346G,https://www.tesco.com/groceries/en-GB/products/311935187,1687614322.889892,"['£3.00', '£8.67/kg']",3.0,£8.67/kg
2719,Petits Filous Dairy Free Apricot 4X95g,https://www.tesco.com/groceries/en-GB/products/308852614,1687614322.966503,"['£2.50', '£0.66/100g']",2.5,£0.66/100g
2720,Squeaky Bean Roast Chicken Style Slices 80G,https://www.tesco.com/groceries/en-GB/products/311780268,1687614323.041945,"['£2.50', '£3.12/100g']",2.5,£3.12/100g
2721,Violife Smoky Cheddar Flavour Slices 200G,https://www.tesco.com/groceries/en-GB/products/308117627,1687614323.1155221,"['£2.75', '£13.75/kg']",2.75,£13.75/kg
2722,Tesco 18 Pork Sausages 1.022Kg,https://www.tesco.com/groceries/en-GB/products/312354651,1687614323.210998,"['£5.00', '£4.89/kg']",5.0,£4.89/kg
2723,Philadelphia Intense Herbes Provence Soft Cheese 140G,https://www.tesco.com/groceries/en-GB/products/312360038,1687614323.307146,"['£2.25', '£16.07/kg']",2.25,£16.07/kg
2724,Petit Filous Vitamin Rich Strawberry & Beetroot 4X100g,https://www.tesco.com/groceries/en-GB/products/312088787,1687614323.37869,"['£2.25', '£0.56/100g']",2.25,£0.56/100g
2725,Tesco Peas Broccoli & Green Beans 250G,https://www.tesco.com/groceries/en-GB/products/256111494,1687614323.455425,"['£2.25', '£9.00/kg']",2.25,£9.00/kg
2726,Tesco Piri Piri Smoked Mackerel Strips 200G,https://www.tesco.com/groceries/en-GB/products/299054708,1687614323.564172,"['£3.60', '£1.80/100g']",3.6,£1.80/100g
2727,Tesco Sausage & Mash Pie 750G,https://www.tesco.com/groceries/en-GB/products/310150808,1687614323.638456,"['£4.00', '£5.33/kg']",4.0,£5.33/kg
2728,Tesco Finest 2 Mini Beef Rump Joints 323G,https://www.tesco.com/groceries/en-GB/products/306809273,1687614323.736674,"['£5.50', '£17.03/kg']",5.5,£17.03/kg
2729,The Jolly Hog Outdoor Bred Black Treacle Ham 100G,https://www.tesco.com/groceries/en-GB/products/309489449,1687614323.806923,"['£3.25', '£3.25/100g']",3.25,£3.25/100g
2730,Innocent Bolt From Blue Juice 330Ml,https://www.tesco.com/groceries/en-GB/products/303415109,1687614323.915431,"['£2.15', '£0.65/100ml']",2.15,£0.65/100ml
2731,Diet Coke 4X250ml,https://www.tesco.com/groceries/en-GB/products/298025388,1687614324.038639,"['£4.20', '£0.42/100ml']",4.2,£0.42/100ml
2732,Tesco Goji Berries 100G,https://www.tesco.com/groceries/en-GB/products/262860352,1687614324.1329658,"['£1.85', '£18.50/kg']",1.85,£18.50/kg
2733,Tesco Lactose Free Mozzarella 210G,https://www.tesco.com/groceries/en-GB/products/295445644,1687614324.204797,"['£1.60', '£12.80/kg DR.WT']",1.6,£12.80/kg DR.WT
2734,Chop Lemongrass Puree 75G,https://www.tesco.com/groceries/en-GB/products/303817728,1687614324.279485,"['£1.30', '£0.17/10g']",1.3,£0.17/10g
2735,Tesco Organic Almonds 200 G,https://www.tesco.com/groceries/en-GB/products/266356851,1687614324.3499362,"['£3.20', '£16.00/kg']",3.2,£16.00/kg
2736,Tesco Katsu Chicken Breast Fillets 380G,https://www.tesco.com/groceries/en-GB/products/299957026,1687614330.0335119,"['£4.40', '£11.58/kg']",4.4,£11.58/kg
2737,Vimto Still 500Ml,https://www.tesco.com/groceries/en-GB/products/262080192,1687614330.155652,"['£1.15', '£0.23/100ml']",1.15,£0.23/100ml
2738,Tesco Plant Chef 8 Meat Free Smokey Rashers 150G,https://www.tesco.com/groceries/en-GB/products/311254707,1687614330.281427,"['£2.00', '£13.33/kg']",2.0,£13.33/kg
2739,Tesco Salad Cheese Topper With Chilli Marinade 100G,https://www.tesco.com/groceries/en-GB/products/312091932,1687614330.356311,"['£1.20', '£12.00/kg']",1.2,£12.00/kg
2740,Wicked Kitchen 6 Chorizo Style Bangers 350G,https://www.tesco.com/groceries/en-GB/products/305963954,1687614330.429684,"['£3.00', '£8.57/kg']",3.0,£8.57/kg
2742,Pukka Steak Slice 170G,https://www.tesco.com/groceries/en-GB/products/311961354,1687614330.58356,"['£1.75', '£1.03/100g']",1.75,£1.03/100g
2743,Bear Pure Fruit Yoyos Strawberry 20G,https://www.tesco.com/groceries/en-GB/products/279344603,1687614330.6796942,"['£0.60', '£3.00/100g']",0.6,£3.00/100g
2744,Charlie Bigham's Coq Au Vin 805G,https://www.tesco.com/groceries/en-GB/products/311954651,1687614330.809147,"['£9.50', '£11.80/kg']",9.5,£11.80/kg
2745,Charlie Bigham's Moussaka For Two 655G,https://www.tesco.com/groceries/en-GB/products/291243320,1687614330.90781,"['£9.50', '£14.50/kg']",9.5,£14.50/kg
2746,Tesco Halkidiki Olives With Lemon & Garlic 130G,https://www.tesco.com/groceries/en-GB/products/306809100,1687614331.010926,"['£3.50', '£2.69/100g']",3.5,£2.69/100g
2747,Tesco Finest 2 Scottish Loch Trout Fillets 260G,https://www.tesco.com/groceries/en-GB/products/294070300,1687614331.087351,"['£6.00', '£23.08/kg']",6.0,£23.08/kg
2748,Dino's Famous Big Dogs 1030G,https://www.tesco.com/groceries/en-GB/products/297199776,1687614331.161935,"['£5.00', '£0.69/100g DR.WT']",5.0,£0.69/100g DR.WT
2749,Tesco 12 Mozzarella Sticks 240G,https://www.tesco.com/groceries/en-GB/products/299956091,1687614331.236407,"['£3.50', '£0.02/kg']",3.5,£0.02/kg
2750,Tesco Loaded Hot Chocolate & Caramel Fudge Cake 385G,https://www.tesco.com/groceries/en-GB/products/310688973,1687614331.315774,"['£4.00', '£1.04/100g']",4.0,£1.04/100g
2751,Krakus Kielbasa Slaska 550G,https://www.tesco.com/groceries/en-GB/products/309484679,1687614331.387454,"['£4.05', '£0.74/100g']",4.05,£0.74/100g
2752,Tesco Finest Lasagne 1.4Kg,https://www.tesco.com/groceries/en-GB/products/300726126,1687614331.465544,"['£9.50', '£6.79/kg']",9.5,£6.79/kg
2753,Squeaky Bean Chargrilled Mini Fillets Cajun 120G,https://www.tesco.com/groceries/en-GB/products/308841512,1687614331.535083,"['£3.25', '£27.08/kg']",3.25,£27.08/kg
2754,The Tofoo Co. Organic Scrambled Tofu 200G,https://www.tesco.com/groceries/en-GB/products/309778476,1687614331.6043892,"['£3.05', '£15.25/kg']",3.05,£15.25/kg
2755,Oykos Dairy Free Stracciatella Chocolate 350G,https://www.tesco.com/groceries/en-GB/products/307743100,1687614331.6743522,"['£3.00', '£0.86/100g']",3.0,£0.86/100g
2756,Pizza Express Lasagna Classica 640G,https://www.tesco.com/groceries/en-GB/products/308832431,1687614331.7453198,"['£6.30', '£9.84/kg']",6.3,£9.84/kg
2757,Squeaky Bean Chargrilled Mini Fillets Memphis Bbq 120G,https://www.tesco.com/groceries/en-GB/products/308845744,1687614331.83882,"['£3.25', '£27.08/kg']",3.25,£27.08/kg
2758,Violife Le Rond Cheese Alternative Camembert Flavour 150G,https://www.tesco.com/groceries/en-GB/products/310655154,1687614331.9114969,"['£3.25', '£21.67/kg']",3.25,£21.67/kg
2759,Tesco Chicken & Bacon Mayonnaise Sandwich,https://www.tesco.com/groceries/en-GB/products/265229520,1687614332.020096,"['£2.10', '£2.10/each']",2.1,£2.10/each
2760,Bot Sweet Pot Lentil Daal Power Soup 600G,https://www.tesco.com/groceries/en-GB/products/313621414,1687614332.117177,"['£3.30', '£0.55/100g']",3.3,£0.55/100g
2761,Ufit Strawberry 22G Protein Milkshake 310Ml,https://www.tesco.com/groceries/en-GB/products/310696053,1687614332.213985,"['£2.00', '£6.45/litre']",2.0,£6.45/litre
2762,Tesco Calorie Controlled Chicken Jambalaya 380G,https://www.tesco.com/groceries/en-GB/products/312228611,1687614332.33455,"['£3.00', '£7.90/kg']",3.0,£7.90/kg
2763,Bol Posh Noodles Malaysian Laksa Ramen 345G,https://www.tesco.com/groceries/en-GB/products/309201422,1687614332.4314601,"['£3.45', '£10.00/kg']",3.45,£10.00/kg
2764,Nomadic Mango Lassi Yogurt Drink 500Ml,https://www.tesco.com/groceries/en-GB/products/265413941,1687614332.527908,"['£1.80', '£0.36/100ml']",1.8,£0.36/100ml
2765,Mockingbird Raw Greens Smoothie 750Ml,https://www.tesco.com/groceries/en-GB/products/312585037,1687614332.599377,"['£4.50', '£0.60/100ml']",4.5,£0.60/100ml
2766,Tarczynski Classic Chicken Kabanos 200G,https://www.tesco.com/groceries/en-GB/products/310110799,1687614332.703119,"['£2.30', '£1.15/100g']",2.3,£1.15/100g
2767,Tesco Chicken Meatballs 336G,https://www.tesco.com/groceries/en-GB/products/309770444,1687614332.772406,"['£2.90', '£8.63/kg']",2.9,£8.63/kg
2768,Tesco Finest Beacon Blue Goats Cheese 150G,https://www.tesco.com/groceries/en-GB/products/261621292,1687614332.843613,"['£3.00', '£20.00/kg']",3.0,£20.00/kg
2769,Tesco Swedish Style Meatballs 600G,https://www.tesco.com/groceries/en-GB/products/306954094,1687614332.9139252,"['£4.70', '£7.83/kg']",4.7,£7.83/kg
2770,Volvic Touch Of Fruit Lemon & Lime 750Ml,https://www.tesco.com/groceries/en-GB/products/268352610,1687614333.004981,"['£1.50', '£0.20/100ml']",1.5,£0.20/100ml
2771,Tesco Sultana & Apricot 5 Bags 100G,https://www.tesco.com/groceries/en-GB/products/311230102,1687614333.137855,"['£1.00', '£10.00/kg']",1.0,£10.00/kg
2772,Tarczynski Chicken Hot Dogs 180G,https://www.tesco.com/groceries/en-GB/products/302354234,1687614333.2141461,"['£1.70', '£0.94/100g']",1.7,£0.94/100g
2773,Popchips Bbq Popped Potato Chips 23G,https://www.tesco.com/groceries/en-GB/products/275236507,1687614333.295095,"['£0.95', '£4.13/100g']",0.95,£4.13/100g
2774,Tesco Basted Beef Joint 751G,https://www.tesco.com/groceries/en-GB/products/312583310,1687614333.418995,"['£8.40', '£11.18/kg']",8.4,£11.18/kg
2775,Tesco Banoffee Flavoured Nut & Chocolate Mix 25G,https://www.tesco.com/groceries/en-GB/products/312577329,1687614333.490606,"['£0.75', '£30.00/kg']",0.75,£30.00/kg
2776,Charlie Bigham's Cottage Pie 650G,https://www.tesco.com/groceries/en-GB/products/291243388,1687614333.5901802,"['£9.50', '£14.62/kg']",9.5,£14.62/kg
2777,Franco Manca Beef Meatball Red Onion & Pecorino Pizza 476G,https://www.tesco.com/groceries/en-GB/products/312698819,1687614333.693602,"['£5.75', '£1.21/100g']",5.75,£1.21/100g
2778,Franco Manca Salami Onion Chilli Infused Honey Pizza 475G,https://www.tesco.com/groceries/en-GB/products/312353076,1687614333.764212,"['£5.75', '£1.21/100g']",5.75,£1.21/100g
2779,Vadasz Raw Garlic & Dill Sauerkraut 400G,https://www.tesco.com/groceries/en-GB/products/311785390,1687614333.836708,"['£4.50', '£1.12/100g']",4.5,£1.12/100g
2780,The Coconut Collaborative Plant-Based Natural Coconut Yogurt 600G,https://www.tesco.com/groceries/en-GB/products/312713707,1687614333.910999,"['£4.35', '£7.25/kg']",4.35,£7.25/kg
2781,Tesco Cashew & Raisins 200G,https://www.tesco.com/groceries/en-GB/products/302716227,1687614334.0163462,"['£2.75', '£13.75/kg']",2.75,£13.75/kg
2782,Higgidy Spinach & Roasted Tomato Vegan Quiche 380G,https://www.tesco.com/groceries/en-GB/products/308850991,1687614334.1063302,"['£4.95', '£1.30/100g']",4.95,£1.30/100g
2783,The City Kitchen Chicken & Chorizo Paella 380G,https://www.tesco.com/groceries/en-GB/products/308486143,1687614334.1987982,"['£3.80', '£10.00/kg']",3.8,£10.00/kg
2784,This Isn't Pork Plant-Based Onion Sausages 270G,https://www.tesco.com/groceries/en-GB/products/313168121,1687614341.0935528,"['£3.50', '£12.96/kg']",3.5,£12.96/kg
2785,Jamie Oliver Carbonara Tortelloni Pasta 250G,https://www.tesco.com/groceries/en-GB/products/305948541,1687614341.171453,"['£2.60', '£10.40/kg']",2.6,£10.40/kg
2786,Copella Apple Juice 300Ml,https://www.tesco.com/groceries/en-GB/products/287438020,1687614341.254296,"['£1.85', '£0.62/100ml']",1.85,£0.62/100ml
2787,Tropicana Plus Berry Boost Juice Drink 750Ml,https://www.tesco.com/groceries/en-GB/products/307133373,1687614341.384568,"['£3.50', '£0.47/100ml']",3.5,£0.47/100ml
2788,Pukka Pork Sausage Roll 130G,https://www.tesco.com/groceries/en-GB/products/311955264,1687614341.456958,"['£1.30', '£1.00/100g']",1.3,£1.00/100g
2789,Heck 60/40 Chicken Red Pepper & Feta Burgers 2 Pack 228G,https://www.tesco.com/groceries/en-GB/products/309749528,1687614341.531222,"['£2.20', '£9.65/kg']",2.2,£9.65/kg
2790,Tesco Plant Chef Alternative To Mature Cheese 200G,https://www.tesco.com/groceries/en-GB/products/311786247,1687614341.6046898,"['£2.20', '£11.00/kg']",2.2,£11.00/kg
2791,Tesco Katsu Chicken & Hoisin Duck Sushi 134G,https://www.tesco.com/groceries/en-GB/products/303730536,1687614341.678457,"['£2.85', '£2.13/100g']",2.85,£2.13/100g
2792,Light & Free Greek Style Yogurt Millionaires Shortbread Flavour 4X115g,https://www.tesco.com/groceries/en-GB/products/312082966,1687614341.773707,"['£2.50', '£5.44/kg']",2.5,£5.44/kg
2793,Nando's Vegan Perinaise Peri Peri Mayonnaise 265G,https://www.tesco.com/groceries/en-GB/products/305250058,1687614341.859046,"['£2.25', '£0.85/100g']",2.25,£0.85/100g
2794,Galbani Grated Mozzarella Cheese 180G,https://www.tesco.com/groceries/en-GB/products/309472365,1687614341.958634,"['£2.60', '£14.44/kg']",2.6,£14.44/kg
2795,Tesco Garlic & Herb Spatchcock Chicken 1.18Kg,https://www.tesco.com/groceries/en-GB/products/285513798,1687614342.0370078,"['£5.45', '£4.62/kg']",5.45,£4.62/kg
2796,The Artisan Bread Company Tomato Salsa Bruschetta 70G,https://www.tesco.com/groceries/en-GB/products/300954322,1687614342.1124969,"['£1.80', '£2.57/100g']",1.8,£2.57/100g
2797,Wicked Kitchen Meat Free Hoisin & Rice 380G,https://www.tesco.com/groceries/en-GB/products/308827991,1687614342.210946,"['£3.75', '£9.87/kg']",3.75,£9.87/kg
2798,Wicked Kitchen Blazin' Biryani 380G,https://www.tesco.com/groceries/en-GB/products/308456149,1687614342.282877,"['£3.75', '£9.87/kg']",3.75,£9.87/kg
2799,Philadelphia Light & Tasty Soft Cheese Snack 42G,https://www.tesco.com/groceries/en-GB/products/309160573,1687614342.365508,"['£1.25', '£2.98/100g']",1.25,£2.98/100g
2800,Rockstar Juiced Enery El Mango 500Ml,https://www.tesco.com/groceries/en-GB/products/305056818,1687614342.4867089,"['£1.30', '£0.26/100ml']",1.3,£0.26/100ml
2801,Coco Cabana Coconut Water 1 Litre,https://www.tesco.com/groceries/en-GB/products/305979377,1687614342.607358,"['£2.50', '£0.25/100ml']",2.5,£0.25/100ml
2802,Rubicon Spring Black Cherry & Raspberry 500Ml,https://www.tesco.com/groceries/en-GB/products/296870560,1687614342.6803951,"['£1.35', '£0.27/100ml']",1.35,£0.27/100ml
2803,"Love,Corn Bbq Roasted Corn Snack 45G",https://www.tesco.com/groceries/en-GB/products/297596496,1687614342.798553,"['£1.00', '£2.22/100g']",1.0,£2.22/100g
2804,Urban Fruit Snack Pack Mango 35G,https://www.tesco.com/groceries/en-GB/products/292559670,1687614342.920205,"['£1.10', '£3.14/100g']",1.1,£3.14/100g
2805,Nature Valley Crunchy Granola Oats & Honey Bar 42G,https://www.tesco.com/groceries/en-GB/products/250073150,1687614343.038771,"['£0.65', '£1.55/100g']",0.65,£1.55/100g
2806,Bay Fishmongers Salmon,https://www.tesco.com/groceries/en-GB/products/295098991,1687614343.161189,"['£4.60', '£11.49/kg']",4.6,£11.49/kg
2807,Charlie Bigham's Chicken Satay Curry & Fragrance Rice 805G,https://www.tesco.com/groceries/en-GB/products/310187609,1687614343.25469,"['£9.50', '£11.80/kg']",9.5,£11.80/kg
2808,Charlie Bigham's Shepherd's Pie 325G,https://www.tesco.com/groceries/en-GB/products/307756413,1687614343.336431,"['£6.00', '£18.46/kg']",6.0,£18.46/kg
2809,Tesco Chimmichurri Olives 150G,https://www.tesco.com/groceries/en-GB/products/304370787,1687614343.4220312,"['£3.50', '£2.33/100g']",3.5,£2.33/100g
2810,Tesco Organic Fair Trade Brazil Nuts 150G,https://www.tesco.com/groceries/en-GB/products/258701017,1687614343.498687,"['£3.20', '£21.33/kg']",3.2,£21.33/kg
2811,Tesco Flame Grilled Chicken Thins 180G,https://www.tesco.com/groceries/en-GB/products/306823445,1687614343.579242,"['£3.60', '£2.00/100g']",3.6,£2.00/100g
2812,Wicked Kitchen Sweet Caramelised Onion Block 150G,https://www.tesco.com/groceries/en-GB/products/311674642,1687614343.659662,"['£2.50', '£16.67/kg']",2.5,£16.67/kg
2813,Kirstys Cottage Pie With Sweet Potato Mash 400G,https://www.tesco.com/groceries/en-GB/products/305942829,1687614343.736851,"['£3.50', '£8.75/kg']",3.5,£8.75/kg
2814,Kirsty's Beef Lasagne 400G,https://www.tesco.com/groceries/en-GB/products/306655937,1687614343.8227708,"['£3.50', '£8.75/kg']",3.5,£8.75/kg
2815,Abra Ca Debora Diddy Pancakes 200G,https://www.tesco.com/groceries/en-GB/products/285379501,1687614343.903928,"['£2.30', '£1.15/100g']",2.3,£1.15/100g
2816,Tesco Plant Chef Vegetable Samosa Tear & Share 300G,https://www.tesco.com/groceries/en-GB/products/312836202,1687614343.9758239,"['£3.80', '£1.27/100g']",3.8,£1.27/100g
2817,Tesco Special Fried Rice 350G,https://www.tesco.com/groceries/en-GB/products/308869641,1687614344.053108,"['£3.65', '£10.43/kg']",3.65,£10.43/kg
2818,St Helen's Farm Goats Yogurt Fat Free 450G,https://www.tesco.com/groceries/en-GB/products/284064898,1687614344.137797,"['£2.40', '£0.53/100g']",2.4,£0.53/100g
2819,Tesco Ham Egg & Coleslaw Salad 235G,https://www.tesco.com/groceries/en-GB/products/303673407,1687614344.2181911,"['£2.75', '£1.17/100g']",2.75,£1.17/100g
2820,Simply Chicken Tenders 300G,https://www.tesco.com/groceries/en-GB/products/312835819,1687614344.33348,"['£3.50', '£11.67/kg']",3.5,£11.67/kg
2821,Violife Vegan 12 Mozzarella Flavour Slices Cheese Alternative 160G,https://www.tesco.com/groceries/en-GB/products/311794851,1687614344.4326131,"['£2.70', '£16.88/kg']",2.7,£16.88/kg
2822,Coconut Collaborative Gut Health Coconut Yogurt Strawberry 4X100g,https://www.tesco.com/groceries/en-GB/products/311933941,1687614344.582289,"['£3.00', '£7.50/kg']",3.0,£7.50/kg
2823,Pukka Pepperoni Pizza Pie,https://www.tesco.com/groceries/en-GB/products/312851425,1687614344.7071412,"['£2.00', '£2.00/each']",2.0,£2.00/each
2824,Tesco Beautifully Balanced Mexican Inspired Chicken Salad 265G,https://www.tesco.com/groceries/en-GB/products/305983930,1687614344.783683,"['£2.75', '£1.04/100g']",2.75,£1.04/100g
2825,Minor Figures Everyday Oat Light Drink 1 Litre,https://www.tesco.com/groceries/en-GB/products/312587283,1687614344.878656,"['£2.00', '£2.00/litre']",2.0,£2.00/litre
2826,Alpro Caffe Ethiopian Coffee & Soya Caramel 235Ml,https://www.tesco.com/groceries/en-GB/products/302313519,1687614344.969735,"['£1.80', '£0.77/100ml']",1.8,£0.77/100ml
2827,Tesco Smoked Bacon & Ketchup Sandwich,https://www.tesco.com/groceries/en-GB/products/308456916,1687614345.0426471,"['£2.85', '£2.85/each']",2.85,£2.85/each
2828,Tesco Thai Yellow Chicken Curry With Js/Rice 400G,https://www.tesco.com/groceries/en-GB/products/309750779,1687614345.142944,"['£3.00', '£7.50/kg']",3.0,£7.50/kg
2829,Pizza Company Cajun Onion Rings 300G,https://www.tesco.com/groceries/en-GB/products/306652900,1687614345.273988,"['£3.15', '£1.05/100g']",3.15,£1.05/100g
2830,Alpro Chocolate Hazelnut 90 Calorie Dessert 2X113g,https://www.tesco.com/groceries/en-GB/products/306495106,1687614345.371294,"['£1.65', '£0.73/100g']",1.65,£0.73/100g
2831,Tesco Finest Montagnolo Affine 160G,https://www.tesco.com/groceries/en-GB/products/310136279,1687614345.47072,"['£2.75', '£17.19/kg']",2.75,£17.19/kg
2832,Tesco Plant Chef Carrot & Houmous 100G,https://www.tesco.com/groceries/en-GB/products/307748204,1687614351.974622,"['£1.25', '£1.25/100g']",1.25,£1.25/100g
2833,Morliny Chicken Burger Patties 250G,https://www.tesco.com/groceries/en-GB/products/309784785,1687614352.118141,"['£1.10', '£0.44/100g']",1.1,£0.44/100g
2834,Pukka Chicken & Bacon Slice 170G,https://www.tesco.com/groceries/en-GB/products/311957777,1687614352.2038631,"['£1.75', '£1.03/100g']",1.75,£1.03/100g
2835,Quorn Biryani Bowl 300G,https://www.tesco.com/groceries/en-GB/products/312233921,1687614352.302405,"['£1.99', '£6.63/kg']",1.99,£6.63/kg
2836,Tesco Salmon Teriyaki Rice Bowl 290G,https://www.tesco.com/groceries/en-GB/products/306931138,1687614352.376426,"['£2.75', '£0.95/100g']",2.75,£0.95/100g
2837,Tesco Tex Mex Sticky Bbq Mini Ribs 300G,https://www.tesco.com/groceries/en-GB/products/308492285,1687614352.478366,"['£4.30', '£14.33/kg']",4.3,£14.33/kg
2838,Tesco 2 Beef Burritos 430G,https://www.tesco.com/groceries/en-GB/products/307740201,1687614352.552206,"['£4.50', '£10.46/kg']",4.5,£10.46/kg
2840,Tesco Finest Lime Infused Mango 100G,https://www.tesco.com/groceries/en-GB/products/309765128,1687614352.7064478,"['£3.50', '£35.00/kg']",3.5,£35.00/kg
2841,Tesco Finest Gouda 180G,https://www.tesco.com/groceries/en-GB/products/250046269,1687614352.7788968,"['£3.75', '£20.83/kg']",3.75,£20.83/kg
2842,Tesco Lemon Cooked Chicken Breast Pieces 180G,https://www.tesco.com/groceries/en-GB/products/303694209,1687614352.876868,"['£3.00', '£1.67/100g']",3.0,£1.67/100g
2843,Quorn Jerk Mini Fillets 138G,https://www.tesco.com/groceries/en-GB/products/311276451,1687614352.958903,"['£3.00', '£21.74/kg']",3.0,£21.74/kg
2844,Tesco Raspberry Bakewell Tart 380G,https://www.tesco.com/groceries/en-GB/products/293789263,1687614353.044464,"['£3.75', '£0.99/100g']",3.75,£0.99/100g
2845,Tesco Torchon Ham 200G,https://www.tesco.com/groceries/en-GB/products/311258824,1687614353.119766,"['£2.50', '£1.25/100g']",2.5,£1.25/100g
2846,Morliny Masurian Sausage 520G,https://www.tesco.com/groceries/en-GB/products/285983908,1687614353.199459,"['£3.00', '£0.58/100g']",3.0,£0.58/100g
2847,Tesco Halloumi Fries 200G,https://www.tesco.com/groceries/en-GB/products/304377519,1687614353.278291,"['£3.50', '£17.50/kg']",3.5,£17.50/kg
2848,Soulful Thai Red Vegetable Curry With Brown Rice 380G,https://www.tesco.com/groceries/en-GB/products/308116778,1687614353.3518841,"['£2.60', '£6.84/kg']",2.6,£6.84/kg
2849,Hearty Food Co. Chicken T.Masala& Pilau Rice 450G,https://www.tesco.com/groceries/en-GB/products/308847794,1687614353.426795,"['£2.49', '£5.53/kg']",2.49,£5.53/kg
2850,Petits Filous No Added Sugar Banana & Apricot Yogurt Drink 4X100g,https://www.tesco.com/groceries/en-GB/products/308455900,1687614353.5022552,"['£2.25', '£0.56/100g']",2.25,£0.56/100g
2851,Tesco Chicken & Sweetcorn Sandwich,https://www.tesco.com/groceries/en-GB/products/264265986,1687614353.585433,"['£2.10', '£2.10/each']",2.1,£2.10/each
2852,Tesco Finest Saint Felicien 180G,https://www.tesco.com/groceries/en-GB/products/285097707,1687614353.688354,"['£3.35', '£18.61/kg']",3.35,£18.61/kg
2853,The Coconut Collaborative Chocolate & Cream Dairy Free Dessert 4X60g,https://www.tesco.com/groceries/en-GB/products/310654691,1687614353.786838,"['£2.95', '£1.23/100g']",2.95,£1.23/100g
2854,Gu Free From Salted Caramel Cheesecake 2 X 83G,https://www.tesco.com/groceries/en-GB/products/306649450,1687614353.883956,"['£3.95', '£2.38/100g']",3.95,£2.38/100g
2855,Orangina 420Ml,https://www.tesco.com/groceries/en-GB/products/289545425,1687614353.9838238,"['£1.65', '£0.39/100ml']",1.65,£0.39/100ml
2856,Fridge Raiders Hot & Spicy Chicken Bites 4X40g,https://www.tesco.com/groceries/en-GB/products/313005620,1687614354.113226,"['£2.50', '£1.56/100g']",2.5,£1.56/100g
2857,Lucozade Sport Raspberry 500Ml,https://www.tesco.com/groceries/en-GB/products/262001206,1687614354.214721,"['£1.70', '£0.34/100ml']",1.7,£0.34/100ml
2858,Delicious Desserts Strawberry & Cream Eclair 2Pack,https://www.tesco.com/groceries/en-GB/products/310138594,1687614354.339272,"['£2.25', '£1.12/each']",2.25,£1.12/each
2859,Tesco Raw Scallops 150G,https://www.tesco.com/groceries/en-GB/products/265448335,1687614354.414149,"['£4.00', '£26.67/kg']",4.0,£26.67/kg
2860,Yeo Valley Organic Soured Cream 200G,https://www.tesco.com/groceries/en-GB/products/311938688,1687614354.495669,"['£1.30', '£0.65/100g']",1.3,£0.65/100g
2861,Tesco Mango 250G,https://www.tesco.com/groceries/en-GB/products/302987988,1687614354.57464,"['£2.25', '£9.00/kg']",2.25,£9.00/kg
2862,Pukka Cheese Leek & Potato Slice 170G,https://www.tesco.com/groceries/en-GB/products/311942627,1687614354.674465,"['£1.75', '£1.03/100g']",1.75,£1.03/100g
2863,Eat Natural Almond & Apricot Yogurt Coated Bar 50G,https://www.tesco.com/groceries/en-GB/products/252961461,1687614354.7732291,"['£1.10', '£2.20/100g']",1.1,£2.20/100g
2864,Peperami Roasted Chicken Bites 50G,https://www.tesco.com/groceries/en-GB/products/311272265,1687614354.895402,"['£1.00', '£2.00/100g']",1.0,£2.00/100g
2866,Twix Salted Caramel Xtra Twin Bars 75G,https://www.tesco.com/groceries/en-GB/products/305829659,1687614355.1046028,"['£0.90', '£1.20/100g']",0.9,£1.20/100g
2867,Starbucks Oat Based Vanilla Macchiato 220Ml,https://www.tesco.com/groceries/en-GB/products/306815616,1687614355.249572,"['£2.10', '£0.96/100ml']",2.1,£0.96/100ml
2868,Nestle Kit Kat Chunky Duo 64G,https://www.tesco.com/groceries/en-GB/products/302440570,1687614355.351082,"['£1.00', '£1.56/100g']",1.0,£1.56/100g
2869,The Jolly Hog Bbq Pulled Pork 376G,https://www.tesco.com/groceries/en-GB/products/312097767,1687614355.482652,"['£5.50', '£14.63/kg']",5.5,£14.63/kg
2870,Innocent Berry Light Super Smoothie 750Ml,https://www.tesco.com/groceries/en-GB/products/308089884,1687614355.556302,"['£4.50', '£0.60/100ml']",4.5,£0.60/100ml
2871,Tesco Garlic & Herb Cooked Chicken Breast Mini Fillets 170G,https://www.tesco.com/groceries/en-GB/products/303694912,1687614355.636547,"['£3.00', '£1.76/100g']",3.0,£1.76/100g
2872,The Tofoo Co. Sriracha Tofu 280G,https://www.tesco.com/groceries/en-GB/products/311210307,1687614355.7110221,"['£3.05', '£10.89/kg']",3.05,£10.89/kg
2873,"Tesco Finest Chicken , Chorizo & Prawn Paella 800G",https://www.tesco.com/groceries/en-GB/products/312090196,1687614355.789375,"['£6.50', '£8.12/kg']",6.5,£8.12/kg
2874,Higgidy 8 Spinach & Red Pepper Mini Vegan Muffins 160G,https://www.tesco.com/groceries/en-GB/products/312565954,1687614355.863272,"['£3.50', '£2.19/100g']",3.5,£2.19/100g
2875,Califia Farms Cold Brew Coffee Plus Caramel Oat 750Ml,https://www.tesco.com/groceries/en-GB/products/311797404,1687614355.937543,"['£2.95', '£3.93/litre']",2.95,£3.93/litre
2876,Tahira Hot & Spicy Beef & Chicken Sausages 500G,https://www.tesco.com/groceries/en-GB/products/265496588,1687614356.0127912,"['£2.75', '£0.55/100g']",2.75,£0.55/100g
2877,Tesco 2 Chicken Breast With Garlic Mushrooms 375G,https://www.tesco.com/groceries/en-GB/products/266514428,1687614356.088189,"['£4.40', '£11.73/kg']",4.4,£11.73/kg
2878,Soulful One Pot African Peanut & Chickpea Rice 380G,https://www.tesco.com/groceries/en-GB/products/304798108,1687614356.166683,"['£2.60', '£6.84/kg']",2.6,£6.84/kg
2879,Bonne Maman Cherry & Chocolate Mousse 2X95g,https://www.tesco.com/groceries/en-GB/products/311934836,1687614356.272196,"['£2.55', '£1.34/100g']",2.55,£1.34/100g
2880,Tesco Pineapple Chunks 300G,https://www.tesco.com/groceries/en-GB/products/311435753,1687614362.68541,"['£2.25', '£7.50/kg']",2.25,£7.50/kg
2881,Gu Free From Zillionaires Cheesecake 2X91.5G,https://www.tesco.com/groceries/en-GB/products/312579575,1687614362.793785,"['£3.95', '£2.16/100g']",3.95,£2.16/100g
2882,Gu Free From Lemon Cheesecakes 2X92g,https://www.tesco.com/groceries/en-GB/products/308111759,1687614362.893291,"['£3.95', '£2.15/100g']",3.95,£2.15/100g
2883,Bol Posh Noodles Sweet & Sticky Teriyaki Udon 360G,https://www.tesco.com/groceries/en-GB/products/309193476,1687614362.987946,"['£3.45', '£9.58/kg']",3.45,£9.58/kg
2884,Bol Posh Noodles Korean Chilli Ramen 345G,https://www.tesco.com/groceries/en-GB/products/309172674,1687614363.085888,"['£3.45', '£10.00/kg']",3.45,£10.00/kg
2885,Tesco Limoncello Dessert 2X85g,https://www.tesco.com/groceries/en-GB/products/300474187,1687614363.18033,"['£1.95', '£1.15/100g']",1.95,£1.15/100g
2886,Tesco Plant Chef Italian Style No-Meatball Tray Bake 510G,https://www.tesco.com/groceries/en-GB/products/313163512,1687614363.256033,"['£4.00', '£7.84/kg']",4.0,£7.84/kg
2887,Innocent Invigorate Super Smoothie 300Ml,https://www.tesco.com/groceries/en-GB/products/305431759,1687614363.332253,"['£2.36', '£0.79/100ml']",2.36,£0.79/100ml
2888,Tesco Chilli Cheese Mix 200G,https://www.tesco.com/groceries/en-GB/products/309769019,1687614363.449138,"['£2.75', '£13.75/kg']",2.75,£13.75/kg
2889,Chop Avocado & Cucumber Salad Dressing 120G,https://www.tesco.com/groceries/en-GB/products/312208217,1687614363.543096,"['£1.30', '£1.08/100g']",1.3,£1.08/100g
2890,Higgidy 8 Mini Muffins Cheddar & Spinach 160G,https://www.tesco.com/groceries/en-GB/products/313177882,1687614363.61868,"['£3.85', '£2.41/100g']",3.85,£2.41/100g
2891,Pukka Beef Pasty 227G,https://www.tesco.com/groceries/en-GB/products/311792611,1687614363.7205272,"['£1.75', '£0.77/100g']",1.75,£0.77/100g
2892,Tesco Coconut 80G,https://www.tesco.com/groceries/en-GB/products/300134734,1687614363.7977521,"['£1.25', '£15.62/kg']",1.25,£15.62/kg
2893,Shaken Udder Salted Caramel Milkshake 330Ml,https://www.tesco.com/groceries/en-GB/products/291596570,1687614363.869026,"['£1.60', '£0.48/100ml']",1.6,£0.48/100ml
2894,Tenzing Energy Drink Raspberry & Yuzu 250Ml,https://www.tesco.com/groceries/en-GB/products/304386636,1687614363.940285,"['£1.55', '£0.62/100ml']",1.55,£0.62/100ml
2895,Eat Natural Protein Bar 45G,https://www.tesco.com/groceries/en-GB/products/287089069,1687614364.056695,"['£1.10', '£2.44/100g']",1.1,£2.44/100g
2896,Urban Fruit Snack Pack Strawberry 35G,https://www.tesco.com/groceries/en-GB/products/292559860,1687614364.178916,"['£1.10', '£3.14/100g']",1.1,£3.14/100g
2897,Walkers Monster Munch Mega Roast Beef Snack 40G,https://www.tesco.com/groceries/en-GB/products/264443123,1687614364.294861,"['£1.00', '£2.50/100g']",1.0,£2.50/100g
2898,Nature Valley Protein Chocolate & Peanut Bar 40G,https://www.tesco.com/groceries/en-GB/products/294459128,1687614364.411548,"['£1.00', '£2.50/100g']",1.0,£2.50/100g
2899,Franco Manca Fennel Sausage Red Pepper & Mozzarella Pizza 480G,https://www.tesco.com/groceries/en-GB/products/312997794,1687614364.528936,"['£5.75', '£1.20/100g']",5.75,£1.20/100g
2900,Tesco Chilli Spanish Olives With Cheese 160G,https://www.tesco.com/groceries/en-GB/products/302274616,1687614364.6001,"['£3.50', '£0.22/10g']",3.5,£0.22/10g
2901,Tesco Green Olives With Garlic & Herbs 300G,https://www.tesco.com/groceries/en-GB/products/311268772,1687614364.686435,"['£3.75', '£1.25/100g']",3.75,£1.25/100g
2902,Innocent Recharge Super Smoothie 750Ml,https://www.tesco.com/groceries/en-GB/products/305522745,1687614364.759964,"['£4.50', '£0.60/100ml']",4.5,£0.60/100ml
2903,Tesco Finest Vegetable Moussaka 400G,https://www.tesco.com/groceries/en-GB/products/312110168,1687614364.8449411,"['£4.25', '£10.62/kg']",4.25,£10.62/kg
2904,Pizza Express Romana Extra Thin Based Carbonara 325G,https://www.tesco.com/groceries/en-GB/products/305976426,1687614364.9612129,"['£5.80', '£1.78/100g']",5.8,£1.78/100g
2905,Wasabi Sweet Chilli Chicken With Rice 450G,https://www.tesco.com/groceries/en-GB/products/312831432,1687614365.071678,"['£4.25', '£9.44/kg']",4.25,£9.44/kg
2906,The Tofoo Co. Organic Tofu Teriyaki 280G,https://www.tesco.com/groceries/en-GB/products/308853596,1687614365.151107,"['£3.05', '£10.89/kg']",3.05,£10.89/kg
2907,Wicked Kitchen Gunpowder Chickpea Jalfrezi 400G,https://www.tesco.com/groceries/en-GB/products/310104867,1687614365.227277,"['£3.75', '£9.38/kg']",3.75,£9.38/kg
2908,Tesco Bbq Chicken Wrap,https://www.tesco.com/groceries/en-GB/products/305987004,1687614365.298401,"['£2.85', '£2.85/each']",2.85,£2.85/each
2909,Takul Halal Kitchen Turkey Salami,https://www.tesco.com/groceries/en-GB/products/311224317,1687614365.4058182,"['£2.00', '£1.67/100g']",2.0,£1.67/100g
2910,Richmond Chicken Sausages 10 Pack 340G,https://www.tesco.com/groceries/en-GB/products/308470985,1687614365.476259,"['£2.30', '£6.76/kg']",2.3,£6.76/kg
2911,Beretta Spianata Italiana 80G,https://www.tesco.com/groceries/en-GB/products/307736190,1687614365.550185,"['£2.00', '£2.50/100g']",2.0,£2.50/100g
2912,Biotiful Kefir Raspberry Smoothie 250Ml,https://www.tesco.com/groceries/en-GB/products/309207243,1687614365.63304,"['£1.65', '£6.60/litre']",1.65,£6.60/litre
2913,Innocent Berry Set Go Juice 330Ml,https://www.tesco.com/groceries/en-GB/products/303415069,1687614365.712598,"['£2.15', '£0.65/100ml']",2.15,£0.65/100ml
2914,Fridge Raiders Meat Free Slow Roasted Tasty Bites 45G,https://www.tesco.com/groceries/en-GB/products/310153932,1687614365.8567371,"['£1.25', '£2.78/100g']",1.25,£2.78/100g
2915,The Artisan Bread Company Wheat Toast 150G,https://www.tesco.com/groceries/en-GB/products/309174050,1687614365.999347,"['£1.80', '£1.20/100g']",1.8,£1.20/100g
2916,Tesco Katsu Chicken Rice Bowl 300G,https://www.tesco.com/groceries/en-GB/products/305960364,1687614366.1546109,"['£2.75', '£0.92/100g']",2.75,£0.92/100g
2917,Small Rose Bouquet (Pink),https://www.tesco.com/groceries/en-GB/products/293438011,1687614366.263194,"['£3.00', '£3.00/each']",3.0,£3.00/each
2918,"Love,Corn Sea Salt Roasted Corn Snack 45G",https://www.tesco.com/groceries/en-GB/products/297596290,1687614366.337427,"['£1.00', '£2.22/100g']",1.0,£2.22/100g
2919,Nakd Blueberry Muffin Bar 35G,https://www.tesco.com/groceries/en-GB/products/303177091,1687614366.453412,"['£1.00', '£2.86/100g']",1.0,£2.86/100g
2920,Grace Say Aloe Original 980Ml,https://www.tesco.com/groceries/en-GB/products/298025584,1687614366.596429,"['£2.10', '£0.21/100ml']",2.1,£0.21/100ml
2921,Pukka Pepperoni Pizza Slice 170G,https://www.tesco.com/groceries/en-GB/products/312991247,1687614366.6660008,"['£1.75', '£1.03/100g']",1.75,£1.03/100g
2922,Nakd Peanut Delight 35G Bar,https://www.tesco.com/groceries/en-GB/products/295229181,1687614366.789692,"['£1.00', '£2.86/100g']",1.0,£2.86/100g
2923,Pizza Express 2 Chocolate & Salted Caramel Tarts 148G,https://www.tesco.com/groceries/en-GB/products/308842033,1687614366.912825,"['£3.90', '£2.64/100g']",3.9,£2.64/100g
2924,Cadbury Nuttier Peanut & Almond Bar 40G,https://www.tesco.com/groceries/en-GB/products/307735317,1687614367.0101209,"['£1.20', '£3.00/100g']",1.2,£3.00/100g
2925,Tesco Finest Slow Cooked Chicken Legs 635G,https://www.tesco.com/groceries/en-GB/products/309494892,1687614367.244883,"['£8.50', '£13.39/kg']",8.5,£13.39/kg
2926,Tesco Finest Slow Cooked Pork Belly With Crackling 985G,https://www.tesco.com/groceries/en-GB/products/312585849,1687614367.3142521,"['£12.00', '£12.18/kg']",12.0,£12.18/kg
2927,Charlie Bigham's Chicken & Ham Gratin 650G,https://www.tesco.com/groceries/en-GB/products/309189764,1687614367.3825312,"['£9.50', '£14.62/kg']",9.5,£14.62/kg
2928,Fridge Raiders Southern Style Chicken Bites 5 X 22.5G,https://www.tesco.com/groceries/en-GB/products/313955877,1687614373.642504,"['£2.50', '£2.22/100g']",2.5,£2.22/100g
2929,Tgi Fridays Buffalo Chicken Wings 500G,https://www.tesco.com/groceries/en-GB/products/310095516,1687614373.726391,"['£4.50', '£9.00/kg']",4.5,£9.00/kg
2930,Morliny Chicken Breast Sausage 400G,https://www.tesco.com/groceries/en-GB/products/286184695,1687614373.803136,"['£3.45', '£0.86/100g']",3.45,£0.86/100g
2931,Fridge Raiders Slow Roasted Chicken Bites 5X22.5G,https://www.tesco.com/groceries/en-GB/products/313967863,1687614373.876648,"['£2.50', '£2.22/100g']",2.5,£2.22/100g
2932,Takul Halal Chicken & Turkey Sandwich Slice 100G,https://www.tesco.com/groceries/en-GB/products/310096008,1687614373.9722629,"['£2.00', '£2.00/100g']",2.0,£2.00/100g
2933,Kirsty's Lentil Lasagne 400G,https://www.tesco.com/groceries/en-GB/products/308087483,1687614374.0469089,"['£3.50', '£8.75/kg']",3.5,£8.75/kg
2934,Vivera Plant Salmon Style Fillets 2X100g,https://www.tesco.com/groceries/en-GB/products/311228060,1687614374.118353,"['£3.50', '£17.50/kg']",3.5,£17.50/kg
2935,Tesco Lentil Pasta Bake 400G,https://www.tesco.com/groceries/en-GB/products/310141324,1687614374.189128,"['£3.00', '£7.50/kg']",3.0,£7.50/kg
2936,Jamie Oliver Prosciutto Cappelletti 250G,https://www.tesco.com/groceries/en-GB/products/310095107,1687614374.285186,"['£2.60', '£10.40/kg']",2.6,£10.40/kg
2937,Vita Pressed Coco Coconut Water 1L,https://www.tesco.com/groceries/en-GB/products/303448116,1687614374.363489,"['£4.00', '£4.00/litre']",4.0,£4.00/litre
2938,Tesco Chicken & Tomato Pasta Bake 1.5Kg,https://www.tesco.com/groceries/en-GB/products/285635665,1687614374.437612,"['£6.45', '£4.30/kg']",6.45,£4.30/kg
2939,Costa Coffee Flat White 200Ml,https://www.tesco.com/groceries/en-GB/products/308858660,1687614374.534878,"['£1.80', '£0.90/100ml']",1.8,£0.90/100ml
2940,Tesco Calorie Controlled Prawn Linguine 360G,https://www.tesco.com/groceries/en-GB/products/312221428,1687614374.6377861,"['£3.00', '£8.33/kg']",3.0,£8.33/kg
2941,Heck Steak & Butter Burger 320G,https://www.tesco.com/groceries/en-GB/products/311694416,1687614374.734514,"['£3.15', '£9.84/kg']",3.15,£9.84/kg
2942,Gu Puddings Salted Caramel Melting Middle 2X95g,https://www.tesco.com/groceries/en-GB/products/285416487,1687614374.804384,"['£3.75', '£1.97/100g']",3.75,£1.97/100g
2943,Tesco Chicken Salad Sub,https://www.tesco.com/groceries/en-GB/products/299970136,1687614374.9032938,"['£2.85', '£2.85/each']",2.85,£2.85/each
2944,Pizza Express Dough Balls With Pesto Dip 95G,https://www.tesco.com/groceries/en-GB/products/311449339,1687614374.996469,"['£2.15', '£2.26/100g']",2.15,£2.26/100g
2945,Chop Chilli Puree 75G,https://www.tesco.com/groceries/en-GB/products/303817705,1687614375.0909388,"['£1.30', '£0.17/10g']",1.3,£0.17/10g
2946,Tesco 6 Halloumi Style Fingers 210G,https://www.tesco.com/groceries/en-GB/products/311936483,1687614375.165499,"['£3.00', '£14.29/kg']",3.0,£14.29/kg
2947,Tesco Coconut Chilli & Lime Dressing 175Ml,https://www.tesco.com/groceries/en-GB/products/311449224,1687614375.23546,"['£1.40', '£0.80/100g']",1.4,£0.80/100g
2948,Innocent Blue Spark Super Smoothie 300Ml,https://www.tesco.com/groceries/en-GB/products/305432828,1687614375.305872,"['£2.36', '£0.79/100ml']",2.36,£0.79/100ml
2949,Tesco Meatball Marinara,https://www.tesco.com/groceries/en-GB/products/307364018,1687614375.429137,"['£2.85', '£2.85/each']",2.85,£2.85/each
2950,Takul Halal Kitchen 4 Lamb Samosas 160G,https://www.tesco.com/groceries/en-GB/products/310165549,1687614375.5223098,"['£2.65', '£16.56/kg']",2.65,£16.56/kg
2951,Chop Smoked Garlic Puree 75G,https://www.tesco.com/groceries/en-GB/products/305974584,1687614375.591156,"['£1.30', '£0.17/10g']",1.3,£0.17/10g
2952,The Corner Deli Co. Wasabi Peanuts 80G,https://www.tesco.com/groceries/en-GB/products/274972074,1687614375.661661,"['£1.60', '£2.00/100g']",1.6,£2.00/100g
2953,Eat Natural Gold Cranberry & Macadamia Fruit Bar 45G,https://www.tesco.com/groceries/en-GB/products/254176022,1687614375.758135,"['£1.10', '£2.44/100g']",1.1,£2.44/100g
2954,Tesco Finest 2 Battered Haddock & Tartare Sauce F/Cakes 315G,https://www.tesco.com/groceries/en-GB/products/312358998,1687614375.8800168,"['£3.00', '£0.95/100g']",3.0,£0.95/100g
2955,Tesco Fire Pit Texas Style Pork Ribs 600G,https://www.tesco.com/groceries/en-GB/products/310684127,1687614375.9778,"['£5.55', '£9.25/kg']",5.55,£9.25/kg
2956,Wicked Kitchen Nana's Mushroom Bolognese 400G,https://www.tesco.com/groceries/en-GB/products/298910550,1687614376.0479438,"['£3.75', '£9.38/kg']",3.75,£9.38/kg
2957,Tesco Finest 35 Day Salt Dry Aberdeen Angus Ribeye Steak,https://www.tesco.com/groceries/en-GB/products/299684901,1687614376.117785,"['£11.07', '£38.85/kg']",11.07,£38.85/kg
2958,Tesco Finest Slow Cooked Duck Legs With Redcurrant Jus 525G,https://www.tesco.com/groceries/en-GB/products/309461608,1687614376.189695,"['£8.50', '£16.19/kg']",8.5,£16.19/kg
2959,Charlie Bigham's Meatball Al Forno 650G,https://www.tesco.com/groceries/en-GB/products/291242781,1687614376.260447,"['£9.50', '£14.62/kg']",9.5,£14.62/kg
2960,Gressingham Whole Guinea Fowl 1.05Kg,https://www.tesco.com/groceries/en-GB/products/259256678,1687614376.357644,"['£9.25', '£8.81/kg']",9.25,£8.81/kg
2961,Tesco Finest Lamb Shanks With Roasted Vegetable 1.15Kg,https://www.tesco.com/groceries/en-GB/products/265192066,1687614376.427604,"['£12.60', '£10.96/kg']",12.6,£10.96/kg
2962,Oykos Dairy Free Salted Caramel 350G,https://www.tesco.com/groceries/en-GB/products/309483012,1687614376.5049658,"['£3.00', '£0.86/100g']",3.0,£0.86/100g
2963,Tesco Shawarma Style Chicken Thighs 700G,https://www.tesco.com/groceries/en-GB/products/309486781,1687614376.575364,"['£6.25', '£8.93/kg']",6.25,£8.93/kg
2964,Tesco Vegetable Sushi 127G,https://www.tesco.com/groceries/en-GB/products/303730513,1687614376.650075,"['£2.85', '£2.24/100g']",2.85,£2.24/100g
2965,Kirsty's Gluten Free Sweet & Sour Chicken & Rice 450G,https://www.tesco.com/groceries/en-GB/products/311686991,1687614376.757893,"['£3.50', '£7.78/kg']",3.5,£7.78/kg
2966,English Cheesecake Company Ltd Salted Caramel & Blondie 214G,https://www.tesco.com/groceries/en-GB/products/312855093,1687614376.834167,"['£3.75', '£1.75/100g']",3.75,£1.75/100g
2967,Innocent Revitalise Super Smoothie 750Ml,https://www.tesco.com/groceries/en-GB/products/312558427,1687614376.9373078,"['£4.50', '£0.60/100ml']",4.5,£0.60/100ml
2968,Tropicana Plus Viva Vitality Fruit Drink 750Ml,https://www.tesco.com/groceries/en-GB/products/307137829,1687614377.0066829,"['£3.50', '£0.47/100ml']",3.5,£0.47/100ml
2969,Vivera Plant Drumsticks 4 Pieces 216G,https://www.tesco.com/groceries/en-GB/products/312557889,1687614377.083206,"['£2.60', '£12.04/kg']",2.6,£12.04/kg
2970,Tesco Finest Chicken & Chorizo Paella 700G,https://www.tesco.com/groceries/en-GB/products/312090714,1687614377.154675,"['£6.50', '£9.29/kg']",6.5,£9.29/kg
2971,Tesco Plant Chef Roasted Vegetable & Pesto Wrap,https://www.tesco.com/groceries/en-GB/products/304782213,1687614377.2478878,"['£2.85', '£2.85/each']",2.85,£2.85/each
2972,Hearty Food Company Lasagne 400G,https://www.tesco.com/groceries/en-GB/products/298231564,1687614377.3459158,"['£2.49', '£6.22/kg']",2.49,£6.22/kg
2973,The Coconut Collaborative Alphonso Mango Passion Fruit 360G,https://www.tesco.com/groceries/en-GB/products/306802424,1687614377.41963,"['£2.95', '£0.82/100g']",2.95,£0.82/100g
2974,Tesco Plant Chef Alternative To Grated Hard Cheese 60G,https://www.tesco.com/groceries/en-GB/products/311797525,1687614377.513469,"['£1.80', '£30.00/kg']",1.8,£30.00/kg
2975,Tesco Tex Mex Smoky Bbq Rib Rack 460G,https://www.tesco.com/groceries/en-GB/products/308482942,1687614377.5844622,"['£4.20', '£9.13/kg']",4.2,£9.13/kg
2976,Biotiful Plant Based Oat Kefir Strawberry 250Ml,https://www.tesco.com/groceries/en-GB/products/310145274,1687614385.2454212,"['£1.85', '£7.40/litre']",1.85,£7.40/litre
2977,"Tesco Finest Lamb Leg Steak , Sage & Rosemary Butter 200G",https://www.tesco.com/groceries/en-GB/products/310684113,1687614385.323742,"['£3.70', '£18.50/kg']",3.7,£18.50/kg
2978,Tesco Southern Fried Basa Goujons 200G,https://www.tesco.com/groceries/en-GB/products/311939520,1687614385.397195,"['£2.25', '£11.25/kg']",2.25,£11.25/kg
2979,Lucozade Energy Zero Pink Lemonade 500Ml,https://www.tesco.com/groceries/en-GB/products/292215645,1687614385.4707,"['£1.70', '£0.34/100ml']",1.7,£0.34/100ml
2980,Rose Bouquet (Pink),https://www.tesco.com/groceries/en-GB/products/293369737,1687614385.6019719,"['£5.00', '£5.00/each']",5.0,£5.00/each
2981,Takul Halal Kitchen Chicken Pasty 140G,https://www.tesco.com/groceries/en-GB/products/312573967,1687614385.6797829,"['£1.50', '£1.07/100g']",1.5,£1.07/100g
2982,Tesco Mixed Raisins 60G,https://www.tesco.com/groceries/en-GB/products/311262104,1687614385.7525692,"['£1.00', '£16.67/kg']",1.0,£16.67/kg
2983,Tesco Smoky Bbq Favour Nut Mix 25G,https://www.tesco.com/groceries/en-GB/products/312361587,1687614385.851593,"['£0.75', '£30.00/kg']",0.75,£30.00/kg
2984,Tesco Nut Bites Mix Baklava Flavour 25G,https://www.tesco.com/groceries/en-GB/products/312220493,1687614385.9428449,"['£0.75', '£30.00/kg']",0.75,£30.00/kg
2985,Tesco Cocoa & Vanilla Flavour Nut Mix 25G,https://www.tesco.com/groceries/en-GB/products/311797531,1687614386.0336661,"['£0.75', '£30.00/kg']",0.75,£30.00/kg
2986,Tesco Finest 35 Day Salt Dry Aberdeen Angus Rump Steak,https://www.tesco.com/groceries/en-GB/products/309486412,1687614386.128514,"['£6.76', '£26.50/kg']",6.76,£26.50/kg
2987,Charlie Bigham's Vegetable Lasagne 730G,https://www.tesco.com/groceries/en-GB/products/302063578,1687614386.201751,"['£9.50', '£13.01/kg']",9.5,£13.01/kg
2988,Tesco Greek Salad Inspired Olives 140G,https://www.tesco.com/groceries/en-GB/products/307356996,1687614386.298789,"['£3.50', '£2.50/100g']",3.5,£2.50/100g
2989,Tesco Vine Tomatoes With Pesto Mozzarella 210G,https://www.tesco.com/groceries/en-GB/products/302285062,1687614386.3711581,"['£3.50', '£1.67/100g']",3.5,£1.67/100g
2990,Tesco Spiced Pork Belly With Honey & Chilli 330G,https://www.tesco.com/groceries/en-GB/products/308094606,1687614386.4466612,"['£4.00', '£12.12/kg']",4.0,£12.12/kg
2991,"Tesco Finest Tomato, Red Pepper & Feta Cheese Sauce 180G",https://www.tesco.com/groceries/en-GB/products/308481033,1687614386.52116,"['£2.60', '£1.44/100g']",2.6,£1.44/100g
2992,Higgidy Porcini Mushroom & Spinach Quiche 155G,https://www.tesco.com/groceries/en-GB/products/311426516,1687614386.5972202,"['£3.40', '£2.19/100g']",3.4,£2.19/100g
2993,Tesco Calorie Controlled Vegetable Arrabbiata 380G,https://www.tesco.com/groceries/en-GB/products/312222485,1687614386.666977,"['£3.00', '£7.90/kg']",3.0,£7.90/kg
2994,Quorn Chilli With Rice 400G,https://www.tesco.com/groceries/en-GB/products/312088142,1687614386.760755,"['£3.50', '£8.75/kg']",3.5,£8.75/kg
2997,Tesco Chinese Style Chicken Curry 400G,https://www.tesco.com/groceries/en-GB/products/310162437,1687614387.030199,"['£4.00', '£10.00/kg']",4.0,£10.00/kg
2998,Krakus Kielbasa Podsuszana 260G,https://www.tesco.com/groceries/en-GB/products/309466033,1687614387.134955,"['£2.75', '£1.06/100g']",2.75,£1.06/100g
2999,Pakeeza Ayran Lassi 1Kg,https://www.tesco.com/groceries/en-GB/products/310680048,1687614387.2040682,"['£2.50', '£0.25/100g']",2.5,£0.25/100g
3000,Yeo Valley Organic Mango Pineapple & Passion Fruit 450G,https://www.tesco.com/groceries/en-GB/products/312223651,1687614387.2756858,"['£2.25', '£0.50/100g']",2.25,£0.50/100g
3001,The Coconut Collaborative Apricot Coconut Yogurt Alternative 4X90g,https://www.tesco.com/groceries/en-GB/products/312715075,1687614387.344976,"['£3.00', '£8.33/kg']",3.0,£8.33/kg
3002,Tesco Finest Lomo 80G,https://www.tesco.com/groceries/en-GB/products/311270287,1687614387.440588,"['£2.40', '£3.00/100g']",2.4,£3.00/100g
3003,The Coconut Collaborative Plain Cultured Coconut Yogurt 350G,https://www.tesco.com/groceries/en-GB/products/311961573,1687614387.534345,"['£2.95', '£0.84/100g']",2.95,£0.84/100g
3004,Elit Carnati Bicaz Sausage 500G,https://www.tesco.com/groceries/en-GB/products/309449808,1687614387.631924,"['£2.00', '£0.40/100g']",2.0,£0.40/100g
3005,Tesco Sweet Potato Thai Red Curry & Js/Rice 400G,https://www.tesco.com/groceries/en-GB/products/310140437,1687614387.7041862,"['£3.00', '£7.50/kg']",3.0,£7.50/kg
3006,Bol Vanilla Almond Oats Power Shake 450G,https://www.tesco.com/groceries/en-GB/products/310140884,1687614387.8020248,"['£3.50', '£7.78/kg']",3.5,£7.78/kg
3007,"Tesco Beautifully Balanced Chicken, Broccoli & Almond Salad 265G",https://www.tesco.com/groceries/en-GB/products/305990725,1687614387.894403,"['£2.75', '£1.04/100g']",2.75,£1.04/100g
3008,Takul Halal Kitchen 10 Chilli Hot Dog 300G,https://www.tesco.com/groceries/en-GB/products/311216120,1687614387.987246,"['£2.00', '£0.67/100g']",2.0,£0.67/100g
3009,Don Simon Orange Juicy Bits 1L,https://www.tesco.com/groceries/en-GB/products/312851546,1687614388.0628648,"['£2.00', '£0.20/100ml']",2.0,£0.20/100ml
3010,Tesco Grape & Berry Medley 230G,https://www.tesco.com/groceries/en-GB/products/312991322,1687614388.133924,"['£2.25', '£9.78/kg']",2.25,£9.78/kg
3011,Bear Pure Fruit Yoyos Mango 20G,https://www.tesco.com/groceries/en-GB/products/279344424,1687614388.204057,"['£0.60', '£3.00/100g']",0.6,£3.00/100g
3012,Tesco Mexican Inspired Chicken Traybake 400G,https://www.tesco.com/groceries/en-GB/products/303009746,1687614388.336407,"['£4.40', '£11.00/kg']",4.4,£11.00/kg
3013,Tesco Smoky Paprika Crunch 45G,https://www.tesco.com/groceries/en-GB/products/306937034,1687614388.428362,"['£1.00', '£2.22/100g']",1.0,£2.22/100g
3014,Tesco Fin * Korean Inspired Butterfield Pork Shoulder Joint 670G,https://www.tesco.com/groceries/en-GB/products/313182322,1687614388.528439,"['£8.00', '£11.94/kg']",8.0,£11.94/kg
3015,Tesco Spanish Olives With Basil 300G,https://www.tesco.com/groceries/en-GB/products/307353757,1687614388.6068711,"['£4.50', '£1.50/100g']",4.5,£1.50/100g
3016,Tesco Trio Of Greek Olives 380G,https://www.tesco.com/groceries/en-GB/products/310113669,1687614388.6825442,"['£4.50', '£1.18/100g']",4.5,£1.18/100g
3017,Sokolow Nordic Style Bacon In Block 480G,https://www.tesco.com/groceries/en-GB/products/309472780,1687614388.752152,"['£5.00', '£1.04/100g']",5.0,£1.04/100g
3018,Tesco Mediterranean Pork Loin Steaks 600G,https://www.tesco.com/groceries/en-GB/products/304371740,1687614388.8226728,"['£5.45', '£9.08/kg']",5.45,£9.08/kg
3019,Toblerone Cheesecakes 2X85g,https://www.tesco.com/groceries/en-GB/products/308096184,1687614388.8911428,"['£3.40', '£2.00/100g']",3.4,£2.00/100g
3020,Krakus Golonka Canned Cured Pork Meat 300G,https://www.tesco.com/groceries/en-GB/products/309205889,1687614388.961578,"['£2.50', '£0.83/100g']",2.5,£0.83/100g
3021,Heck Breakfast Sausages 8 Pack 440G,https://www.tesco.com/groceries/en-GB/products/312366297,1687614389.076311,"['£3.00', '£6.82/kg']",3.0,£6.82/kg
3022,Kirsty's Gluten Free Chicken Tikka Masala & Spiced Rice 450G,https://www.tesco.com/groceries/en-GB/products/309168609,1687614389.1666298,"['£3.50', '£7.78/kg']",3.5,£7.78/kg
3023,Tesco Pink Lady Apple 350G,https://www.tesco.com/groceries/en-GB/products/302947875,1687614389.2465339,"['£2.50', '£7.14/kg']",2.5,£7.14/kg
3024,Charlie Bigham's Macaroni Cheese 670G,https://www.tesco.com/groceries/en-GB/products/291242723,1687614396.4788868,"['£9.50', '£14.18/kg']",9.5,£14.18/kg
3025,Charlie Bighams Smoked Haddock Gratin 650G,https://www.tesco.com/groceries/en-GB/products/310144056,1687614396.755971,"['£9.50', '£14.62/kg']",9.5,£14.62/kg
3026,Daim Cheesecakes 2 X 85G,https://www.tesco.com/groceries/en-GB/products/308110554,1687614396.8553522,"['£3.40', '£2.00/100g']",3.4,£2.00/100g
3027,Tesco Finest Mediterranean Inspired Vegetable Sauce 180G,https://www.tesco.com/groceries/en-GB/products/308475006,1687614396.978246,"['£2.60', '£1.44/100g']",2.6,£1.44/100g
3028,Wicked Kitchen Crushed Black Pepper Block 150G,https://www.tesco.com/groceries/en-GB/products/311793489,1687614397.053708,"['£2.50', '£16.67/kg']",2.5,£16.67/kg
3029,Tesco Bbq Chicken Breast Pieces 360G,https://www.tesco.com/groceries/en-GB/products/309495257,1687614397.145439,"['£4.50', '£1.25/100g']",4.5,£1.25/100g
3030,Biotiful Coconut Kefir Drink 500Ml,https://www.tesco.com/groceries/en-GB/products/312721453,1687614397.21809,"['£2.60', '£0.52/100ml']",2.6,£0.52/100ml
3031,Violife Vegan Crumbly Blue Block 150G,https://www.tesco.com/groceries/en-GB/products/312095035,1687614397.2961679,"['£3.25', '£21.67/kg']",3.25,£21.67/kg
3032,Tesco Breaded Cod & Chips 300G,https://www.tesco.com/groceries/en-GB/products/312361596,1687614397.394102,"['£3.00', '£10.00/kg']",3.0,£10.00/kg
3033,Wasabi Japanese Fried Chicken 165G,https://www.tesco.com/groceries/en-GB/products/312845911,1687614397.4645288,"['£2.75', '£16.67/kg']",2.75,£16.67/kg
3034,Wicked Kitchen Spicy Pepper-No-Ni Pizza 390G,https://www.tesco.com/groceries/en-GB/products/312089020,1687614397.538054,"['£4.50', '£1.15/100g']",4.5,£1.15/100g
3035,Takul Halal Kitchen 4 Vegetable Samosas 160G,https://www.tesco.com/groceries/en-GB/products/311203967,1687614397.608083,"['£2.65', '£16.56/kg']",2.65,£16.56/kg
3036,Tesco Finest Moroccan Inspired Lamb Kebabs 460G,https://www.tesco.com/groceries/en-GB/products/312355172,1687614397.679275,"['£5.25', '£11.41/kg']",5.25,£11.41/kg
3037,Mighty M.Lkology Whole Uht Pea Protein Drink 1 Litre,https://www.tesco.com/groceries/en-GB/products/310175451,1687614397.749811,"['£1.90', '£1.90/litre']",1.9,£1.90/litre
3038,Tesco Finest Cote D'boeuf,https://www.tesco.com/groceries/en-GB/products/299270348,1687614397.826688,"['£16.74', '£25.75/kg']",16.74,£25.75/kg
3039,Tesco Meat & Vegetable Chicken & Cauliflower Goujons 270G,https://www.tesco.com/groceries/en-GB/products/309757870,1687614397.8985322,"['£2.00', '£7.41/kg']",2.0,£7.41/kg
3040,The Artisan Bread Company Spanish Reganas 100G,https://www.tesco.com/groceries/en-GB/products/311231216,1687614397.969596,"['£1.60', '£1.60/100g']",1.6,£1.60/100g
3041,Chop Maple Orange & Wholegrain Mustard Salad Dressing 120G,https://www.tesco.com/groceries/en-GB/products/312227733,1687614398.069346,"['£1.30', '£1.08/100g']",1.3,£1.08/100g
3042,The Corner Deli Co Tomato & Oregano Pizza Bites 60G,https://www.tesco.com/groceries/en-GB/products/304400782,1687614398.140807,"['£1.70', '£2.83/100g']",1.7,£2.83/100g
3043,Bol Chocolate & Peanut Butter Power Shake 450G,https://www.tesco.com/groceries/en-GB/products/310658669,1687614398.233699,"['£3.50', '£7.78/kg']",3.5,£7.78/kg
3044,Tesco Organic 2 Beef Quarter Pounders 227G,https://www.tesco.com/groceries/en-GB/products/308452978,1687614398.3263612,"['£2.75', '£12.12/kg']",2.75,£12.12/kg
3045,Takul Halal Kitchen Chicken Tikka Samosas 160G,https://www.tesco.com/groceries/en-GB/products/311201460,1687614398.4004018,"['£2.65', '£16.56/kg']",2.65,£16.56/kg
3046,Tesco Grape & Berry Medley 230G,https://www.tesco.com/groceries/en-GB/products/312984106,1687614398.4717991,"['£2.25', '£9.78/kg']",2.25,£9.78/kg
3047,Cano Water Still Spring Water Resealable 500Ml,https://www.tesco.com/groceries/en-GB/products/301674346,1687614398.5673862,"['£1.00', '£0.20/100ml']",1.0,£0.20/100ml
3048,Tesco Finest Raw Argentinian Red Shrimp 180G,https://www.tesco.com/groceries/en-GB/products/311667037,1687614398.68923,"['£5.00', '£27.78/kg']",5.0,£27.78/kg
3049,Tesco Organic British Lamb Half Leg Joint,https://www.tesco.com/groceries/en-GB/products/252513382,1687614398.7604759,"['£13.95', '£15.50/kg']",13.95,£15.50/kg
3050,Tesco Moroccan Inspired Lamb Tagine 550G,https://www.tesco.com/groceries/en-GB/products/309491209,1687614398.833983,"['£6.00', '£10.91/kg']",6.0,£10.91/kg
3051,Unearthed 4 Jalepeno & Cheese Frankfurter 260G,https://www.tesco.com/groceries/en-GB/products/311796221,1687614398.906154,"['£3.50', '£1.35/100g']",3.5,£1.35/100g
3052,Tesco Finest Korean Style Soy & Ginger Beef Ribs 480G,https://www.tesco.com/groceries/en-GB/products/310187687,1687614398.9759529,"['£6.50', '£13.54/kg']",6.5,£13.54/kg
3053,Bretta Spicy Salami Napoli 250G,https://www.tesco.com/groceries/en-GB/products/307141081,1687614399.0525901,"['£4.00', '£1.60/100g']",4.0,£1.60/100g
3054,Tesco 10 Mozzarella & Tomato Bites 200G,https://www.tesco.com/groceries/en-GB/products/311789691,1687614399.1236658,"['£3.00', '£15.00/kg']",3.0,£15.00/kg
3055,Tesco 10 Soft Cheese & Garlic Bites 200G,https://www.tesco.com/groceries/en-GB/products/311426833,1687614399.1944408,"['£3.00', '£15.00/kg']",3.0,£15.00/kg
3056,Yarden Red Cabbage Mayonnaise 250G,https://www.tesco.com/groceries/en-GB/products/250442416,1687614399.263309,"['£2.65', '£1.06/100g']",2.65,£1.06/100g
3057,"Heck Chicken, Red Pepper & Feta Chipolata 10 Pack 340G",https://www.tesco.com/groceries/en-GB/products/312220850,1687614399.335344,"['£3.00', '£8.82/kg']",3.0,£8.82/kg
3058,Jamie Oliver Butternut Squash Cheese & Chilli Sauce 200G,https://www.tesco.com/groceries/en-GB/products/311251667,1687614399.405531,"['£2.25', '£1.12/100g']",2.25,£1.12/100g
3059,"Tesco Anchovy, Olive & Red Pepper Skewers 90G",https://www.tesco.com/groceries/en-GB/products/310672571,1687614399.4751868,"['£3.50', '£3.89/100g']",3.5,£3.89/100g
3060,Tesco Salmon With Sriracha Mayonnaise & Onions 143G,https://www.tesco.com/groceries/en-GB/products/311263380,1687614399.545851,"['£2.85', '£1.99/100g']",2.85,£1.99/100g
3061,Tesco Chicken & Chorizo Sandwich,https://www.tesco.com/groceries/en-GB/products/304370608,1687614399.647954,"['£2.60', '£2.60/each']",2.6,£2.60/each
3062,Tesco Meat & Vegetable 6 Pork Sausages 400G,https://www.tesco.com/groceries/en-GB/products/309747133,1687614399.744469,"['£2.50', '£6.25/kg']",2.5,£6.25/kg
3063,Tesco Gluten Free Chicken & Bacon Mayonnaise Sandwich,https://www.tesco.com/groceries/en-GB/products/304392317,1687614399.830304,"['£2.85', '£2.85/each']",2.85,£2.85/each
3064,Tesco Finest Mediterranean Inspired Sea Bass Fillets 301G,https://www.tesco.com/groceries/en-GB/products/312696361,1687614399.9896488,"['£5.00', '£16.61/kg']",5.0,£16.61/kg
3065,Robinsons Fruit Shoot B/Crnt&Apl Low Sugar 275Ml,https://www.tesco.com/groceries/en-GB/products/274173594,1687614400.064807,"['£0.90', '£0.33/100ml']",0.9,£0.33/100ml
3066,Wall's Pork & Pickle Sausage Rolls 220G,https://www.tesco.com/groceries/en-GB/products/313011140,1687614400.183608,"['£2.50', '£1.14/100g']",2.5,£1.14/100g
3067,Tesco Pulse Bites Pesto Flavoured Nut & Pulse Mix 25G,https://www.tesco.com/groceries/en-GB/products/312578530,1687614400.292396,"['£0.75', '£30.00/kg']",0.75,£30.00/kg
3068,Tesco Oriental Flavoured Nut Mix 25G,https://www.tesco.com/groceries/en-GB/products/312347470,1687614400.444535,"['£0.75', '£30.00/kg']",0.75,£30.00/kg
3069,Tesco Chai Masala Flavour Nut Mix 25G,https://www.tesco.com/groceries/en-GB/products/312362094,1687614400.552324,"['£0.75', '£30.00/kg']",0.75,£30.00/kg
3070,Tesco Finest Slow Cooked Coq Au Vin 775G,https://www.tesco.com/groceries/en-GB/products/312351971,1687614400.6593091,"['£8.50', '£10.97/kg']",8.5,£10.97/kg
3071,Tesco Chunky Beef Chilli 550G,https://www.tesco.com/groceries/en-GB/products/307357459,1687614400.747452,"['£6.00', '£10.91/kg']",6.0,£10.91/kg
3072,Cinnamon Kitchen Old Delhi Butter Chicken 600G,https://www.tesco.com/groceries/en-GB/products/312984325,1687614407.8308952,"['£7.00', '£11.67/kg']",7.0,£11.67/kg
3073,Tesco Finest Norwegian Halibut Fillets,https://www.tesco.com/groceries/en-GB/products/312347084,1687614407.906116,"['£10.75', '£50.00/kg']",10.75,£50.00/kg
3074,Tgi Fridays Bbq Beef Brisket 400G,https://www.tesco.com/groceries/en-GB/products/310174688,1687614407.980638,"['£5.50', '£13.75/kg']",5.5,£13.75/kg
3075,Tesco Finest Tropical Fruit Mix 125G,https://www.tesco.com/groceries/en-GB/products/311449604,1687614408.074673,"['£3.50', '£28.00/kg']",3.5,£28.00/kg
3076,Pakeeza Exotic Mango Lassi 1Kg,https://www.tesco.com/groceries/en-GB/products/310697017,1687614408.145463,"['£3.50', '£3.50/kg']",3.5,£3.50/kg
3077,Cinnamon Kitchen Chilli Lamb Rogan Josh 400G,https://www.tesco.com/groceries/en-GB/products/312988782,1687614408.2258072,"['£7.50', '£18.75/kg']",7.5,£18.75/kg
3078,Cinnamon Kitchen Hyderabadi Chicken Korma 600G,https://www.tesco.com/groceries/en-GB/products/312567382,1687614408.298155,"['£7.00', '£11.67/kg']",7.0,£11.67/kg
3079,Califia Farms Medium Roast Coffee 750Ml,https://www.tesco.com/groceries/en-GB/products/311690392,1687614408.370989,"['£2.95', '£3.93/litre']",2.95,£3.93/litre
3080,Quorn Cajun Wings 230G,https://www.tesco.com/groceries/en-GB/products/312560026,1687614408.4405398,"['£3.00', '£13.04/kg']",3.0,£13.04/kg
3081,Risotto Gallo Pronto Milanese 175G,https://www.tesco.com/groceries/en-GB/products/282719782,1687614408.51262,"['£2.65', '£15.14/kg']",2.65,£15.14/kg
3082,Tesco Plant Chef No Beef Pie 200G,https://www.tesco.com/groceries/en-GB/products/307144947,1687614408.601006,"['£1.80', '£0.90/100g']",1.8,£0.90/100g
3083,Tesco Harissa Spiced Lamb Shoulder 400G,https://www.tesco.com/groceries/en-GB/products/308106272,1687614408.6731362,"['£6.00', '£15.00/kg']",6.0,£15.00/kg
3084,Takul Halal Meatball Marinara Pizza 360G,https://www.tesco.com/groceries/en-GB/products/312722020,1687614408.741937,"['£4.00', '£1.11/100g']",4.0,£1.11/100g
3085,Higgidy 8 Mini Muffins Sunblush Tomato & Cheddar 160G,https://www.tesco.com/groceries/en-GB/products/313011497,1687614408.807698,"['£3.85', '£2.41/100g']",3.85,£2.41/100g
3086,Pizze Express Pasta Con Funghi 650G,https://www.tesco.com/groceries/en-GB/products/312084031,1687614408.895607,"['£6.30', '£0.97/100g']",6.3,£0.97/100g
3087,Cinnamon Kitchen Bombay Aloo 300G,https://www.tesco.com/groceries/en-GB/products/312701805,1687614408.982662,"['£3.00', '£10.00/kg']",3.0,£10.00/kg
3088,Bol Hazelnut Latte Power Shake 450G,https://www.tesco.com/groceries/en-GB/products/312367964,1687614409.04999,"['£3.50', '£7.78/kg']",3.5,£7.78/kg
3089,Tesco Beautifully Balanced Tuna & Egg Salad Sandwich,https://www.tesco.com/groceries/en-GB/products/310175157,1687614409.139562,"['£2.85', '£2.85/each']",2.85,£2.85/each
3090,Tesco 2 Beef Grill Steaks 300G,https://www.tesco.com/groceries/en-GB/products/306802073,1687614409.2382941,"['£2.55', '£8.50/kg']",2.55,£8.50/kg
3091,Cinnamon Kitchen Black Dhal 300G,https://www.tesco.com/groceries/en-GB/products/312836035,1687614409.3042712,"['£3.00', '£10.00/kg']",3.0,£10.00/kg
3092,Tesco Apple Infused Apple Pieces 100G,https://www.tesco.com/groceries/en-GB/products/311937159,1687614409.369759,"['£1.50', '£15.00/kg']",1.5,£15.00/kg
3093,Tesco Strawberry Infused Apple Pieces 100G,https://www.tesco.com/groceries/en-GB/products/311805805,1687614409.4337611,"['£1.50', '£15.00/kg']",1.5,£15.00/kg
3094,Tesco Finest Lamb Rump Joint With Rosemary & Mint,https://www.tesco.com/groceries/en-GB/products/311690904,1687614409.498358,"['£6.21', '£17.75/kg']",6.21,£17.75/kg
3095,Mor 12 Classic Beef Meatballs With Red Pepper 336G,https://www.tesco.com/groceries/en-GB/products/312357498,1687614409.5634382,"['£3.00', '£8.93/kg']",3.0,£8.93/kg
3096,Tesco Chicken Tikka Masala 500G,https://www.tesco.com/groceries/en-GB/products/310181322,1687614409.6521611,"['£6.00', '£12.00/kg']",6.0,£12.00/kg
3097,Tesco Finest Beef Shin With Beef & Truffle Jus 1.61Kg,https://www.tesco.com/groceries/en-GB/products/312084857,1687614409.720064,"['£20.00', '£12.42/kg']",20.0,£12.42/kg
3098,Yarden Houmous Reduced Calories 250G,https://www.tesco.com/groceries/en-GB/products/262524077,1687614409.794825,"['£2.65', '£1.06/100g']",2.65,£1.06/100g
3099,Fresh Halal Turkey Tandoori Drumstick,https://www.tesco.com/groceries/en-GB/products/310150768,1687614409.875711,"['£5.85', '£5.85/kg']",5.85,£5.85/kg
3100,Tesco Chicken & Stuffing Sandwich,https://www.tesco.com/groceries/en-GB/products/250700175,1687614409.954765,"['£2.60', '£2.60/each']",2.6,£2.60/each
3101,Wicked Kitchen Hot Burrito,https://www.tesco.com/groceries/en-GB/products/308482929,1687614410.0521119,"['£3.00', '£3.00/each']",3.0,£3.00/each
3102,Tesco Plant Chef Vegaroni Pasta 400G,https://www.tesco.com/groceries/en-GB/products/307157385,1687614410.124274,"['£3.00', '£7.50/kg']",3.0,£7.50/kg
3103,Tesco Finest Slow Cooked Tandoori Smoked Chicken 1.322Kg,https://www.tesco.com/groceries/en-GB/products/312219714,1687614410.2267468,"['£10.00', '£7.56/kg']",10.0,£7.56/kg
3104,Tesco Plant Chef Mushroom Fettuccine Pasta 400G,https://www.tesco.com/groceries/en-GB/products/307156582,1687614410.298837,"['£3.00', '£7.50/kg']",3.0,£7.50/kg
3105,Pakeeza Passion Fruit Lassi Thick Yogurt Drink 330G,https://www.tesco.com/groceries/en-GB/products/313000207,1687614410.3938072,"['£1.35', '£0.41/100g']",1.35,£0.41/100g
3106,T.P/Chef No Beef Black Bean Sauce With Rice 380G,https://www.tesco.com/groceries/en-GB/products/308484479,1687614410.485952,"['£3.00', '£7.90/kg']",3.0,£7.90/kg
3107,Richmond 20 Thick Pork Sausages 2X512g,https://www.tesco.com/groceries/en-GB/products/305972684,1687614410.5805361,"['£5.00', '£4.88/kg']",5.0,£4.88/kg
3108,From The Deli Corned Beef 325G,https://www.tesco.com/groceries/en-GB/products/268652762,1687614410.677078,"['£5.00', '£1.54/100g']",5.0,£1.54/100g
3109,Tesco Beef Rump Steaks 700G,https://www.tesco.com/groceries/en-GB/products/313512912,1687614410.756972,"['£12.00', '£17.14/kg']",12.0,£17.14/kg
3110,Express Cuisine Chicken & Sweetcorn Mayonnaise Wrap 200G,https://www.tesco.com/groceries/en-GB/products/283522122,1687614410.8727481,"['£2.60', '£1.30/100g']",2.6,£1.30/100g
3111,Tesco Mozzarella With Pesto 125G,https://www.tesco.com/groceries/en-GB/products/305980229,1687614411.000339,"['£2.65', '£2.12/100g']",2.65,£2.12/100g
3112,Tesco Fire Pit 10 Peri Peri Flavoured Cheesy Slices 200G,https://www.tesco.com/groceries/en-GB/products/311421026,1687614411.2476852,"['£1.30', '£6.50/kg']",1.3,£6.50/kg
3113,Tesco Melon Finger Tray 80G,https://www.tesco.com/groceries/en-GB/products/285363387,1687614411.3442822,"['£0.60', '£7.50/kg']",0.6,£7.50/kg
3114,Tesco Mixed Fruit & Nut 25G,https://www.tesco.com/groceries/en-GB/products/311440654,1687614411.432226,"['£0.50', '£20.00/kg']",0.5,£20.00/kg
3116,Tesco Flat Peach Minimum 4 Pack,https://www.tesco.com/groceries/en-GB/products/268663138,1687614411.594938,"['£1.25', '£0.31/each']",1.25,£0.31/each
3117,Cinnamon Kitchen Tandoori Chicken 800G,https://www.tesco.com/groceries/en-GB/products/312989101,1687614411.683284,"['£12.00', '£15.00/kg']",12.0,£15.00/kg
3118,Gressingham Whole Duck With Giblets 1.8Kg,https://www.tesco.com/groceries/en-GB/products/309455271,1687614411.7522671,"['£9.45', '£5.25/kg']",9.45,£5.25/kg
3119,Tesco Yellow Flesh Watermelon,https://www.tesco.com/groceries/en-GB/products/266454026,1687614411.818893,"['£3.70', '£3.70/each']",3.7,£3.70/each
3120,Tesco Classic Cheese Selection 450G,https://www.tesco.com/groceries/en-GB/products/309776743,1687614417.644523,"['£6.30', '£14.00/kg']",6.3,£14.00/kg
3121,Takul Halal Kitchen Beef Load Potato Wedges400g,https://www.tesco.com/groceries/en-GB/products/311671651,1687614417.717474,"['£4.00', '£10.00/kg']",4.0,£10.00/kg
3122,Gressingham Duck Breasts In Plum Sauce 400G,https://www.tesco.com/groceries/en-GB/products/301794048,1687614417.789539,"['£7.40', '£18.50/kg']",7.4,£18.50/kg
3123,Oatly Creamy Oat Spread Plain 150G,https://www.tesco.com/groceries/en-GB/products/307757061,1687614417.874308,"['£2.05', '£13.67/kg']",2.05,£13.67/kg
3124,Tesco P/Chef Meat Free Spaghetti Bolognese 450G,https://www.tesco.com/groceries/en-GB/products/309750917,1687614417.947498,"['£3.00', '£6.67/kg']",3.0,£6.67/kg
3125,Tesco Plant Chef Sweet & Sour Soya Strips 400G,https://www.tesco.com/groceries/en-GB/products/306808723,1687614418.05364,"['£3.00', '£7.50/kg']",3.0,£7.50/kg
3126,Tesco Plant Chef Meat Free Lasagne 450G,https://www.tesco.com/groceries/en-GB/products/309788746,1687614418.1459892,"['£3.00', '£6.67/kg']",3.0,£6.67/kg
3128,Tesco Watermelon Giant Each,https://www.tesco.com/groceries/en-GB/products/260765825,1687614418.3208902,"['£4.75', '£4.75/each']",4.75,£4.75/each
3129,Kerrygold Pure Irish Block Butter 250G,https://www.tesco.com/groceries/en-GB/products/254263282,1687614418.386546,"['£2.60', '£10.40/kg']",2.6,£10.40/kg
3130,Tesco Ready Rolled Reduced Fat Pastry 320G,https://www.tesco.com/groceries/en-GB/products/312988269,1687614418.455123,"['£1.25', '£3.91/kg']",1.25,£3.91/kg
3131,Tesco Shortcrust Pastry 425G,https://www.tesco.com/groceries/en-GB/products/313005361,1687614418.523254,"['£1.30', '£3.06/kg']",1.3,£3.06/kg
3132,Onken Fat Free Vanilla Yogurt 450G,https://www.tesco.com/groceries/en-GB/products/313741433,1687614418.594722,"['£1.95', '£0.43/100g']",1.95,£0.43/100g
3133,Tesco Ready Rolled Shortcrust Pastry 320G,https://www.tesco.com/groceries/en-GB/products/313851697,1687614418.685398,"['£1.25', '£3.91/kg']",1.25,£3.91/kg
3134,Tesco Large Pack Shortcrust Pastry 475G,https://www.tesco.com/groceries/en-GB/products/312839631,1687614418.7526772,"['£1.75', '£3.68/kg']",1.75,£3.68/kg
3135,Tesco Finest Tomato & Mascarpone & Basil Risotto 400G,https://www.tesco.com/groceries/en-GB/products/312988396,1687614418.8182778,"['£4.25', '£10.62/kg']",4.25,£10.62/kg
3136,The Real Seafood Co. Ready to Eat Crayfish tails 100g,https://www.tesco.com/groceries/en-GB/products/314582688,1687614418.906275,"['£4.00', '£4.00/100g']",4.0,£4.00/100g
3137,Tesco Finest Bourbon Pulled Beef With Creamy Mash 400G,https://www.tesco.com/groceries/en-GB/products/312709342,1687614418.9831161,"['£4.25', '£10.62/kg']",4.25,£10.62/kg
3138,Tesco Finest Chicken Madeira & Mushroom Rice 400G,https://www.tesco.com/groceries/en-GB/products/313003607,1687614419.075051,"['£4.25', '£10.62/kg']",4.25,£10.62/kg
3139,Charlie Bigham's Chunky Chips 400G,https://www.tesco.com/groceries/en-GB/products/314324972,1687614419.1650848,"['£4.00', '£10.00/kg']",4.0,£10.00/kg
3140,Tesco Finest Beef Chianti & Rosemary Potatoes 400G,https://www.tesco.com/groceries/en-GB/products/313002767,1687614419.2577422,"['£4.25', '£10.62/kg']",4.25,£10.62/kg
3141,Tesco Seafood Selection 200G,https://www.tesco.com/groceries/en-GB/products/262220592,1687614419.347709,"['£3.50', '£1.75/100g']",3.5,£1.75/100g
3142,Tesco Finest Beef Stroganoff With Rice 400G,https://www.tesco.com/groceries/en-GB/products/313011036,1687614419.417938,"['£4.25', '£10.62/kg']",4.25,£10.62/kg
3143,Tesco Finest Minted Baby Potatoes With Peas 325G,https://www.tesco.com/groceries/en-GB/products/306930295,1687614419.536942,"['£2.75', '£8.46/kg']",2.75,£8.46/kg
3144,Tesco Finest Mild & Delicate Scottish Smoked Salmon 100G,https://www.tesco.com/groceries/en-GB/products/313853669,1687614419.638156,"['£4.50', '£4.50/100g']",4.5,£4.50/100g
3145,Tesco Finest 4 Pork Maple & Bacon Hot Dogs 400G,https://www.tesco.com/groceries/en-GB/products/310141347,1687614419.713551,"['£3.25', '£8.12/kg']",3.25,£8.12/kg
3146,Tesco Fire Pit 14 Jumbo Pork Sausages 1.12Kg,https://www.tesco.com/groceries/en-GB/products/305528347,1687614419.818076,"['£4.50', '£4.02/kg']",4.5,£4.02/kg
3147,Richmond Minis Pork Sausages 90G,https://www.tesco.com/groceries/en-GB/products/313382788,1687614419.913166,"['£1.35', '£1.50/100g']",1.35,£1.50/100g
3148,Tesco Sliced Peppers 150G,https://www.tesco.com/groceries/en-GB/products/297696562,1687614420.0578701,"['£1.00', '£6.67/kg']",1.0,£6.67/kg
3149,Tesco Carrots 800G,https://www.tesco.com/groceries/en-GB/products/314417488,1687614420.154492,"['£0.44', '£0.55/kg']",0.44,£0.55/kg
3150,Tesco Finest Strawberries 600G,https://www.tesco.com/groceries/en-GB/products/311791566,1687614420.23025,"['£5.00', '£8.33/kg']",5.0,£8.33/kg
3151,Charlie Bigham's Tarka Dhal 400G,https://www.tesco.com/groceries/en-GB/products/314119265,1687614420.327195,"['£4.00', '£10.00/kg']",4.0,£10.00/kg
3152,Tesco Finest Lemon & Elderflower Twin Tarts 146G,https://www.tesco.com/groceries/en-GB/products/313744159,1687614420.424862,"['£3.00', '£2.06/100g']",3.0,£2.06/100g
3153,Foodologie 5 A Day Burrito Bowl Plant Pot 400G,https://www.tesco.com/groceries/en-GB/products/307365449,1687614420.498964,"['£2.50', '£6.25/kg']",2.5,£6.25/kg
3154,Foodologie 5 A Day Chilli Verde Plant Pot 400G,https://www.tesco.com/groceries/en-GB/products/307149752,1687614420.5714939,"['£2.50', '£6.25/kg']",2.5,£6.25/kg
3155,Foodologie 5 A Day Turmeric & Lentil Daal 400G,https://www.tesco.com/groceries/en-GB/products/307358441,1687614420.647253,"['£2.50', '£6.25/kg']",2.5,£6.25/kg
3156,Beretta Salamini Classic 85G,https://www.tesco.com/groceries/en-GB/products/313757167,1687614420.757803,"['£2.00', '£2.35/100g']",2.0,£2.35/100g
3157,Yorkshire Provender Moroccan Vegetable Tagine 560G,https://www.tesco.com/groceries/en-GB/products/313969665,1687614420.88846,"['£3.00', '£0.54/100g']",3.0,£0.54/100g
3158,"Tesco Salmon, Prawn & Surimi Rolls Sriracha Mayonnaise 141G",https://www.tesco.com/groceries/en-GB/products/313507660,1687614420.9993541,"['£2.85', '£2.02/100g']",2.85,£2.02/100g
3159,Tesco Spanish Style Tortilla 170G,https://www.tesco.com/groceries/en-GB/products/313613787,1687614421.08846,"['£2.50', '£1.47/100g']",2.5,£1.47/100g
3160,Tesco Finest 4 Jalapeno & Mozzerella Burgers 454G,https://www.tesco.com/groceries/en-GB/products/307739590,1687614421.177224,"['£4.10', '£9.03/kg']",4.1,£9.03/kg
3161,Babybel Light Cheese Apple & Grape 75G,https://www.tesco.com/groceries/en-GB/products/308474819,1687614421.258968,"['£1.25', '£1.67/100g']",1.25,£1.67/100g
3162,"Tesco Mackerel, Salmon & Prawn Sushi 155G",https://www.tesco.com/groceries/en-GB/products/313520960,1687614421.3720162,"['£2.85', '£1.84/100g']",2.85,£1.84/100g
3163,Tesco Jersey Royal Potatoes 450G,https://www.tesco.com/groceries/en-GB/products/258142494,1687614421.4664478,"['£1.85', '£4.11/kg']",1.85,£4.11/kg
3164,Tesco Fire Pit 6 Beef Burgers 730G,https://www.tesco.com/groceries/en-GB/products/292399311,1687614421.535448,"['£4.70', '£6.44/kg']",4.7,£6.44/kg
3165,English Cheesecake Company Lotus Biscoff Cheesecake Sundaes 2X87.5G,https://www.tesco.com/groceries/en-GB/products/314321353,1687614421.632399,"['£3.75', '£2.14/100g']",3.75,£2.14/100g
3166,English Cheesecake Company Salted Caramel Sundaes 2 X 90G,https://www.tesco.com/groceries/en-GB/products/313949758,1687614421.704347,"['£3.75', '£2.08/100g']",3.75,£2.08/100g
3167,Attack A Snak Ham & Cheese Wrap Kit 86G,https://www.tesco.com/groceries/en-GB/products/313945296,1687614421.771559,"['£1.50', '£17.44/kg']",1.5,£17.44/kg
3168,Attack A Snak Chicken & Cheese Wrap Kit 86G,https://www.tesco.com/groceries/en-GB/products/313610404,1687614428.112289,"['£1.50', '£17.44/kg']",1.5,£17.44/kg
3169,Attack A Snak Pepperoni & Cheese Wrap Kit 83G,https://www.tesco.com/groceries/en-GB/products/313861607,1687614428.229502,"['£1.50', '£18.07/kg']",1.5,£18.07/kg
3170,Tesco Finest Smoky Miso Style Rump Steaks 465G,https://www.tesco.com/groceries/en-GB/products/313612961,1687614428.320374,"['£8.00', '£17.20/kg']",8.0,£17.20/kg
3171,Tesco Watermelon Strawberry & Black Grape 220G,https://www.tesco.com/groceries/en-GB/products/302986678,1687614428.388701,"['£2.25', '£10.23/kg']",2.25,£10.23/kg
3172,Tesco Strawberries 100G,https://www.tesco.com/groceries/en-GB/products/300122126,1687614428.464006,"['£1.25', '£12.50/kg']",1.25,£12.50/kg
3173,Charlie Bigham's Moussaka 340G,https://www.tesco.com/groceries/en-GB/products/291244715,1687614428.544537,"['£6.00', '£1.76/100g']",6.0,£1.76/100g
3175,Tesco Finest Dinner For Two Salmon Gratin 400G,https://www.tesco.com/groceries/en-GB/products/311224398,1687614428.677994,"['£6.50', '£16.25/kg']",6.5,£16.25/kg
3176,Tesco Cottage Pie 1.5Kg,https://www.tesco.com/groceries/en-GB/products/285671258,1687614428.765175,"['£6.45', '£4.30/kg']",6.45,£4.30/kg
3177,Tesco Sweetcorn Fritters 140G,https://www.tesco.com/groceries/en-GB/products/313514259,1687614428.8513322,"['£2.65', '£1.89/100g']",2.65,£1.89/100g
3178,Tesco Ploughmans Pot 135G,https://www.tesco.com/groceries/en-GB/products/313837919,1687614428.9491231,"['£2.65', '£1.96/100g']",2.65,£1.96/100g
3179,Tesco Finest Smoky Tomato & Butterbean Dip 160G,https://www.tesco.com/groceries/en-GB/products/313734563,1687614429.051842,"['£2.10', '£1.31/100g']",2.1,£1.31/100g
3181,Tesco Finest Dinky Butternut Squash Chilli & Sage Rolls 144G,https://www.tesco.com/groceries/en-GB/products/313748909,1687614429.186612,"['£3.50', '£2.43/100g']",3.5,£2.43/100g
3182,Tesco Puff Pastry Block 425G,https://www.tesco.com/groceries/en-GB/products/313004926,1687614429.274797,"['£1.30', '£3.06/kg']",1.3,£3.06/kg
3183,Onken 0% Fat Strawberry Yogurt 450G,https://www.tesco.com/groceries/en-GB/products/313966697,1687614429.345694,"['£1.95', '£0.43/100g']",1.95,£0.43/100g
3184,Onken 0% Fat Mango & Apple Yogurt 450G,https://www.tesco.com/groceries/en-GB/products/313961564,1687614429.442195,"['£1.95', '£0.43/100g']",1.95,£0.43/100g
3185,Starbucks Caffe Latte Coffee Drink 330Ml,https://www.tesco.com/groceries/en-GB/products/309469669,1687614429.534036,"['£2.60', '£0.79/100ml']",2.6,£0.79/100ml
3186,Higgidy Mediterranean Pepper & Feta Quiche 400G,https://www.tesco.com/groceries/en-GB/products/313610548,1687614429.654366,"['£4.85', '£1.21/100g']",4.85,£1.21/100g
3187,The Real Seafood Co. Smoked Salmon 100G,https://www.tesco.com/groceries/en-GB/products/313756329,1687614429.720793,"['£3.70', '£3.70/100g']",3.7,£3.70/100g
3188,Tesco Finest Scottish Gravadlax Smoked Salmon 140G,https://www.tesco.com/groceries/en-GB/products/313388494,1687614429.7854872,"['£7.00', '£5.00/100g']",7.0,£5.00/100g
3189,Little Dish Variety Meals 3 X 200G,https://www.tesco.com/groceries/en-GB/products/313758759,1687614429.8764522,"['£6.25', '£10.42/kg']",6.25,£10.42/kg
3190,Little Dish Classic Fish Pie Kids Meal 200G,https://www.tesco.com/groceries/en-GB/products/313757829,1687614429.9432452,"['£2.85', '£14.25/kg']",2.85,£14.25/kg
3191,Little Dish Mild Chicken Korma Kids Meal 200G,https://www.tesco.com/groceries/en-GB/products/313743742,1687614430.007575,"['£2.85', '£14.25/kg']",2.85,£14.25/kg
3192,Little Dish Spaghetti & Meatballs 200G,https://www.tesco.com/groceries/en-GB/products/312851696,1687614430.1084712,"['£2.85', '£14.25/kg']",2.85,£14.25/kg
3193,Little Dish Chicken & Vegetable Pie 200G,https://www.tesco.com/groceries/en-GB/products/313619032,1687614430.178198,"['£2.85', '£14.25/kg']",2.85,£14.25/kg
3194,Little Dish Chicken Rissotto Kids Meals 200G,https://www.tesco.com/groceries/en-GB/products/313523801,1687614430.2459772,"['£2.85', '£14.25/kg']",2.85,£14.25/kg
3195,The Gym Kitchen Beef Lasagne 400G,https://www.tesco.com/groceries/en-GB/products/313504352,1687614430.317951,"['£3.75', '£9.38/kg']",3.75,£9.38/kg
3196,Charlie Bigham's Green Vegatable Medley 210G,https://www.tesco.com/groceries/en-GB/products/314327107,1687614430.386492,"['£4.00', '£18.02/kg']",4.0,£18.02/kg
3197,The Collective Suckies Strawberry Yogurt 4 X 90G,https://www.tesco.com/groceries/en-GB/products/312706837,1687614430.477737,"['£2.95', '£0.82/100g']",2.95,£0.82/100g
3198,Fridge Raiders Slow Roasted Chicken Bites 70G,https://www.tesco.com/groceries/en-GB/products/313519219,1687614430.5663621,"['£1.00', '£1.43/100g']",1.0,£1.43/100g
3199,Tesco Fire Pit Sweet Chilli Chicken Thighs 900G,https://www.tesco.com/groceries/en-GB/products/272826678,1687614430.631207,"['£4.50', '£5.00/kg']",4.5,£5.00/kg
3201,Pots & Co Chocolate & Hazelnut Praline Ganache 4X45g,https://www.tesco.com/groceries/en-GB/products/314103992,1687614430.7858508,"['£3.50', '£1.94/100g']",3.5,£1.94/100g
3202,Tesco Panko Breaded Calamari 200G,https://www.tesco.com/groceries/en-GB/products/313174666,1687614430.8510232,"['£3.50', '£17.50/kg']",3.5,£17.50/kg
3203,Pots & Co Choco Latte Ganache 4X45g,https://www.tesco.com/groceries/en-GB/products/314117667,1687614430.9367151,"['£3.50', '£1.94/100g']",3.5,£1.94/100g
3204,Muller Light Chocolate Fix & Orange Flavoured Dessert 4X70g,https://www.tesco.com/groceries/en-GB/products/314319472,1687614431.00281,"['£2.25', '£0.80/100g']",2.25,£0.80/100g
3205,Muller Light Chocolate Fix & Caramel Layers 4X70g,https://www.tesco.com/groceries/en-GB/products/313943407,1687614431.109743,"['£2.25', '£0.80/100g']",2.25,£0.80/100g
3206,Muller Light Chocolate Fix & Mint Flavoured Dessert 4X70g,https://www.tesco.com/groceries/en-GB/products/314308859,1687614431.176418,"['£2.25', '£0.80/100g']",2.25,£0.80/100g
3207,Muller Light Chocolate Fix Milk Chocolate Dessert 4X70g,https://www.tesco.com/groceries/en-GB/products/314121722,1687614431.242434,"['£2.25', '£0.80/100g']",2.25,£0.80/100g
3208,Muller Light Chocolate Fix White Chocolate Dessert 4X70g,https://www.tesco.com/groceries/en-GB/products/313943868,1687614431.3095481,"['£2.25', '£0.80/100g']",2.25,£0.80/100g
3209,Cadbury Dairy Milk Pots Of Joy 350G,https://www.tesco.com/groceries/en-GB/products/314304307,1687614431.374261,"['£3.00', '£0.86/100g']",3.0,£0.86/100g
3210,Tesco Finest 2 Tarte Au Chocolat 150G,https://www.tesco.com/groceries/en-GB/products/309450161,1687614431.461827,"['£3.25', '£2.17/100g']",3.25,£2.17/100g
3211,Tranos Feta Cheese 200G,https://www.tesco.com/groceries/en-GB/products/278857608,1687614431.5725272,"['£1.69', '£8.45/kg']",1.69,£8.45/kg
3212,Tesco Green Beans 220G,https://www.tesco.com/groceries/en-GB/products/313168567,1687614431.641185,"['£0.85', '£3.86/kg']",0.85,£3.86/kg
3213,The Gym Kitchen Sweet & Sour Chicken 380G,https://www.tesco.com/groceries/en-GB/products/313523922,1687614431.7090602,"['£3.75', '£9.87/kg']",3.75,£9.87/kg
3214,The Gym Kitchen Harissa Chicken 400G,https://www.tesco.com/groceries/en-GB/products/313622154,1687614431.789369,"['£3.75', '£9.38/kg']",3.75,£9.38/kg
3215,Higgidy 8 Sweet Potato Katsu Curry Lattices 160G,https://www.tesco.com/groceries/en-GB/products/314321376,1687614431.8613179,"['£3.50', '£2.19/100g']",3.5,£2.19/100g
3216,Tesco Finest Chicken Jalfrezi With Pilau Rice 400G,https://www.tesco.com/groceries/en-GB/products/312846109,1687614439.248648,"['£4.25', '£10.62/kg']",4.25,£10.62/kg
3217,Tesco Finest Thai Inspired Red Chicken Curry & Rice 400G,https://www.tesco.com/groceries/en-GB/products/313166630,1687614439.344028,"['£4.25', '£10.62/kg']",4.25,£10.62/kg
3218,Tesco Finest Thai Inspired Green Chicken Curry 400G,https://www.tesco.com/groceries/en-GB/products/313375699,1687614439.438847,"['£4.25', '£10.62/kg']",4.25,£10.62/kg
3219,Tesco Finest Prawn Tikka Masala & Pilau Rice 400G,https://www.tesco.com/groceries/en-GB/products/312838718,1687614439.529472,"['£4.25', '£10.62/kg']",4.25,£10.62/kg
3220,Tesco Finest Chicken Korma & Pilau Rice 400G,https://www.tesco.com/groceries/en-GB/products/313371853,1687614439.6257322,"['£4.25', '£10.62/kg']",4.25,£10.62/kg
3221,Tesco Finest Chicken Tikka Masala & Pilau Rice 400G,https://www.tesco.com/groceries/en-GB/products/312565545,1687614439.720632,"['£4.25', '£10.62/kg']",4.25,£10.62/kg
3222,Scratch Vietnamese Chicken Noodles 380G,https://www.tesco.com/groceries/en-GB/products/313961011,1687614439.814671,"['£4.00', '£0.01/kg']",4.0,£0.01/kg
3223,Gosh Mini Veggie Sausages Rolls Sage Black Pepper 162G,https://www.tesco.com/groceries/en-GB/products/313962252,1687614439.8796911,"['£2.80', '£1.73/100g']",2.8,£1.73/100g
3224,Tesco Fruity Chicken Curry & Rice 400G,https://www.tesco.com/groceries/en-GB/products/313514927,1687614439.9730072,"['£3.00', '£7.50/kg']",3.0,£7.50/kg
3225,Tesco Chicken Balti & Pilau Rice 400G,https://www.tesco.com/groceries/en-GB/products/313731572,1687614440.062516,"['£3.00', '£7.50/kg']",3.0,£7.50/kg
3226,Richmond Minis Meat Free Cocktail Sausages 162G,https://www.tesco.com/groceries/en-GB/products/313964820,1687614440.155058,"['£2.50', '£1.54/100g']",2.5,£1.54/100g
3227,Tesco Finest Greek Style Orzo Salad 240G,https://www.tesco.com/groceries/en-GB/products/310146970,1687614440.243726,"['£2.35', '£0.98/100g']",2.35,£0.98/100g
3228,Tesco Pesto Pasta 200G,https://www.tesco.com/groceries/en-GB/products/312703924,1687614440.335209,"['£1.20', '£6.00/kg']",1.2,£6.00/kg
3229,Tesco Finest Thick Cut Honey Roast Ham 100G,https://www.tesco.com/groceries/en-GB/products/313161641,1687614440.409684,"['£3.25', '£3.25/100g']",3.25,£3.25/100g
3230,Tesco Fire Pit Smokey Bbq Courgette Wedges 300G,https://www.tesco.com/groceries/en-GB/products/313843998,1687614440.502908,"['£2.25', '£7.50/kg']",2.25,£7.50/kg
3231,Tesco Blackberries 250G,https://www.tesco.com/groceries/en-GB/products/293625089,1687614440.589508,"['£3.00', '£12.00/kg']",3.0,£12.00/kg
3232,Tesco Pork Shoulder Steaks 1Kg,https://www.tesco.com/groceries/en-GB/products/284460052,1687614440.658562,"['£6.00', '£6.00/kg']",6.0,£6.00/kg
3233,Tesco Cherry Tomatoes 300G,https://www.tesco.com/groceries/en-GB/products/313968087,1687614440.754761,"['£1.00', '£3.33/kg']",1.0,£3.33/kg
3234,Tesco Fire Pit Tikka Masala Butternut Moons 355G,https://www.tesco.com/groceries/en-GB/products/313843831,1687614440.818325,"['£2.25', '£6.34/kg']",2.25,£6.34/kg
3235,Tesco Finest Tomato Mascarpone And Basil Risotto 700G,https://www.tesco.com/groceries/en-GB/products/312108293,1687614440.937233,"['£6.50', '£9.29/kg']",6.5,£9.29/kg
3236,Wasabi Korean Firecracker Chicken & Rice 450G,https://www.tesco.com/groceries/en-GB/products/314313956,1687614441.035448,"['£4.25', '£9.44/kg']",4.25,£9.44/kg
3237,Tesco 4 Hoisin Duck Steamed Buns 160G,https://www.tesco.com/groceries/en-GB/products/313376709,1687614441.102057,"['£3.75', '£23.44/kg']",3.75,£23.44/kg
3238,Tesco 12 Piece Chinese Style Selection Pack 254G,https://www.tesco.com/groceries/en-GB/products/313175319,1687614441.172106,"['£3.00', '£11.81/kg']",3.0,£11.81/kg
3239,Tesco Chicken Goujons With Lemon Sauce 270G,https://www.tesco.com/groceries/en-GB/products/312992563,1687614441.241091,"['£3.75', '£13.89/kg']",3.75,£13.89/kg
3240,Tesco 6 Vegetable Spring Rolls 216G,https://www.tesco.com/groceries/en-GB/products/312984711,1687614441.3315032,"['£2.25', '£10.42/kg']",2.25,£10.42/kg
3241,Tesco Egg Fried Rice 400G,https://www.tesco.com/groceries/en-GB/products/313172417,1687614441.4247959,"['£2.00', '£5.00/kg']",2.0,£5.00/kg
3242,Tesco Fire Pit 4 Halloumi Slices 200G,https://www.tesco.com/groceries/en-GB/products/313854806,1687614441.517015,"['£2.30', '£11.50/kg']",2.3,£11.50/kg
3243,Tesco Sweet & Sour Crispy Chicken Balls 310G,https://www.tesco.com/groceries/en-GB/products/313177093,1687614441.5818188,"['£3.75', '£12.10/kg']",3.75,£12.10/kg
3244,Tesco 6 Duck Spring Rolls 216G,https://www.tesco.com/groceries/en-GB/products/313170100,1687614441.682507,"['£2.75', '£12.73/kg']",2.75,£12.73/kg
3245,Tesco 4 Prawn Toasts 120G,https://www.tesco.com/groceries/en-GB/products/312993090,1687614441.768903,"['£2.00', '£16.67/kg']",2.0,£16.67/kg
3246,Tesco Finest Rainbow Plum Tomatoes In Balsamic Glaze 340G,https://www.tesco.com/groceries/en-GB/products/313854173,1687614441.8614101,"['£3.00', '£8.82/kg']",3.0,£8.82/kg
3247,Tesco Fruit Kebabs 290G,https://www.tesco.com/groceries/en-GB/products/313946787,1687614442.011791,"['£3.75', '£12.93/kg']",3.75,£12.93/kg
3248,Tesco Finest La Vegetariana Vegetables Ricotta Pizza 499G,https://www.tesco.com/groceries/en-GB/products/313602420,1687614442.078296,"['£5.75', '£1.15/100g']",5.75,£1.15/100g
3249,Tesco Chicken Tikka Masala & Chicken Jalfrezi Meal For Two 1.197Kg,https://www.tesco.com/groceries/en-GB/products/313627621,1687614442.155194,"['£8.50', '£7.10/kg']",8.5,£7.10/kg
3250,Squeaky Bean Ready To Eat Kick Of Tikka Chicken Style Pieces 130G,https://www.tesco.com/groceries/en-GB/products/314118370,1687614442.256187,"['£3.00', '£2.31/100g']",3.0,£2.31/100g
3251,Squeaky Bean Ready To Eat Sweet Smokey Bbq Chicken Style Pieces 130G,https://www.tesco.com/groceries/en-GB/products/313858480,1687614442.323,"['£3.00', '£3.00/each']",3.0,£3.00/each
3252,Heck Sweet Chilli Chicken Chipolatas 10 Pack 340G,https://www.tesco.com/groceries/en-GB/products/313174580,1687614442.38974,"['£3.20', '£9.41/kg']",3.2,£9.41/kg
3253,The Pizza Company Classic Crust Chicken Fajita 516G,https://www.tesco.com/groceries/en-GB/products/313374130,1687614442.477601,"['£5.25', '£1.02/100g']",5.25,£1.02/100g
3254,Tesco Crab Pate 100G,https://www.tesco.com/groceries/en-GB/products/313363687,1687614442.5770712,"['£1.80', '£1.80/100g']",1.8,£1.80/100g
3256,Fridge Raiders Meat Free Smoky Bbq Tasty Bites 60G,https://www.tesco.com/groceries/en-GB/products/314099984,1687614442.705929,"['£1.25', '£2.08/100g']",1.25,£2.08/100g
3257,Tesco Finest Sauvignon Blanc 75Cl,https://www.tesco.com/groceries/en-GB/products/312348117,1687614442.770966,"['£7.50', '£7.50/75cl']",7.5,£7.50/75cl
3258,Tesco Finest Cinsault Rose 75Cl,https://www.tesco.com/groceries/en-GB/products/312836438,1687614442.8636858,"['£7.50', '£7.50/75cl']",7.5,£7.50/75cl
3259,Tesco Asparagus 180G,https://www.tesco.com/groceries/en-GB/products/313732922,1687614442.955073,"['£1.60', '£8.89/kg']",1.6,£8.89/kg
3260,Tesco Finest Malbec 75Cl,https://www.tesco.com/groceries/en-GB/products/312852856,1687614443.02767,"['£7.50', '£7.50/75cl']",7.5,£7.50/75cl
3261,Noel El Cierzo Chorizo De Aragon 100G,https://www.tesco.com/groceries/en-GB/products/312855127,1687614443.118152,"['£3.00', '£3.00/100g']",3.0,£3.00/100g
3262,Tesco Chicken Korma & Tikka Masala Meal For Two 1.197Kg,https://www.tesco.com/groceries/en-GB/products/313371830,1687614443.196894,"['£8.50', '£7.10/kg']",8.5,£7.10/kg
3263,Tesco Chicken Jalfrezi & Chicken Korma Meal For Two 1.197Kg,https://www.tesco.com/groceries/en-GB/products/313841453,1687614443.3261561,"['£8.50', '£7.10/kg']",8.5,£7.10/kg
3264,Shicken Tikka Kebabs 240G,https://www.tesco.com/groceries/en-GB/products/313381576,1687614448.810507,"['£3.80', '£15.83/kg']",3.8,£15.83/kg
3265,Tesco Butter Chicken 400G,https://www.tesco.com/groceries/en-GB/products/313840287,1687614448.912426,"['£4.00', '£10.00/kg']",4.0,£10.00/kg
3266,Tesco Hog Roast Style Pork With Apple Sauce 425G,https://www.tesco.com/groceries/en-GB/products/309449964,1687614448.993105,"['£4.00', '£9.41/kg']",4.0,£9.41/kg
3267,Tesco 4 Cheese & Jalapeno Turkey Burgers 454G,https://www.tesco.com/groceries/en-GB/products/313372760,1687614449.0656362,"['£3.50', '£7.71/kg']",3.5,£7.71/kg
3268,Tesco Mussels 150G,https://www.tesco.com/groceries/en-GB/products/283088059,1687614449.139463,"['£1.50', '£1.00/100g']",1.5,£1.00/100g
3269,Tesco Finest Samphire 90g,https://www.tesco.com/groceries/en-GB/products/314305047,1687614449.2153668,"['£1.60', '£1.78/100g']",1.6,£1.78/100g
3270,Tesco Grapes & Strawberries 115G,https://www.tesco.com/groceries/en-GB/products/313162778,1687614449.3059342,"['£1.25', '£10.87/kg']",1.25,£10.87/kg
3271,Fresh Ideas Garlic & Herb Dip 60G,https://www.tesco.com/groceries/en-GB/products/313171180,1687614449.3804748,"['£1.00', '£1.67/100g']",1.0,£1.67/100g
3272,The Pizza Company Garlic & Herb Dip 90G,https://www.tesco.com/groceries/en-GB/products/313367104,1687614449.4575691,"['£1.50', '£1.67/100g']",1.5,£1.67/100g
3273,Tesco Finest Potato Wedges Whipped Feta Lemon Dip 400G,https://www.tesco.com/groceries/en-GB/products/313838694,1687614449.564376,"['£2.60', '£6.50/kg']",2.6,£6.50/kg
3274,The Pizza Company Bbq Dip 90G,https://www.tesco.com/groceries/en-GB/products/313605555,1687614449.702115,"['£1.50', '£1.67/100g']",1.5,£1.67/100g
3275,Tesco Melon Stone Fruit Raspberries 220G,https://www.tesco.com/groceries/en-GB/products/313731407,1687614449.7891579,"['£2.25', '£10.23/kg']",2.25,£10.23/kg
3277,Future Farm Vegan Burger 230G,https://www.tesco.com/groceries/en-GB/products/314116239,1687614449.924624,"['£3.00', '£13.04/kg']",3.0,£13.04/kg
3278,Tesco Finest Chicken Pad Thai 380G,https://www.tesco.com/groceries/en-GB/products/312082321,1687614450.002887,"['£4.25', '£11.18/kg']",4.25,£11.18/kg
3279,Coconut Each,https://www.tesco.com/groceries/en-GB/products/278721090,1687614450.090822,"['£0.90', '£0.90/each']",0.9,£0.90/each
3280,Linda Mccartney Vegetarian Mini Sausage Rolls 168G,https://www.tesco.com/groceries/en-GB/products/312563714,1687614450.155972,"['£2.25', '£1.34/100g']",2.25,£1.34/100g
3281,Davidstow 36 month Reserve Cheddar 200g Grab & Go £2.90 PMP,https://www.tesco.com/groceries/en-GB/products/313380145,1687614450.2205482,"['£2.90', '£1.45/100g']",2.9,£1.45/100g
3282,Tesco Finest Dinky Melton Mowbray Pork Pies 200G,https://www.tesco.com/groceries/en-GB/products/313608080,1687614450.3081028,"['£3.50', '£1.75/100g']",3.5,£1.75/100g
3283,Hovis Seed Sensations Maltd Wholegrain 800G,https://www.tesco.com/groceries/en-GB/products/313833492,1687614455.756615,"['£2.00', '£0.25/100g']",2.0,£0.25/100g
3284,Hovis Seeds Sensations Sunflower Pumpkin & Oat 800G,https://www.tesco.com/groceries/en-GB/products/313948007,1687614455.868566,"['£2.00', '£0.25/100g']",2.0,£0.25/100g
3285,Soft White Roll 6 Pack,https://www.tesco.com/groceries/en-GB/products/255810019,1687614455.975073,"['£0.80', '£13.33/100sht']",0.8,£13.33/100sht
3286,Tesco 8 All Butter Croissants,https://www.tesco.com/groceries/en-GB/products/254945512,1687614456.05796,"['£2.10', '£0.26/each']",2.1,£0.26/each
3287,Warburtons Thin Bagels Plain 6 Pack,https://www.tesco.com/groceries/en-GB/products/287853081,1687614456.163241,"['£1.75', '£0.29/each']",1.75,£0.29/each
3288,Warburtons Farmhouse White Bread 800G,https://www.tesco.com/groceries/en-GB/products/250168194,1687614456.2513971,"['£1.60', '£0.20/100g']",1.6,£0.20/100g
3289,Hovis Original 7 Seeds Bread 800G,https://www.tesco.com/groceries/en-GB/products/274811214,1687614456.322475,"['£2.00', '£0.25/100g']",2.0,£0.25/100g
3290,New York Bakery Plain Bagels 5 Pack,https://www.tesco.com/groceries/en-GB/products/250774576,1687614456.397949,"['£1.90', '£0.38/each']",1.9,£0.38/each
3291,Hovis Wholemeal Medium Bread 800G,https://www.tesco.com/groceries/en-GB/products/255000362,1687614456.467604,"['£1.45', '£0.18/100g']",1.45,£0.18/100g
3292,Hovis Soft White Medium Bread 800G,https://www.tesco.com/groceries/en-GB/products/256174499,1687614456.568934,"['£1.40', '£0.18/100g']",1.4,£0.18/100g
3293,Hovis Soft White Thick Bread 800G,https://www.tesco.com/groceries/en-GB/products/254550817,1687614456.641037,"['£1.40', '£0.18/100g']",1.4,£0.18/100g
3294,Tesco Brioche Chocolate Chip Rolls 8Pk,https://www.tesco.com/groceries/en-GB/products/251931698,1687614456.7150989,"['£1.40', '£0.18/each']",1.4,£0.18/each
3295,Tesco 8 Plain Tortilla Wraps,https://www.tesco.com/groceries/en-GB/products/303350352,1687614456.788482,"['£1.15', '£0.14/each']",1.15,£0.14/each
3296,Warburtons Toastie Sliced White Bread 800G,https://www.tesco.com/groceries/en-GB/products/254942348,1687614456.856964,"['£1.40', '£0.18/100g']",1.4,£0.18/100g
3297,Kingsmill 50/50 Medium Bread 800G,https://www.tesco.com/groceries/en-GB/products/261738730,1687614456.928869,"['£1.30', '£0.16/100g']",1.3,£0.16/100g
3298,Warburtons Medium Sliced White Bread 800G,https://www.tesco.com/groceries/en-GB/products/254942325,1687614457.003554,"['£1.40', '£0.18/100g']",1.4,£0.18/100g
3299,Tesco 4 Homebake Baguettes 600G,https://www.tesco.com/groceries/en-GB/products/254682966,1687614457.071209,"['£1.75', '£0.29/100g']",1.75,£0.29/100g
3300,Tesco Finest White Loaf With Sourdough 800G,https://www.tesco.com/groceries/en-GB/products/300134399,1687614457.137596,"['£1.30', '£0.16/100g']",1.3,£0.16/100g
3301,Warburtons Crumpets 9Pk,https://www.tesco.com/groceries/en-GB/products/274026924,1687614457.200685,"['£1.25', '£0.14/each']",1.25,£0.14/each
3302,H.W Nevills 8 Plain Tortilla Wraps,https://www.tesco.com/groceries/en-GB/products/304416929,1687614457.286567,"['£0.99', '£0.12/each']",0.99,£0.12/each
3303,Tesco 12 Homebake Petit Pains,https://www.tesco.com/groceries/en-GB/products/254682839,1687614457.3537788,"['£1.75', '£0.29/100g']",1.75,£0.29/100g
3304,Warburtons Crumpets 6 Pack,https://www.tesco.com/groceries/en-GB/products/252846644,1687614457.417939,"['£0.90', '£0.15/each']",0.9,£0.15/each
3305,Warburtons 8Pk Crumpet Thins,https://www.tesco.com/groceries/en-GB/products/313751444,1687614457.4940329,"['£1.35', '£0.17/each']",1.35,£0.17/each
3306,Tesco Finest Super Seeded Farmhouse Loaf 800G,https://www.tesco.com/groceries/en-GB/products/300134417,1687614457.5759518,"['£1.30', '£0.16/100g']",1.3,£0.16/100g
3307,H.W. Nevill's Part Baked Baguette 2 Pack,https://www.tesco.com/groceries/en-GB/products/299668276,1687614457.643253,"['£0.85', '£0.42/each']",0.85,£0.42/each
3308,Tesco Multiseed Batch 800G,https://www.tesco.com/groceries/en-GB/products/300134671,1687614457.712062,"['£1.10', '£0.14/100g']",1.1,£0.14/100g
3309,Tesco 6 Scotch Pancakes,https://www.tesco.com/groceries/en-GB/products/306943297,1687614457.780334,"['£0.49', '£0.08/each']",0.49,£0.08/each
3310,Tesco Wholemeal Medium Bread 800G,https://www.tesco.com/groceries/en-GB/products/299425783,1687614457.848886,"['£0.75', '£0.09/100g']",0.75,£0.09/100g
3311,Tesco 6 Crumpets,https://www.tesco.com/groceries/en-GB/products/304377935,1687614457.914231,"['£0.45', '£0.08/each']",0.45,£0.08/each
3312,Tesco Toastie White Bread Thick 800G,https://www.tesco.com/groceries/en-GB/products/299425748,1687614457.9878259,"['£0.75', '£0.09/100g']",0.75,£0.09/100g
3313,Tesco White Bread 800G,https://www.tesco.com/groceries/en-GB/products/299389116,1687614458.052821,"['£0.75', '£0.09/100g']",0.75,£0.09/100g
3314,Tesco 6 White Pitta Bread,https://www.tesco.com/groceries/en-GB/products/254945564,1687614458.118357,"['£0.50', '£0.08/each']",0.5,£0.08/each
3315,Hovis Granary Thick Bread 800G,https://www.tesco.com/groceries/en-GB/products/250871708,1687614458.186475,"['£2.10', '£0.26/100g']",2.1,£0.26/100g
3316,Warburtons 5 Pack Bagels Plain,https://www.tesco.com/groceries/en-GB/products/303351247,1687614458.274643,"['£1.85', '£0.37/each']",1.85,£0.37/each
3317,Tesco 4 All Butter Pain Au Chocolat,https://www.tesco.com/groceries/en-GB/products/257002345,1687614458.363012,"['£1.60', '£0.40/each']",1.6,£0.40/each
3318,Warburtons Sliced Sandwich Rolls 12 Pack,https://www.tesco.com/groceries/en-GB/products/250915629,1687614458.430781,"['£1.85', '£0.15/each']",1.85,£0.15/each
3319,Tesco Butter Brioche Rolls 8Pk,https://www.tesco.com/groceries/en-GB/products/251931548,1687614458.504168,"['£1.40', '£0.18/each']",1.4,£0.18/each
3320,Tesco 8 Mini White Tortilla Wraps,https://www.tesco.com/groceries/en-GB/products/303350415,1687614458.606525,"['£1.00', '£0.12/each']",1.0,£0.12/each
3321,Tesco English Muffins 4 Pack,https://www.tesco.com/groceries/en-GB/products/299999454,1687614458.672948,"['£1.00', '£0.25/each']",1.0,£0.25/each
3322,Kingsmill Soft White Medium Bread 800G,https://www.tesco.com/groceries/en-GB/products/259804954,1687614458.737727,"['£1.30', '£0.16/100g']",1.3,£0.16/100g
3323,Warburtons Fruit Teacakes 4 Pack,https://www.tesco.com/groceries/en-GB/products/259805066,1687614458.8247738,"['£1.35', '£0.34/each']",1.35,£0.34/each
3324,Warburtons Half And Half Medium Bread 800G,https://www.tesco.com/groceries/en-GB/products/304371279,1687614458.890966,"['£1.35', '£0.17/100g']",1.35,£0.17/100g
3325,Warburtons Wholemeal Medium Bread 800G,https://www.tesco.com/groceries/en-GB/products/254944260,1687614458.956751,"['£1.35', '£0.17/100g']",1.35,£0.17/100g
3326,Kingsmill 50/50 Thick Bread 800G,https://www.tesco.com/groceries/en-GB/products/252065992,1687614459.02833,"['£1.30', '£0.16/100g']",1.3,£0.16/100g
3327,Tesco Finest Wholemeal Loaf 800G,https://www.tesco.com/groceries/en-GB/products/300134377,1687614459.095285,"['£1.30', '£0.16/100g']",1.3,£0.16/100g
3328,Cadbury Chocolate Mini Rolls 5 Pack,https://www.tesco.com/groceries/en-GB/products/283390081,1687614459.163191,"['£2.35', '£0.47/each']",2.35,£0.47/each
3329,Tesco 4 Brioche Buns,https://www.tesco.com/groceries/en-GB/products/305047759,1687614459.2514591,"['£0.99', '£0.25/each']",0.99,£0.25/each
3330,Tesco Bake At Home Petit Pain 6 Pack,https://www.tesco.com/groceries/en-GB/products/290239349,1687614459.318984,"['£1.10', '£0.37/100g']",1.1,£0.37/100g
3331,Warburtons 6 Sliced Sandwich Rolls,https://www.tesco.com/groceries/en-GB/products/262203117,1687614459.395603,"['£1.20', '£0.20/each']",1.2,£0.20/each
3332,Tesco 6 Hot Cross Buns,https://www.tesco.com/groceries/en-GB/products/254946119,1687614459.477291,"['£1.15', '£0.19/each']",1.15,£0.19/each
3333,Warburtons Toastie Sliced White Bread 400G,https://www.tesco.com/groceries/en-GB/products/254942354,1687614464.797635,"['£1.00', '£0.25/100g']",1.0,£0.25/100g
3334,Warburtons Wholemeal Medium Bread 400G,https://www.tesco.com/groceries/en-GB/products/254944283,1687614464.8952,"['£1.00', '£0.25/100g']",1.0,£0.25/100g
3335,H.W.Nevills Plain Croissants 8 Pack,https://www.tesco.com/groceries/en-GB/products/303749146,1687614464.968535,"['£1.45', '£0.18/each']",1.45,£0.18/each
3336,Tesco Toastie Wholemeal Thick Bread 800G,https://www.tesco.com/groceries/en-GB/products/299425760,1687614465.038477,"['£0.75', '£0.09/100g']",0.75,£0.09/100g
3337,Tesco White Batch Rolls 6 Pack,https://www.tesco.com/groceries/en-GB/products/251807007,1687614465.106712,"['£0.55', '£0.09/each']",0.55,£0.09/each
3338,Tesco 6 Wholemeal Pitta Bread,https://www.tesco.com/groceries/en-GB/products/254945610,1687614465.179528,"['£0.50', '£0.08/each']",0.5,£0.08/each
3339,H W Nevill's Wholemeal Bread 800G,https://www.tesco.com/groceries/en-GB/products/299045558,1687614465.272394,"['£0.45', '£0.06/100g']",0.45,£0.06/100g
3340,Tiger Loaf Sliced 800G,https://www.tesco.com/groceries/en-GB/products/256334800,1687614465.352233,"['£1.35', '£0.17/100g']",1.35,£0.17/100g
3341,Panini 4 Pack,https://www.tesco.com/groceries/en-GB/products/268579198,1687614465.423407,"['£1.20', '£0.30/each']",1.2,£0.30/each
3343,Mcvities Toasting Waffles 8 Pack,https://www.tesco.com/groceries/en-GB/products/250810338,1687614465.5600908,"['£1.75', '£0.88/100g']",1.75,£0.88/100g
3344,Tesco Finest 4 All Butter Croissants,https://www.tesco.com/groceries/en-GB/products/257005808,1687614465.6287308,"['£2.20', '£0.55/each']",2.2,£0.55/each
3345,Large White Bap 4 Pack,https://www.tesco.com/groceries/en-GB/products/252193004,1687614465.6978528,"['£0.85', '£0.21/each']",0.85,£0.21/each
3347,Warburton 4 Protein Thin Bagels,https://www.tesco.com/groceries/en-GB/products/300644286,1687614465.836847,"['£1.75', '£0.44/each']",1.75,£0.44/each
3348,Warburtons 6 Brown Sandwich Thins,https://www.tesco.com/groceries/en-GB/products/273349129,1687614465.902503,"['£1.40', '£0.23/each']",1.4,£0.23/each
3349,Warburtons Seeded Batch Bread 800G,https://www.tesco.com/groceries/en-GB/products/257269645,1687614465.968853,"['£1.90', '£0.24/100g']",1.9,£0.24/100g
3350,Tesco Finest 2 White Baguettes With Sourdough250g,https://www.tesco.com/groceries/en-GB/products/309757379,1687614466.0353081,"['£1.50', '£0.60/100g']",1.5,£0.60/100g
3351,New York Bakery Sesame Bagels 5 Pack,https://www.tesco.com/groceries/en-GB/products/256592522,1687614466.1030028,"['£1.90', '£0.38/each']",1.9,£0.38/each
3352,New York Bakery Cinnamon & Raisin Bagels 5 Pack,https://www.tesco.com/groceries/en-GB/products/253829047,1687614466.178132,"['£1.90', '£0.38/each']",1.9,£0.38/each
3353,Warburtons Danish Sliced White Bread 400G,https://www.tesco.com/groceries/en-GB/products/255727936,1687614466.245429,"['£1.25', '£0.31/100g']",1.25,£0.31/100g
3354,Hovis Wholemeal Thick Bread 800G,https://www.tesco.com/groceries/en-GB/products/263518014,1687614466.3165061,"['£1.45', '£0.18/100g']",1.45,£0.18/100g
3355,New York Bakery Bagel Thins The Original 4 Pack,https://www.tesco.com/groceries/en-GB/products/297473958,1687614466.3817978,"['£1.20', '£0.30/each']",1.2,£0.30/each
3356,Tesco 8 Wholemeal Tortilla Wraps,https://www.tesco.com/groceries/en-GB/products/303350398,1687614466.486088,"['£1.15', '£0.14/each']",1.15,£0.14/each
3357,Tesco 2 Homebake Baguettes,https://www.tesco.com/groceries/en-GB/products/253551789,1687614466.556451,"['£1.10', '£0.37/100g']",1.1,£0.37/100g
3358,Tesco Finest 2 Turmeric Brioche Burger Buns,https://www.tesco.com/groceries/en-GB/products/311263086,1687614466.626459,"['£1.00', '£0.50/each']",1.0,£0.50/each
3359,Tesco Finest Wholemeal Seeds And Grains Bread 800G,https://www.tesco.com/groceries/en-GB/products/305737088,1687614466.700129,"['£1.30', '£0.16/100g']",1.3,£0.16/100g
3360,Tesco Sliced Fruit Loaf Each,https://www.tesco.com/groceries/en-GB/products/254946102,1687614466.765897,"['£1.35', '£1.35/each']",1.35,£1.35/each
3361,Tesco Large Seeded Burger Buns 4 Pack,https://www.tesco.com/groceries/en-GB/products/251933448,1687614466.847065,"['£0.80', '£0.20/each']",0.8,£0.20/each
3362,Tesco 4 Large White Baps,https://www.tesco.com/groceries/en-GB/products/308463055,1687614466.933866,"['£0.80', '£0.20/each']",0.8,£0.20/each
3363,Tesco White Farmhouse 800G,https://www.tesco.com/groceries/en-GB/products/299597320,1687614466.99936,"['£0.95', '£0.12/100g']",0.95,£0.12/100g
3365,Tesco Egg Custard Tarts 4 Pack,https://www.tesco.com/groceries/en-GB/products/257471134,1687614467.131016,"['£1.25', '£0.31/each']",1.25,£0.31/each
3366,Tesco Wholemeal Batch Rolls 6 Pack,https://www.tesco.com/groceries/en-GB/products/254944968,1687614467.212322,"['£0.55', '£0.09/each']",0.55,£0.09/each
3367,H W Nevill's White Bread 800G,https://www.tesco.com/groceries/en-GB/products/299045570,1687614467.288295,"['£0.45', '£0.06/100g']",0.45,£0.06/100g
3368,Paul Hollywood 4 Ready To Bake White Crusty Rolls,https://www.tesco.com/groceries/en-GB/products/305247345,1687614467.356865,"['£2.00', '£0.50/each']",2.0,£0.50/each
3369,Tesco Crusty White Farmhouse Loaf Sliced 800G,https://www.tesco.com/groceries/en-GB/products/250759508,1687614467.426235,"['£1.40', '£0.18/100g']",1.4,£0.18/100g
3370,Ciabatta Roll 4 Pack,https://www.tesco.com/groceries/en-GB/products/255119821,1687614467.491782,"['£1.20', '£0.30/each']",1.2,£0.30/each
3371,Tesco Chunky Cheese Rolls 4 Pack,https://www.tesco.com/groceries/en-GB/products/306661492,1687614467.5638971,"['£1.20', '£0.30/each']",1.2,£0.30/each
3372,Tesco Large White Hot Dog Rolls 6 Pack,https://www.tesco.com/groceries/en-GB/products/251940303,1687614467.629308,"['£1.15', '£0.19/each']",1.15,£0.19/each
3373,Big Bite Soft White Roll 6Pack,https://www.tesco.com/groceries/en-GB/products/281935558,1687614467.701123,"['£1.15', '£0.19/each']",1.15,£0.19/each
3374,Clay Oven Bakery 2 Garlic & Coriander Naan Bread 360G,https://www.tesco.com/groceries/en-GB/products/305733449,1687614467.7882051,"['£1.75', '£0.49/100g']",1.75,£0.49/100g
3375,Cecile's Cuisine 16 Cocktail Blinis 135G,https://www.tesco.com/groceries/en-GB/products/309753753,1687614467.906068,"['£2.20', '£1.63/100g']",2.2,£1.63/100g
3376,Mission Deli Wheat & White Wraps 6 Pack 367G,https://www.tesco.com/groceries/en-GB/products/305836662,1687614467.9773161,"['£1.55', '£0.42/100g']",1.55,£0.42/100g
3377,Tesco Finest 4 Extra Fruity Hot Cross Buns,https://www.tesco.com/groceries/en-GB/products/261331312,1687614468.046701,"['£1.60', '£0.40/each']",1.6,£0.40/each
3378,6 Pack White Finger Rolls,https://www.tesco.com/groceries/en-GB/products/255810060,1687614468.1147468,"['£0.80', '£0.13/each']",0.8,£0.13/each
3379,St Pierre 6 Brioche Burger Buns,https://www.tesco.com/groceries/en-GB/products/301971576,1687614468.184172,"['£2.80', '£0.47/each']",2.8,£0.47/each
3380,Hovis Seed Sensations Maltd Wholegrain 800G,https://www.tesco.com/groceries/en-GB/products/313833492,1687614468.250709,"['£2.00', '£0.25/100g']",2.0,£0.25/100g
3382,Tesco 6 Mini Plain Naan Breads 282G,https://www.tesco.com/groceries/en-GB/products/303299948,1687614473.6351092,"['£1.40', '£0.50/100g']",1.4,£0.50/100g
3383,Warburtons White Sandwich Thins 6 Pack,https://www.tesco.com/groceries/en-GB/products/268319311,1687614473.7215118,"['£1.40', '£0.23/each']",1.4,£0.23/each
3384,Hovis Seeds Sensations Sunflower Pumpkin & Oat 800G,https://www.tesco.com/groceries/en-GB/products/313948007,1687614473.818666,"['£2.00', '£0.25/100g']",2.0,£0.25/100g
3385,Tiger Baton,https://www.tesco.com/groceries/en-GB/products/261326837,1687614473.913565,"['£0.70', '£0.70/each']",0.7,£0.70/each
3386,Warburtons Sliced Tiger Bread 600G,https://www.tesco.com/groceries/en-GB/products/268104801,1687614473.985944,"['£1.65', '£0.28/100g']",1.65,£0.28/100g
3387,White Baton,https://www.tesco.com/groceries/en-GB/products/256122878,1687614474.0756009,"['£0.65', '£0.32/100g']",0.65,£0.32/100g
3388,Pitch Chocolate Chip Brioche Roll 6 Pack,https://www.tesco.com/groceries/en-GB/products/272652543,1687614474.156825,"['£1.70', '£0.76/100g']",1.7,£0.76/100g
3389,Tesco Finest 4 Brioche Burger Buns,https://www.tesco.com/groceries/en-GB/products/305036860,1687614474.24311,"['£1.20', '£0.30/each']",1.2,£0.30/each
3390,Kingsmill Tasty Wholemeal Medium Bread 800G,https://www.tesco.com/groceries/en-GB/products/252990345,1687614474.311876,"['£1.30', '£0.16/100g']",1.3,£0.16/100g
3391,Warburtons Breakfast Muffins 4 Pack,https://www.tesco.com/groceries/en-GB/products/266243155,1687614474.383984,"['£1.15', '£0.29/each']",1.15,£0.29/each
3392,Soreen Original Malt Loaf 260G,https://www.tesco.com/groceries/en-GB/products/251938134,1687614474.4516768,"['£1.50', '£0.58/100g']",1.5,£0.58/100g
3393,Tesco Wholemeal Deli Rolls 4 Pack,https://www.tesco.com/groceries/en-GB/products/299999490,1687614474.518475,"['£0.95', '£0.24/each']",0.95,£0.24/each
3394,Hovis Wholemeal Medium Bread 400G,https://www.tesco.com/groceries/en-GB/products/250829858,1687614474.5852191,"['£1.20', '£0.30/100g']",1.2,£0.30/100g
3395,Tesco 4 All Butter Croissants,https://www.tesco.com/groceries/en-GB/products/255778823,1687614474.689881,"['£1.25', '£0.31/each']",1.25,£0.31/each
3396,Warburtons Pancakes 6 Pack,https://www.tesco.com/groceries/en-GB/products/250499118,1687614474.754884,"['£1.05', '£0.18/each']",1.05,£0.18/each
3397,Tesco Large Wholemeal Baps 4 Pack,https://www.tesco.com/groceries/en-GB/products/256627241,1687614474.819856,"['£0.80', '£0.20/each']",0.8,£0.20/each
3398,Tesco Finest 6 Mini Brioche Buns,https://www.tesco.com/groceries/en-GB/products/311217787,1687614474.884969,"['£1.20', '£0.20/each']",1.2,£0.20/each
3399,Maple And Pecan Plait 2 Pack,https://www.tesco.com/groceries/en-GB/products/256943275,1687614474.951644,"['£1.70', '£0.85/each']",1.7,£0.85/each
3400,Vanilla Creme Crown 2 Pack,https://www.tesco.com/groceries/en-GB/products/253432971,1687614475.0256178,"['£1.70', '£0.85/each']",1.7,£0.85/each
3401,Tiger Loaf Sliced 400G,https://www.tesco.com/groceries/en-GB/products/263240693,1687614475.0913532,"['£1.05', '£0.26/100g']",1.05,£0.26/100g
3402,Milk Chocolate Cookie 5 Pack,https://www.tesco.com/groceries/en-GB/products/276131923,1687614475.158008,"['£1.25', '£0.25/each']",1.25,£0.25/each
3403,Crusty White Farmhouse Loaf Sliced 400G,https://www.tesco.com/groceries/en-GB/products/258081588,1687614475.223934,"['£1.00', '£0.25/100g']",1.0,£0.25/100g
3404,Jason's Sourdough Loaf Straight Up Great White 450G,https://www.tesco.com/groceries/en-GB/products/310109865,1687614475.295764,"['£2.00', '£0.44/100g']",2.0,£0.44/100g
3405,Tesco Finest 4 All Butter & Sultana Scones,https://www.tesco.com/groceries/en-GB/products/253846591,1687614475.362319,"['£1.80', '£0.45/each']",1.8,£0.45/each
3406,Tesco 8 Egg Waffles 200G,https://www.tesco.com/groceries/en-GB/products/310121170,1687614475.4292989,"['£1.60', '£0.80/100g']",1.6,£0.80/100g
3407,Mission Deli Original Wraps Super Soft 6 Pack 367G,https://www.tesco.com/groceries/en-GB/products/305838815,1687614475.496873,"['£1.55', '£0.42/100g']",1.55,£0.42/100g
3408,6 Pack Scotch Morning Rolls,https://www.tesco.com/groceries/en-GB/products/255810169,1687614475.567789,"['£0.80', '£0.13/each']",0.8,£0.13/each
3409,Tesco Finest 4 Buttermilk Pancakes,https://www.tesco.com/groceries/en-GB/products/310131244,1687614475.632792,"['£1.50', '£0.38/each']",1.5,£0.38/each
3410,Brioche Pasquier Pains Au Chocolat 6 Pack,https://www.tesco.com/groceries/en-GB/products/265169072,1687614475.701534,"['£1.85', '£0.68/100g']",1.85,£0.68/100g
3411,Warburtons 5 Cinnamon & Raisin Bagels,https://www.tesco.com/groceries/en-GB/products/303351662,1687614475.766836,"['£1.85', '£0.37/each']",1.85,£0.37/each
3412,Mr Kipling Viennese Whirls 6 Pack,https://www.tesco.com/groceries/en-GB/products/252958742,1687614475.857974,"['£2.25', '£0.38/each']",2.25,£0.38/each
3413,Tesco 6 Mini Garlic & Coriander Naans,https://www.tesco.com/groceries/en-GB/products/303299925,1687614475.9459898,"['£1.40', '£0.23/each']",1.4,£0.23/each
3414,Tesco 2 Plain Naan Breads,https://www.tesco.com/groceries/en-GB/products/303315815,1687614476.012083,"['£1.20', '£0.60/each']",1.2,£0.60/each
3415,Soreen Banana Lunchbox Loaves 5 Pack,https://www.tesco.com/groceries/en-GB/products/273420937,1687614476.078492,"['£1.75', '£1.17/100g']",1.75,£1.17/100g
3416,Warburtons Wholemeal Rolls 6 Pack,https://www.tesco.com/groceries/en-GB/products/264601115,1687614476.1728902,"['£1.40', '£0.23/each']",1.4,£0.23/each
3417,Warburtons Hot Dog Rolls X 6,https://www.tesco.com/groceries/en-GB/products/268283743,1687614476.2383249,"['£1.40', '£0.23/each']",1.4,£0.23/each
3418,Tesco Finest 2 Multigrain Baguettes With Sourdough 250G,https://www.tesco.com/groceries/en-GB/products/309770339,1687614476.310463,"['£1.50', '£0.60/100g']",1.5,£0.60/100g
3419,Tesco Finest Chocolate Cake,https://www.tesco.com/groceries/en-GB/products/253018385,1687614476.376857,"['£3.00', '£3.00/each']",3.0,£3.00/each
3420,Deli Kitchen 4 Greek Style Flatbreads 320G,https://www.tesco.com/groceries/en-GB/products/305530793,1687614476.464724,"['£1.65', '£0.52/100g']",1.65,£0.52/100g
3421,Tesco Finest Oat & Barley Loaf 800G,https://www.tesco.com/groceries/en-GB/products/300134439,1687614476.532591,"['£1.30', '£0.16/100g']",1.3,£0.16/100g
3422,Tesco Ciabatta 270G,https://www.tesco.com/groceries/en-GB/products/309743539,1687614476.5991921,"['£1.05', '£0.39/100g']",1.05,£0.39/100g
3423,Warburtons Medium Sliced White Bread 400G,https://www.tesco.com/groceries/en-GB/products/254942331,1687614476.6659698,"['£1.00', '£0.25/100g']",1.0,£0.25/100g
3424,H.W Nevills 8 Wholemeal Tortilla Wrap,https://www.tesco.com/groceries/en-GB/products/304403151,1687614476.7388,"['£0.99', '£0.12/each']",0.99,£0.12/each
3425,Tesco Finest Dark Rye & Sunflower Farmhouse Farmhouse 600G,https://www.tesco.com/groceries/en-GB/products/300134452,1687614476.8322198,"['£1.15', '£0.19/100g']",1.15,£0.19/100g
3426,Tesco 5 Jam Doughnuts,https://www.tesco.com/groceries/en-GB/products/312231897,1687614476.905746,"['£1.10', '£0.22/each']",1.1,£0.22/each
3427,Tesco Finest Sunflower & Pumpkin Loaf 600G,https://www.tesco.com/groceries/en-GB/products/300134354,1687614476.976267,"['£1.15', '£0.19/100g']",1.15,£0.19/100g
3428,Tesco Bramley Apple Pies 6 Pack,https://www.tesco.com/groceries/en-GB/products/257313927,1687614477.048015,"['£1.19', '£0.20/each']",1.19,£0.20/each
3429,Pitch Chocolate Brioche Roll 6 Pack,https://www.tesco.com/groceries/en-GB/products/272652497,1687614482.719092,"['£1.70', '£0.74/100g']",1.7,£0.74/100g
3430,Mr Kipling Country Slices 6 Pack,https://www.tesco.com/groceries/en-GB/products/254947389,1687614483.3101509,"['£2.50', '£0.42/each']",2.5,£0.42/each
3431,Tesco Chocolate Chip Mini Muffins 16 Pack,https://www.tesco.com/groceries/en-GB/products/300833270,1687614483.410345,"['£2.30', '£0.14/each']",2.3,£0.14/each
3432,Tesco Finest 4 Maple Syrup Buttermilk Pancakes,https://www.tesco.com/groceries/en-GB/products/313749807,1687614483.504669,"['£1.50', '£0.38/each']",1.5,£0.38/each
3433,Galaxy Cake Bars 5 Pack,https://www.tesco.com/groceries/en-GB/products/251558848,1687614483.5808861,"['£2.00', '£0.40/each']",2.0,£0.40/each
3434,Tesco Finest 9 Mini Cupcakes,https://www.tesco.com/groceries/en-GB/products/313749655,1687614483.67547,"['£3.50', '£0.39/each']",3.5,£0.39/each
3435,Tesco Free From Sliced Seeded Bread 550G,https://www.tesco.com/groceries/en-GB/products/276606161,1687614483.744583,"['£1.95', '£0.36/100g']",1.95,£0.36/100g
3436,Tesco Folded Flatbreads Plain 6 Pack,https://www.tesco.com/groceries/en-GB/products/291376220,1687614483.8120792,"['£1.20', '£0.57/100g']",1.2,£0.57/100g
3437,Mr Kipling Mini Battenberg Cakes 5 Pack,https://www.tesco.com/groceries/en-GB/products/251816699,1687614483.915183,"['£2.25', '£0.45/each']",2.25,£0.45/each
3438,Tesco Finest 4 Triple Chocolate Pancakes,https://www.tesco.com/groceries/en-GB/products/313849447,1687614484.006552,"['£1.50', '£0.38/each']",1.5,£0.38/each
3439,Warburtons Giant Crumpets 3 Pack,https://www.tesco.com/groceries/en-GB/products/308476149,1687614484.0749729,"['£1.20', '£0.40/each']",1.2,£0.40/each
3440,Mcvities Hobnobs Choccy Flapjacks 5 Pack 131.8G,https://www.tesco.com/groceries/en-GB/products/310145648,1687614484.168315,"['£1.15', '£0.87/100g']",1.15,£0.87/100g
3441,Mcvities Digestives 5 Caramel Millionaire Slices 109.9G,https://www.tesco.com/groceries/en-GB/products/310149172,1687614484.259232,"['£1.20', '£1.09/100g']",1.2,£1.09/100g
3442,Tesco Finest Coffee & Walnut Cake Each,https://www.tesco.com/groceries/en-GB/products/253140037,1687614484.355029,"['£3.00', '£3.00/each']",3.0,£3.00/each
3443,Cadbury Caramel Cake Bars 5 Pack,https://www.tesco.com/groceries/en-GB/products/254576286,1687614484.4471538,"['£2.25', '£0.45/each']",2.25,£0.45/each
3444,Ms Molly Jumbo Strawberry & Vanilla Swiss Roll,https://www.tesco.com/groceries/en-GB/products/299999598,1687614484.537689,"['£1.40', '£1.40/each']",1.4,£1.40/each
3445,Tesco 6 All Butter Croissants Family Pack,https://www.tesco.com/groceries/en-GB/products/314597095,1687614484.6100328,"['£2.50', '£0.42/each']",2.5,£0.42/each
3446,Warburtons Artisan Tiger Gluten Free 400G,https://www.tesco.com/groceries/en-GB/products/299384611,1687614484.6771998,"['£3.50', '£0.88/100g']",3.5,£0.88/100g
3447,Finest* Triple Chocolate Cookie 4 Pack,https://www.tesco.com/groceries/en-GB/products/283283133,1687614484.7442791,"['£1.80', '£0.45/each']",1.8,£0.45/each
3448,Blueberry Muffins 4 Pack,https://www.tesco.com/groceries/en-GB/products/286865327,1687614484.836928,"['£1.80', '£0.45/each']",1.8,£0.45/each
3449,Tesco All Butter Chocolate Croissant 2 Pack,https://www.tesco.com/groceries/en-GB/products/256943373,1687614484.944789,"['£1.70', '£0.85/each']",1.7,£0.85/each
3450,Tesco All Butter Almond Croissant 2 Pack,https://www.tesco.com/groceries/en-GB/products/256943177,1687614485.0136478,"['£1.70', '£0.85/each']",1.7,£0.85/each
3451,Tesco Finest 4 Caramelised Biscuit & White Chocolate Cookies,https://www.tesco.com/groceries/en-GB/products/313188016,1687614485.081204,"['£1.80', '£0.45/each']",1.8,£0.45/each
3452,Tiger Bloomer 800G,https://www.tesco.com/groceries/en-GB/products/253078439,1687614485.172693,"['£1.35', '£0.17/100g']",1.35,£0.17/100g
3453,Kingsmill 50/50 No Crusts Bread 400G,https://www.tesco.com/groceries/en-GB/products/260630288,1687614485.2503302,"['£1.95', '£0.49/100g']",1.95,£0.49/100g
3454,Weight Watchers Wraps 6 Pack,https://www.tesco.com/groceries/en-GB/products/262712822,1687614485.318583,"['£1.50', '£0.25/each']",1.5,£0.25/each
3455,Mr Kipling French Fancies 8 Pack,https://www.tesco.com/groceries/en-GB/products/254947412,1687614485.450918,"['£2.85', '£0.36/each']",2.85,£0.36/each
3456,Mr Kipling Chocolate Slice 6 Pack,https://www.tesco.com/groceries/en-GB/products/296983696,1687614485.539834,"['£2.75', '£0.46/each']",2.75,£0.46/each
3457,Tesco Finest Cherry Bakewell Cookies 4 Pack,https://www.tesco.com/groceries/en-GB/products/313000988,1687614485.606963,"['£1.80', '£0.45/each']",1.8,£0.45/each
3458,Tesco Finest Lemon Meringue Bites 208G,https://www.tesco.com/groceries/en-GB/products/313621397,1687614485.6989,"['£2.75', '£1.32/100g']",2.75,£1.32/100g
3459,Malteser Rocky Road Cake Bars 4 Pack,https://www.tesco.com/groceries/en-GB/products/313847389,1687614485.7654731,"['£2.50', '£0.62/each']",2.5,£0.62/each
3460,Tesco Finest 4 Large Teacakes,https://www.tesco.com/groceries/en-GB/products/308457489,1687614485.837873,"['£1.70', '£0.42/each']",1.7,£0.42/each
3461,Old El Paso Regular Super Soft Flour Tortillas 8Pk 326G,https://www.tesco.com/groceries/en-GB/products/258808531,1687614485.905715,"['£1.45', '£0.44/100g']",1.45,£0.44/100g
3462,New York Bakery Wholemeal Bagels,https://www.tesco.com/groceries/en-GB/products/291569521,1687614486.0050938,"['£1.90', '£0.38/each']",1.9,£0.38/each
3463,Warburtons Thin Bagels Cinnamon & Raisin 6 Pack,https://www.tesco.com/groceries/en-GB/products/287853207,1687614486.0736609,"['£1.75', '£0.29/each']",1.75,£0.29/each
3464,Mission Deli 6 Wheat & White Mini Wraps 186G,https://www.tesco.com/groceries/en-GB/products/268004113,1687614486.141523,"['£1.10', '£0.59/100g']",1.1,£0.59/100g
3465,Tesco Finest 4 All-Butter Pain Au Chocolat,https://www.tesco.com/groceries/en-GB/products/310129173,1687614486.232285,"['£2.20', '£0.55/each']",2.2,£0.55/each
3466,Warburtons Old English White Bread 400G,https://www.tesco.com/groceries/en-GB/products/300810579,1687614486.300355,"['£1.75', '£0.44/100g']",1.75,£0.44/100g
3467,Tesco 10 Mini Gingerbread Men,https://www.tesco.com/groceries/en-GB/products/278130529,1687614486.3722408,"['£1.20', '£0.12/each']",1.2,£0.12/each
3468,Tesco Madeira Cake,https://www.tesco.com/groceries/en-GB/products/265913996,1687614486.439039,"['£1.70', '£1.70/each']",1.7,£1.70/each
3469,Mr Kipling Bramley Apple Pies 6 Pack,https://www.tesco.com/groceries/en-GB/products/254948273,1687614486.504718,"['£1.99', '£0.33/each']",1.99,£0.33/each
3470,Tesco 6 All Butter Scones,https://www.tesco.com/groceries/en-GB/products/251945119,1687614486.608514,"['£1.50', '£0.25/each']",1.5,£0.25/each
3471,The Delicious Dessert Company 2 Chocolate Orange Yum Yums,https://www.tesco.com/groceries/en-GB/products/314317969,1687614486.67971,"['£2.50', '£1.25/each']",2.5,£1.25/each
3472,Tesco Gingerbread Biscuit,https://www.tesco.com/groceries/en-GB/products/307758273,1687614486.780291,"['£1.00', '£1.00/each']",1.0,£1.00/each
3473,Tesco 2 Pack Panini Rolls,https://www.tesco.com/groceries/en-GB/products/290176941,1687614486.891675,"['£0.95', '£0.48/each']",0.95,£0.48/each
3474,Mr Kipling Chocolatey Brownies 5 Pack,https://www.tesco.com/groceries/en-GB/products/313846125,1687614487.01366,"['£2.50', '£0.50/each']",2.5,£0.50/each
3475,Tesco Multiseed Deli Rolls 4 Pack,https://www.tesco.com/groceries/en-GB/products/255650611,1687614487.111656,"['£0.95', '£0.24/each']",0.95,£0.24/each
3476,Tesco Finest Butterscotch Blondie Bites 205G,https://www.tesco.com/groceries/en-GB/products/313606669,1687614487.184114,"['£2.75', '£1.34/100g']",2.75,£1.34/100g
3477,Thorntons 10 S/Cremel Flavour Marble Bites,https://www.tesco.com/groceries/en-GB/products/313524754,1687614492.545939,"['£1.80', '£0.18/each']",1.8,£0.18/each
3478,H.W.Nevills Pain Au Chocolat 8 Pack,https://www.tesco.com/groceries/en-GB/products/300017050,1687614492.646755,"['£1.25', '£0.16/each']",1.25,£0.16/each
3479,Ms Molly's 12 Fairy Cakes,https://www.tesco.com/groceries/en-GB/products/300120998,1687614492.72286,"['£0.99', '£0.08/each']",0.99,£0.08/each
3480,Tesco All Butter Croissant 2 Pack,https://www.tesco.com/groceries/en-GB/products/286519456,1687614492.794537,"['£1.70', '£0.85/each']",1.7,£0.85/each
3481,Tesco All Butter Pain Au Raisin 2 Pack,https://www.tesco.com/groceries/en-GB/products/257800633,1687614492.8666081,"['£1.70', '£0.85/each']",1.7,£0.85/each
3482,Tesco All Butter Pain Au Chocolat 2 Pack,https://www.tesco.com/groceries/en-GB/products/255779661,1687614492.942227,"['£1.70', '£0.85/each']",1.7,£0.85/each
3483,Real Lancashire Eccles Cakes 4 Pack,https://www.tesco.com/groceries/en-GB/products/252479773,1687614493.010444,"['£2.30', '£0.58/each']",2.3,£0.58/each
3484,Tesco 20 Flapjack Bites,https://www.tesco.com/groceries/en-GB/products/268394986,1687614493.0874329,"['£2.30', '£0.12/each']",2.3,£0.12/each
3485,Tesco 15 Chocolate Cornflake Clusters,https://www.tesco.com/groceries/en-GB/products/268322208,1687614493.197278,"['£2.30', '£0.15/each']",2.3,£0.15/each
3486,Tesco Finest Brioche Loaf 400G,https://www.tesco.com/groceries/en-GB/products/271832044,1687614493.291529,"['£2.60', '£0.65/100g']",2.6,£0.65/100g
3487,Tesco White Stone Baked Baguette,https://www.tesco.com/groceries/en-GB/products/308495944,1687614493.368382,"['£1.25', '£1.25/each']",1.25,£1.25/each
3488,Fibre One Chocolate Fudge Brownie Reduced Sugar 5 X 24G,https://www.tesco.com/groceries/en-GB/products/305829826,1687614493.439784,"['£2.60', '£2.17/100g']",2.6,£2.17/100g
3489,Jason's Sourdough Superb Sprouted Grains 450G,https://www.tesco.com/groceries/en-GB/products/310147623,1687614493.511041,"['£2.00', '£0.44/100g']",2.0,£0.44/100g
3490,Hovis Home Bake Rustic Seeded Rolls 4 Pack,https://www.tesco.com/groceries/en-GB/products/312353502,1687614493.58787,"['£1.80', '£0.45/each']",1.8,£0.45/each
3491,Bonne Maman Chocolate Coated Sweet Hearts 7 Pack 175G,https://www.tesco.com/groceries/en-GB/products/313525577,1687614493.65727,"['£2.90', '£1.66/100g']",2.9,£1.66/100g
3492,Clay Oven Bakery 2 Plain Naan Breads 360G,https://www.tesco.com/groceries/en-GB/products/306798939,1687614493.748203,"['£1.75', '£0.49/100g']",1.75,£0.49/100g
3493,Tesco Finest All Butter Scones 4 Pack,https://www.tesco.com/groceries/en-GB/products/265322645,1687614493.81702,"['£1.80', '£0.45/each']",1.8,£0.45/each
3494,Tesco Angel Layer Cake Each,https://www.tesco.com/groceries/en-GB/products/254946995,1687614493.8986502,"['£1.70', '£1.70/each']",1.7,£1.70/each
3495,6 Pack Tiger Rolls,https://www.tesco.com/groceries/en-GB/products/268512387,1687614493.9738,"['£0.95', '£0.16/each']",0.95,£0.16/each
3496,6 Pack Crusty White Rolls,https://www.tesco.com/groceries/en-GB/products/268512370,1687614494.0457768,"['£0.80', '£0.13/each']",0.8,£0.13/each
3497,Tesco Strawberry & Cream Swiss Roll,https://www.tesco.com/groceries/en-GB/products/299999673,1687614494.116553,"['£1.75', '£1.75/each']",1.75,£1.75/each
3498,St Pierre 4 Seeded Brioche Burger Buns,https://www.tesco.com/groceries/en-GB/products/301971599,1687614494.183993,"['£2.80', '£0.70/each']",2.8,£0.70/each
3499,Tesco Genoa Cake Each,https://www.tesco.com/groceries/en-GB/products/254947026,1687614494.2533891,"['£2.00', '£2.00/each']",2.0,£2.00/each
3500,Warburtons White Loaf Gluten Free 300G,https://www.tesco.com/groceries/en-GB/products/299384732,1687614494.328158,"['£2.15', '£0.72/100g']",2.15,£0.72/100g
3501,Warburtons Wonder Thins 50/50 6 Pack,https://www.tesco.com/groceries/en-GB/products/305038541,1687614494.43599,"['£1.40', '£0.23/each']",1.4,£0.23/each
3502,Tesco 2 Garlic & Coriander Naan,https://www.tesco.com/groceries/en-GB/products/303316048,1687614494.506659,"['£1.20', '£0.60/each']",1.2,£0.60/each
3503,Tesco Finest White Sourdough Loaf 400G,https://www.tesco.com/groceries/en-GB/products/303629450,1687614494.574815,"['£1.70', '£0.42/100g']",1.7,£0.42/100g
3504,Tesco Double Chocolate Swiss Roll,https://www.tesco.com/groceries/en-GB/products/299999696,1687614494.647236,"['£1.75', '£1.75/each']",1.75,£1.75/each
3505,Schneiderbrot Vollkornbrot Rye Bread 500G,https://www.tesco.com/groceries/en-GB/products/258178699,1687614494.7166789,"['£1.15', '£0.23/100g']",1.15,£0.23/100g
3506,Tesco Finest 6 Sourdough Crumpets,https://www.tesco.com/groceries/en-GB/products/305045169,1687614494.783495,"['£1.20', '£0.20/each']",1.2,£0.20/each
3507,Maltesers Cake Bars 5 Pack,https://www.tesco.com/groceries/en-GB/products/307741436,1687614494.851211,"['£2.00', '£0.40/each']",2.0,£0.40/each
3508,Mr Kipling Lemon Slice 6 Pack,https://www.tesco.com/groceries/en-GB/products/296983713,1687614494.9401028,"['£2.75', '£0.46/each']",2.75,£0.46/each
3509,Tesco Apple Lattice Pie 500G,https://www.tesco.com/groceries/en-GB/products/267018676,1687614495.007214,"['£3.65', '£0.73/100g']",3.65,£0.73/100g
3510,Finest Granola 4 Pack,https://www.tesco.com/groceries/en-GB/products/283669933,1687614495.076993,"['£1.80', '£0.45/each']",1.8,£0.45/each
3511,Schar White Ciabatta Rolls Gluten Free 200G,https://www.tesco.com/groceries/en-GB/products/291228310,1687614495.165975,"['£2.40', '£1.20/100g']",2.4,£1.20/100g
3512,White Farmhouse 800G,https://www.tesco.com/groceries/en-GB/products/255809189,1687614495.23588,"['£1.40', '£0.18/100g']",1.4,£0.18/100g
3513,Tesco Hi Fibre Wholemeal Loaf 800G Sliced,https://www.tesco.com/groceries/en-GB/products/309452769,1687614495.3054981,"['£1.35', '£1.35/each']",1.35,£1.35/each
3514,Crusty White Sandwich Loaf 800G,https://www.tesco.com/groceries/en-GB/products/255809172,1687614495.379319,"['£1.35', '£0.17/100g']",1.35,£0.17/100g
3515,Crusty White Bloomer Sliced 800G,https://www.tesco.com/groceries/en-GB/products/258081283,1687614495.45282,"['£1.35', '£0.17/100g']",1.35,£0.17/100g
3516,Tesco 30 Mini Gingerbread Men 300G,https://www.tesco.com/groceries/en-GB/products/310690710,1687614495.53564,"['£2.30', '£0.77/100g']",2.3,£0.77/100g
3517,Schar Wholesome Seeded Loaf 300G,https://www.tesco.com/groceries/en-GB/products/290819746,1687614495.602762,"['£2.75', '£0.92/100g']",2.75,£0.92/100g
3518,Schar Wholesome White Loaf 300G,https://www.tesco.com/groceries/en-GB/products/290819809,1687614495.671637,"['£2.75', '£0.92/100g']",2.75,£0.92/100g
3519,Tesco Millionaire Bites 22Pk,https://www.tesco.com/groceries/en-GB/products/268770627,1687614495.742244,"['£2.30', '£0.10/each']",2.3,£0.10/each
3520,Crusty White Farmhouse Loaf 400G,https://www.tesco.com/groceries/en-GB/products/252488704,1687614495.8315442,"['£1.00', '£0.25/100g']",1.0,£0.25/100g
3521,Tesco Finest 2 Sicilian Lemon Meringue Pastries,https://www.tesco.com/groceries/en-GB/products/313730976,1687614495.8996658,"['£2.00', '£1.00/each']",2.0,£1.00/each
3522,Genius Gluten Free 4 Crumpets,https://www.tesco.com/groceries/en-GB/products/284275907,1687614495.9664268,"['£2.25', '£0.56/each']",2.25,£0.56/each
3523,Hovis Home Bake Rustic White Rolls 4 Pack,https://www.tesco.com/groceries/en-GB/products/312342089,1687614496.0454621,"['£1.80', '£0.45/each']",1.8,£0.45/each
3524,Mcvitie's 8 Toasting Waffles Chocolate 200G,https://www.tesco.com/groceries/en-GB/products/302707653,1687614496.111744,"['£1.75', '£0.88/100g']",1.75,£0.88/100g
3525,Soreen Malt Lunchbox Loaves 10 Pack 300G,https://www.tesco.com/groceries/en-GB/products/308477321,1687614502.3705971,"['£2.50', '£0.83/100g']",2.5,£0.83/100g
3526,Pagen Gifflar Cinnamon 260G,https://www.tesco.com/groceries/en-GB/products/295360140,1687614502.455783,"['£1.90', '£0.73/100g']",1.9,£0.73/100g
3527,St. Pierre 4 Sliced Brioche Burger Buns,https://www.tesco.com/groceries/en-GB/products/311787537,1687614502.545805,"['£2.45', '£0.61/each']",2.45,£0.61/each
3528,Tesco Finest 4 Belgian Chocolate Coated Sugar Waffles 240G,https://www.tesco.com/groceries/en-GB/products/311932781,1687614502.6208901,"['£1.80', '£0.75/100g']",1.8,£0.75/100g
3529,Tesco Finest 4 Blueberry Buttermilk Pancakes,https://www.tesco.com/groceries/en-GB/products/310172765,1687614502.69045,"['£1.50', '£0.38/each']",1.5,£0.38/each
3530,Warburtons Multiseed Loaf Gluten Free 300G,https://www.tesco.com/groceries/en-GB/products/299384571,1687614502.7984798,"['£2.15', '£0.72/100g']",2.15,£0.72/100g
3531,Mission Deli 6 Mini Wrap Original 186G,https://www.tesco.com/groceries/en-GB/products/279448636,1687614502.884574,"['£1.10', '£0.59/100g']",1.1,£0.59/100g
3532,Warburtons Malted Grain & Seeds Bread 400G,https://www.tesco.com/groceries/en-GB/products/300810591,1687614502.976501,"['£1.75', '£0.44/100g']",1.75,£0.44/100g
3533,Tesco 6 Iced Finger Buns,https://www.tesco.com/groceries/en-GB/products/309743961,1687614503.052555,"['£1.35', '£0.22/each']",1.35,£0.22/each
3534,Warburtons Milk Roll Sliced White Bread 400G,https://www.tesco.com/groceries/en-GB/products/254942734,1687614503.12337,"['£1.25', '£0.31/100g']",1.25,£0.31/100g
3535,Tesco Free From Sliced White Bread 550G,https://www.tesco.com/groceries/en-GB/products/276605133,1687614503.2001522,"['£1.95', '£0.36/100g']",1.95,£0.36/100g
3536,Tesco Double Chocolate Mini Muffins 16 Pack,https://www.tesco.com/groceries/en-GB/products/300833258,1687614503.2687302,"['£2.30', '£0.14/each']",2.3,£0.14/each
3537,Hayden's 4 Delicious Yum Yums,https://www.tesco.com/groceries/en-GB/products/314436920,1687614503.35757,"['£1.50', '£0.38/each']",1.5,£0.38/each
3539,Tesco 5 Sugar Ring Doughnuts,https://www.tesco.com/groceries/en-GB/products/312581214,1687614503.4929018,"['£1.10', '£0.22/each']",1.1,£0.22/each
3540,Tesco Finest Lemon Drizzle Cake Each,https://www.tesco.com/groceries/en-GB/products/268064818,1687614503.570334,"['£3.00', '£3.00/each']",3.0,£3.00/each
3541,Hoppers Chocolate Mini Rolls 10 Pack,https://www.tesco.com/groceries/en-GB/products/307345335,1687614503.6587908,"['£1.15', '£0.12/each']",1.15,£0.12/each
3542,Tesco 10 Double Chocolate Mini Rolls,https://www.tesco.com/groceries/en-GB/products/306952833,1687614503.7253592,"['£1.35', '£0.14/each']",1.35,£0.14/each
3543,Mr Kipling Caramel Apple Loaf Cake 210G,https://www.tesco.com/groceries/en-GB/products/313623118,1687614503.795852,"['£2.25', '£1.07/100g']",2.25,£1.07/100g
3544,Mr Kipling Lemon Loaf Cake & Crumble 210G,https://www.tesco.com/groceries/en-GB/products/313617420,1687614503.885885,"['£2.25', '£1.07/100g']",2.25,£1.07/100g
3545,Tesco Pastel De Nata 4 Pack,https://www.tesco.com/groceries/en-GB/products/309764855,1687614503.9759822,"['£2.35', '£0.59/each']",2.35,£0.59/each
3546,Tesco Hi Fibre Seed Loaf 800G Sliced,https://www.tesco.com/groceries/en-GB/products/309464473,1687614504.050379,"['£1.45', '£1.45/each']",1.45,£1.45/each
3547,Finest White Chocolate & Honeycomb Cookie 4 Pack,https://www.tesco.com/groceries/en-GB/products/285498319,1687614504.1164858,"['£1.80', '£0.45/each']",1.8,£0.45/each
3548,Heat & Eat Seeded Baguette 3 Pack,https://www.tesco.com/groceries/en-GB/products/309454139,1687614504.242024,"['£1.40', '£0.47/each']",1.4,£0.47/each
3549,Tesco Finest Rosemary & Sea Salt Focaccia,https://www.tesco.com/groceries/en-GB/products/312715757,1687614504.3100958,"['£2.25', '£2.25/each']",2.25,£2.25/each
3550,Tesco Cheese & Tomato Flatbread 225G,https://www.tesco.com/groceries/en-GB/products/252109642,1687614504.3821921,"['£1.85', '£0.82/100g']",1.85,£0.82/100g
3551,Tesco Ancient Grain Rolls 4 Pack,https://www.tesco.com/groceries/en-GB/products/306661336,1687614504.453525,"['£1.20', '£0.30/each']",1.2,£0.30/each
3552,Tesco White Crusty Cob Sliced,https://www.tesco.com/groceries/en-GB/products/305946059,1687614504.5290508,"['£1.15', '£1.15/each']",1.15,£1.15/each
3553,Tiger Bloomer 400G,https://www.tesco.com/groceries/en-GB/products/253078451,1687614504.597258,"['£1.05', '£0.26/100g']",1.05,£0.26/100g
3554,Old El Paso Stand ‘N’ Stuff Soft Flour Tortillas 8Pk 193G,https://www.tesco.com/groceries/en-GB/products/283522139,1687614504.6672971,"['£2.30', '£1.19/100g']",2.3,£1.19/100g
3555,Tesco Hi Fibre Wholemeal Loaf 400G Sliced,https://www.tesco.com/groceries/en-GB/products/309479398,1687614504.738951,"['£1.10', '£1.10/each']",1.1,£1.10/each
3556,Bfree Stone Baked Pitta Bread 220G,https://www.tesco.com/groceries/en-GB/products/291243774,1687614504.812365,"['£2.75', '£1.25/100g']",2.75,£1.25/100g
3557,Tesco Lemon Loaf Cake,https://www.tesco.com/groceries/en-GB/products/293459907,1687614504.881061,"['£1.90', '£1.90/each']",1.9,£1.90/each
3558,Tesco Lemon Swiss Roll ..,https://www.tesco.com/groceries/en-GB/products/299999713,1687614504.953284,"['£1.75', '£1.75/each']",1.75,£1.75/each
3559,Warburtons Fruit Loaf With Orange 400G,https://www.tesco.com/groceries/en-GB/products/252323088,1687614505.0217972,"['£1.95', '£0.49/100g']",1.95,£0.49/100g
3560,Tesco Raspberry Ripple Tear & Share Bun,https://www.tesco.com/groceries/en-GB/products/313367064,1687614505.088418,"['£3.80', '£3.80/each']",3.8,£3.80/each
3561,Soreen 5 Strawberry Lunchbox Loaves 150G,https://www.tesco.com/groceries/en-GB/products/302143680,1687614505.1779578,"['£1.75', '£1.17/100g']",1.75,£1.17/100g
3562,Rustlers All Day Breakfast Pancake Stack 129G,https://www.tesco.com/groceries/en-GB/products/309470661,1687614505.2708201,"['£1.85', '£14.34/kg']",1.85,£14.34/kg
3563,Tesco Party Cake Selection 12 Pack,https://www.tesco.com/groceries/en-GB/products/267207059,1687614505.338353,"['£3.00', '£0.25/each']",3.0,£0.25/each
3564,Warburtons White Bakers Bloomer 800G,https://www.tesco.com/groceries/en-GB/products/305838752,1687614505.429327,"['£1.75', '£0.22/100g']",1.75,£0.22/100g
3565,Mr Kipling Almond Slices 6 Pack,https://www.tesco.com/groceries/en-GB/products/254947308,1687614505.5195892,"['£2.50', '£0.42/each']",2.5,£0.42/each
3566,Mr Kipling Jam Tarts 6 Pack,https://www.tesco.com/groceries/en-GB/products/254947867,1687614505.6137621,"['£2.80', '£0.47/each']",2.8,£0.47/each
3567,Tesco Iced Madeira Cake Each,https://www.tesco.com/groceries/en-GB/products/256186519,1687614505.6801128,"['£1.70', '£1.70/each']",1.7,£1.70/each
3568,Tesco Oaty Flapjacks 5 Pack 170G,https://www.tesco.com/groceries/en-GB/products/287504748,1687614505.746957,"['£1.30', '£0.76/100g']",1.3,£0.76/100g
3569,Tesco Walnut Cake,https://www.tesco.com/groceries/en-GB/products/254947124,1687614505.8153229,"['£1.70', '£1.70/each']",1.7,£1.70/each
3570,Tesco Finest Victoria Sponge Cake,https://www.tesco.com/groceries/en-GB/products/312110479,1687614505.8829892,"['£3.00', '£3.00/each']",3.0,£3.00/each
3571,Ms Mollys Raspberry Swiss Roll,https://www.tesco.com/groceries/en-GB/products/299999615,1687614505.97209,"['£0.95', '£0.95/each']",0.95,£0.95/each
3572,Tesco 6 Angel Cake Slices 160G,https://www.tesco.com/groceries/en-GB/products/311932274,1687614506.039317,"['£1.10', '£0.69/100g']",1.1,£0.69/100g
3573,Tesco 10 Chocolate Cake Bars,https://www.tesco.com/groceries/en-GB/products/306926577,1687614512.283545,"['£1.45', '£0.14/each']",1.45,£0.14/each
3574,Tesco Cherry Bakewell Tarts 6 Pack,https://www.tesco.com/groceries/en-GB/products/268405088,1687614512.419335,"['£1.19', '£0.20/each']",1.19,£0.20/each
3575,Cinnamon Tear & Share Bun,https://www.tesco.com/groceries/en-GB/products/276132657,1687614512.49548,"['£3.80', '£3.80/each']",3.8,£3.80/each
3576,Mr Kipling Manor House Cake Each,https://www.tesco.com/groceries/en-GB/products/254946632,1687614512.587803,"['£2.85', '£0.73/100g']",2.85,£0.73/100g
3577,La Boulangere 6 Vegan Croissants 240G,https://www.tesco.com/groceries/en-GB/products/305974647,1687614512.659477,"['£2.95', '£1.23/100g']",2.95,£1.23/100g
3578,Schar Brown Ciabatta Rolls 200G,https://www.tesco.com/groceries/en-GB/products/291228401,1687614512.728275,"['£2.40', '£1.20/100g']",2.4,£1.20/100g
3579,Tesco Hi Fibre Malted Loaf 800G Sliced,https://www.tesco.com/groceries/en-GB/products/309477705,1687614512.795369,"['£1.35', '£1.35/each']",1.35,£1.35/each
3580,Old El Paso 6 Regular Gluten Free Tortilla 216G,https://www.tesco.com/groceries/en-GB/products/301227329,1687614512.866357,"['£3.00', '£1.39/100g']",3.0,£1.39/100g
3581,Abra Ca Debora 6 Sweet Pancakes 375G,https://www.tesco.com/groceries/en-GB/products/272407558,1687614512.93773,"['£2.35', '£0.63/100g']",2.35,£0.63/100g
3582,Bonne Maman La Madeleine 7Pk,https://www.tesco.com/groceries/en-GB/products/278702176,1687614513.012319,"['£2.50', '£1.43/100g']",2.5,£1.43/100g
3583,Genius Gluten Free Brioche Burger Buns 2 Pack,https://www.tesco.com/groceries/en-GB/products/301810791,1687614513.108999,"['£1.85', '£0.62/each']",1.85,£0.62/each
3584,Crusty White Bloomer Sliced 400G,https://www.tesco.com/groceries/en-GB/products/258397693,1687614513.198503,"['£1.00', '£0.25/100g']",1.0,£0.25/100g
3585,Old El Paso Large Super Soft Flour Tortillas 6 Pack 350G,https://www.tesco.com/groceries/en-GB/products/256209483,1687614513.267433,"['£1.75', '£0.50/100g']",1.75,£0.50/100g
3586,Norfolk Cake Co Mixed Fruit Loaf Cake,https://www.tesco.com/groceries/en-GB/products/263501840,1687614513.341526,"['£2.00', '£2.00/each']",2.0,£2.00/each
3587,Mr Kipling Lemon Slices 8 Pack,https://www.tesco.com/groceries/en-GB/products/295848876,1687614513.413362,"['£3.95', '£0.49/each']",3.95,£0.49/each
3588,Tesco Free From White Rolls 4 Pack,https://www.tesco.com/groceries/en-GB/products/294006930,1687614513.5041,"['£1.75', '£0.44/each']",1.75,£0.44/each
3589,Mr Kipling 30% Less Sugar 6 Bramley Apple Pies,https://www.tesco.com/groceries/en-GB/products/311432042,1687614513.579434,"['£2.60', '£0.43/each']",2.6,£0.43/each
3590,Mr Kipling Battenberg Cake Each,https://www.tesco.com/groceries/en-GB/products/252657128,1687614513.646305,"['£1.75', '£0.76/100g']",1.75,£0.76/100g
3591,Ms Molly's Flapjack Traybake 360G,https://www.tesco.com/groceries/en-GB/products/300523717,1687614513.713879,"['£1.35', '£0.38/100g']",1.35,£0.38/100g
3592,Deli Kitchen 4 Sliced Focaccia 360G,https://www.tesco.com/groceries/en-GB/products/305525978,1687614513.7813141,"['£1.75', '£0.49/100g']",1.75,£0.49/100g
3593,Mr Kipling Apple & Blackcurrant Pies 6 Pack,https://www.tesco.com/groceries/en-GB/products/254948250,1687614513.874136,"['£1.99', '£0.33/each']",1.99,£0.33/each
3594,Kingsmill 50/50 400G,https://www.tesco.com/groceries/en-GB/products/272782291,1687614513.963051,"['£1.20', '£0.30/100g']",1.2,£0.30/100g
3595,Tesco 2 Fresh Cream Bramley Apple Turnovers 160G,https://www.tesco.com/groceries/en-GB/products/297297274,1687614514.031277,"['£1.60', '£1.00/100g']",1.6,£1.00/100g
3596,Mr Kipling Fruit Pie Selection 6 Pack,https://www.tesco.com/groceries/en-GB/products/254948307,1687614514.1061828,"['£1.99', '£0.33/each']",1.99,£0.33/each
3597,New York Bakery Soft Seeded Bagel Thins 4 Pack,https://www.tesco.com/groceries/en-GB/products/303008592,1687614514.236592,"['£1.20', '£0.30/each']",1.2,£0.30/each
3598,Tesco Free From Brown Bread 550G,https://www.tesco.com/groceries/en-GB/products/281509384,1687614514.3314261,"['£1.95', '£0.36/100g']",1.95,£0.36/100g
3599,Soreen Banana Loaf 260G,https://www.tesco.com/groceries/en-GB/products/267257949,1687614514.3997052,"['£1.50', '£0.58/100g']",1.5,£0.58/100g
3600,Mcvitie's Original Lyle's Golden Syrup Cake,https://www.tesco.com/groceries/en-GB/products/254946816,1687614514.471467,"['£1.50', '£1.50/each']",1.5,£1.50/each
3601,Tesco Free From 4 White Tortilla Wraps,https://www.tesco.com/groceries/en-GB/products/303579681,1687614514.5405939,"['£2.00', '£0.50/each']",2.0,£0.50/each
3602,Tesco Finest Carrot Cake,https://www.tesco.com/groceries/en-GB/products/312355707,1687614514.6069992,"['£3.00', '£3.00/each']",3.0,£3.00/each
3603,Ms Molly's Lightly Fruited Cake,https://www.tesco.com/groceries/en-GB/products/300716052,1687614514.697222,"['£1.20', '£1.20/each']",1.2,£1.20/each
3604,Ms Mollys Jumbo Chocolate & Vanilla Swiss Roll,https://www.tesco.com/groceries/en-GB/products/299999575,1687614514.7638159,"['£1.40', '£1.40/each']",1.4,£1.40/each
3605,Tesco Finest Bakewell Tarts 2 Pack,https://www.tesco.com/groceries/en-GB/products/309459514,1687614514.829814,"['£2.10', '£1.05/each']",2.1,£1.05/each
3606,Warburtons White Gluten Free Bread Sourdough 400G,https://www.tesco.com/groceries/en-GB/products/302385928,1687614514.896257,"['£3.50', '£0.88/100g']",3.5,£0.88/100g
3607,Tesco Finest Raspberry & White Chocolate Cookies 4 Pack,https://www.tesco.com/groceries/en-GB/products/305041542,1687614514.9629061,"['£1.80', '£0.45/each']",1.8,£0.45/each
3608,Tesco Free From 5 Chocolate Cake Slices,https://www.tesco.com/groceries/en-GB/products/304785924,1687614515.0626628,"['£2.50', '£2.50/each']",2.5,£2.50/each
3609,Crusty White Split Tin 800G,https://www.tesco.com/groceries/en-GB/products/255809143,1687614515.144625,"['£1.35', '£0.17/100g']",1.35,£0.17/100g
3610,Schar Wholesome Vitality Loaf Gluten Free 350G,https://www.tesco.com/groceries/en-GB/products/293673002,1687614515.2251048,"['£3.00', '£0.86/100g']",3.0,£0.86/100g
3611,Patak's Flame Baked Garlic & Coriander Naan Breads 2 Pack,https://www.tesco.com/groceries/en-GB/products/312838321,1687614515.299565,"['£1.85', '£0.92/each']",1.85,£0.92/each
3612,Tesco Free From 5 Angel Slices,https://www.tesco.com/groceries/en-GB/products/303127531,1687614515.399592,"['£2.50', '£0.50/each']",2.5,£0.50/each
3613,Wicked Kitchen Jazzy Jam Doughnuts 5 Pack,https://www.tesco.com/groceries/en-GB/products/307755570,1687614515.467655,"['£1.25', '£0.25/each']",1.25,£0.25/each
3614,Petit Pain 4 Pack,https://www.tesco.com/groceries/en-GB/products/288355179,1687614515.550143,"['£1.20', '£0.30/each']",1.2,£0.30/each
3615,New York Bakery Gluten Free Plain Bagels 4 Pack,https://www.tesco.com/groceries/en-GB/products/304795958,1687614515.625396,"['£2.70', '£0.68/each']",2.7,£0.68/each
3616,Slooow Crispy Rustic Rolls With Honey 360G,https://www.tesco.com/groceries/en-GB/products/306932863,1687614515.69963,"['£2.30', '£0.64/100g']",2.3,£0.64/100g
3617,Fibre One Birthday Cake 5X24g Pack 120G,https://www.tesco.com/groceries/en-GB/products/305916683,1687614515.773031,"['£2.60', '£2.17/100g']",2.6,£2.17/100g
3618,Tesco Finest Olive Ciabatta 270G,https://www.tesco.com/groceries/en-GB/products/305958108,1687614515.881255,"['£1.70', '£0.63/100g']",1.7,£0.63/100g
3619,Fibre One Cake Bar Triple Chocolate 4 X 25G,https://www.tesco.com/groceries/en-GB/products/301692219,1687614516.0195808,"['£2.90', '£2.90/100g']",2.9,£2.90/100g
3620,Tesco Chocolate Brownie 240G,https://www.tesco.com/groceries/en-GB/products/305967495,1687614516.0960379,"['£1.85', '£0.77/100g']",1.85,£0.77/100g
3621,Mr Kipling Chocolate Slices 8 Pack,https://www.tesco.com/groceries/en-GB/products/295848899,1687614521.323267,"['£3.95', '£0.49/each']",3.95,£0.49/each
3622,Slooow Stone Oven Baguette White 250G,https://www.tesco.com/groceries/en-GB/products/307156956,1687614521.424598,"['£1.60', '£0.64/100g']",1.6,£0.64/100g
3623,Tesco Lemon Iced Madeira Cake Each,https://www.tesco.com/groceries/en-GB/products/256180635,1687614521.505364,"['£1.70', '£1.70/each']",1.7,£1.70/each
3624,Soreen Malt Loaf 390G,https://www.tesco.com/groceries/en-GB/products/312361509,1687614521.5738811,"['£1.75', '£0.45/100g']",1.75,£0.45/100g
3625,Tesco Coconut Macaroons 6 Pack,https://www.tesco.com/groceries/en-GB/products/254947251,1687614521.641149,"['£1.25', '£0.21/each']",1.25,£0.21/each
3626,New York Bakery Wholemeal & Rye Bagel Thins 4 Pack,https://www.tesco.com/groceries/en-GB/products/309191759,1687614521.715399,"['£1.20', '£0.30/each']",1.2,£0.30/each
3627,Tesco Finest Turkish Inspired Tear & Share Flatbread 330G,https://www.tesco.com/groceries/en-GB/products/313748800,1687614521.8095071,"['£2.00', '£0.61/100g']",2.0,£0.61/100g
3628,Tesco Malted Grain & Rye Folded Flatbread 6 Pack,https://www.tesco.com/groceries/en-GB/products/291376334,1687614521.881553,"['£1.20', '£0.57/100g']",1.2,£0.57/100g
3629,Tesco 6 Banana Pancakes,https://www.tesco.com/groceries/en-GB/products/310665159,1687614521.949043,"['£1.10', '£0.18/each']",1.1,£0.18/each
3630,Mcvitie's Hobnob Flap Jack 5 Pack 131.8G,https://www.tesco.com/groceries/en-GB/products/313950548,1687614522.014753,"['£1.25', '£0.95/100g']",1.25,£0.95/100g
3631,Mcvities Hobnobs Coconut Macaroon Flapjacks 131.8G,https://www.tesco.com/groceries/en-GB/products/314117313,1687614522.105574,"['£1.25', '£0.95/100g']",1.25,£0.95/100g
3632,Mr Kipling Deliciously Good Chocolate Cake Slices X6,https://www.tesco.com/groceries/en-GB/products/311269120,1687614522.199339,"['£2.50', '£0.42/each']",2.5,£0.42/each
3633,Tesco 4 Greek Style Folded Flatbreads 340G,https://www.tesco.com/groceries/en-GB/products/313742138,1687614522.268472,"['£1.25', '£0.37/100g']",1.25,£0.37/100g
3634,Tesco Finest White Chocolate & Strawberry Cake,https://www.tesco.com/groceries/en-GB/products/264982901,1687614522.339794,"['£3.00', '£3.00/each']",3.0,£3.00/each
3635,St Pierre 4 Burger Buns,https://www.tesco.com/groceries/en-GB/products/313949539,1687614522.43101,"['£2.50', '£0.62/each']",2.5,£0.62/each
3636,Mrs Crimbles 6 Gluten Free Vegan Chocolate Macaroon 195G,https://www.tesco.com/groceries/en-GB/products/304377434,1687614522.519743,"['£1.40', '£0.72/100g']",1.4,£0.72/100g
3637,Tesco 6 Lemon Cake Slices 160G,https://www.tesco.com/groceries/en-GB/products/312093285,1687614522.6117718,"['£1.10', '£0.69/100g']",1.1,£0.69/100g
3638,Tesco Ring Doughnuts 12 Pack,https://www.tesco.com/groceries/en-GB/products/295684815,1687614522.6875882,"['£3.40', '£0.28/each']",3.4,£0.28/each
3639,Tesco Rhubarb Pie Each,https://www.tesco.com/groceries/en-GB/products/254735283,1687614522.755455,"['£1.90', '£1.90/each']",1.9,£1.90/each
3640,Tesco Apple & Cinnamon Turnover 2 Pack,https://www.tesco.com/groceries/en-GB/products/311684889,1687614522.82141,"['£1.70', '£0.85/each']",1.7,£0.85/each
3641,Genius Gluten Free Spicy Fruit Loaf 400G,https://www.tesco.com/groceries/en-GB/products/282073090,1687614522.886544,"['£2.80', '£0.70/100g']",2.8,£0.70/100g
3642,Tesco Finest Chocolate Orange Cookies 4 Pack,https://www.tesco.com/groceries/en-GB/products/304406390,1687614522.954188,"['£1.80', '£0.45/each']",1.8,£0.45/each
3643,Crusty White Bloomer 800G,https://www.tesco.com/groceries/en-GB/products/255809114,1687614523.0450041,"['£1.35', '£0.17/100g']",1.35,£0.17/100g
3644,Crusty White Split Tin Sliced 800G,https://www.tesco.com/groceries/en-GB/products/255809310,1687614523.148963,"['£1.35', '£0.17/100g']",1.35,£0.17/100g
3645,Warburtons Gluten Free White Wraps 4 Pack,https://www.tesco.com/groceries/en-GB/products/301767513,1687614523.21798,"['£2.90', '£0.72/each']",2.9,£0.72/each
3646,Tesco Mini Milk Chocolate Cookies 20 Pack,https://www.tesco.com/groceries/en-GB/products/268395167,1687614523.287769,"['£2.30', '£0.12/each']",2.3,£0.12/each
3647,Tesco Olive Rolls 4 Pack,https://www.tesco.com/groceries/en-GB/products/306803423,1687614523.396984,"['£1.20', '£0.30/each']",1.2,£0.30/each
3648,Tesco Garlic & Parsley Flatbread 210G,https://www.tesco.com/groceries/en-GB/products/252109688,1687614523.4701838,"['£1.85', '£0.88/100g']",1.85,£0.88/100g
3649,Daelmans 10 Caramel Stroopwafel 290G,https://www.tesco.com/groceries/en-GB/products/272574416,1687614523.5405161,"['£2.00', '£0.69/100g']",2.0,£0.69/100g
3650,Oat & Raisin Cookies 5Pack,https://www.tesco.com/groceries/en-GB/products/283292715,1687614523.605909,"['£1.25', '£0.25/each']",1.25,£0.25/each
3651,Genius Gluten Free 2 Double Chocolate Muffins,https://www.tesco.com/groceries/en-GB/products/293612012,1687614523.678339,"['£2.10', '£1.05/each']",2.1,£1.05/each
3652,Patak's Flame Baked Plain Naan Breads 2 Pack,https://www.tesco.com/groceries/en-GB/products/312850017,1687614523.7486668,"['£1.85', '£0.92/each']",1.85,£0.92/each
3653,Tesco Brookie Bites 20 Pack,https://www.tesco.com/groceries/en-GB/products/309177640,1687614523.815101,"['£2.30', '£0.12/each']",2.3,£0.12/each
3654,Fibre One Lemon Drizzle Reduced Sugar Squares 5 X 24G,https://www.tesco.com/groceries/en-GB/products/305966997,1687614523.908205,"['£2.60', '£2.17/100g']",2.6,£2.17/100g
3655,Genius Gluten Free 6 Pancakes,https://www.tesco.com/groceries/en-GB/products/291443226,1687614523.995261,"['£2.25', '£0.38/each']",2.25,£0.38/each
3656,Tesco Hi Fibre Malted Loaf 400G Sliced,https://www.tesco.com/groceries/en-GB/products/309454698,1687614524.080805,"['£1.10', '£1.10/each']",1.1,£1.10/each
3657,Dr Schar Panini Rolls 225G,https://www.tesco.com/groceries/en-GB/products/291879298,1687614524.1686149,"['£2.40', '£1.07/100g']",2.4,£1.07/100g
3658,Tesco Rocky Road Bites 195G,https://www.tesco.com/groceries/en-GB/products/309177980,1687614524.265548,"['£2.30', '£1.18/100g']",2.3,£1.18/100g
3659,Tesco Seeded Stone Baked Baguette,https://www.tesco.com/groceries/en-GB/products/308477851,1687614524.361794,"['£1.25', '£1.25/each']",1.25,£1.25/each
3660,Tesco 6 Welsh Cakes,https://www.tesco.com/groceries/en-GB/products/299650135,1687614524.436219,"['£1.65', '£0.28/each']",1.65,£0.28/each
3661,Tesco Sliced Brioche Loaf 500G,https://www.tesco.com/groceries/en-GB/products/308459216,1687614524.5163038,"['£1.95', '£0.39/100g']",1.95,£0.39/100g
3662,Tesco Finest Free From Dark Chocolate Ginger Cookies 150G,https://www.tesco.com/groceries/en-GB/products/278437236,1687614524.588688,"['£2.35', '£1.57/100g']",2.35,£1.57/100g
3663,Tesco Free From Cherry Bakewell Tarts 4 Pack,https://www.tesco.com/groceries/en-GB/products/266712608,1687614524.663925,"['£2.10', '£0.52/each']",2.1,£0.52/each
3664,Tesco Fresh Free From Hot Cross Buns 4 Pack,https://www.tesco.com/groceries/en-GB/products/281823783,1687614524.738252,"['£2.00', '£0.50/each']",2.0,£0.50/each
3665,Tesco Iced Coffee Cake,https://www.tesco.com/groceries/en-GB/products/265914056,1687614524.8436558,"['£1.70', '£1.70/each']",1.7,£1.70/each
3666,Hovis Seeded Bread 450G,https://www.tesco.com/groceries/en-GB/products/308112736,1687614524.949603,"['£1.75', '£0.39/100g']",1.75,£0.39/100g
3667,Tesco Finest 4 Cheese & Black Pepper English Muffins,https://www.tesco.com/groceries/en-GB/products/305040347,1687614525.070095,"['£1.40', '£0.35/each']",1.4,£0.35/each
3668,Tesco 4 Rosemary & Sea Salt Focaccia 200G,https://www.tesco.com/groceries/en-GB/products/309789289,1687614525.138088,"['£1.25', '£0.62/100g']",1.25,£0.62/100g
3669,Tesco Fresh Cream Horns 2 Pack 110G,https://www.tesco.com/groceries/en-GB/products/258263068,1687614530.783063,"['£1.60', '£1.46/100g']",1.6,£1.46/100g
3670,Tesco Finest Red Velvet Cake,https://www.tesco.com/groceries/en-GB/products/312222364,1687614530.862881,"['£3.00', '£3.00/each']",3.0,£3.00/each
3671,Tesco Blackcurrant Sundae Tarts 4 Pack,https://www.tesco.com/groceries/en-GB/products/293609944,1687614530.975708,"['£1.35', '£0.34/each']",1.35,£0.34/each
3672,Tesco All Butter Cheddar Cheese Twist,https://www.tesco.com/groceries/en-GB/products/311675710,1687614531.0527208,"['£1.15', '£1.15/each']",1.15,£1.15/each
3673,Tesco Finest Sicilian Lemon Curd Muffins 2 Pack,https://www.tesco.com/groceries/en-GB/products/311227153,1687614531.1322398,"['£1.90', '£0.95/each']",1.9,£0.95/each
3674,Bfree Pizza Bases 360G,https://www.tesco.com/groceries/en-GB/products/298115300,1687614531.276618,"['£3.80', '£1.06/100g']",3.8,£1.06/100g
3675,Wicked Kitchen 4 Double Trouble Chocolate Cookies,https://www.tesco.com/groceries/en-GB/products/307750788,1687614531.39562,"['£1.95', '£0.49/each']",1.95,£0.49/each
3676,Tesco Finest 4 Millionaire Shortbread Slices,https://www.tesco.com/groceries/en-GB/products/305834981,1687614531.470618,"['£2.70', '£2.70/each']",2.7,£2.70/each
3677,Mr Kipling Treacle Tart,https://www.tesco.com/groceries/en-GB/products/297385659,1687614531.542352,"['£2.80', '£0.76/100g']",2.8,£0.76/100g
3678,Abra-Ca-Debora Buttermilk Pancakes 240G,https://www.tesco.com/groceries/en-GB/products/308861429,1687614531.6125948,"['£2.35', '£0.98/100g']",2.35,£0.98/100g
3679,Old El Paso 8 Tortilla Pockets 223G,https://www.tesco.com/groceries/en-GB/products/305969838,1687614531.6858392,"['£2.70', '£1.21/100g']",2.7,£1.21/100g
3680,Tesco White Crusty Cob,https://www.tesco.com/groceries/en-GB/products/305961904,1687614531.75509,"['£1.15', '£1.15/each']",1.15,£1.15/each
3681,Plain Pretzel,https://www.tesco.com/groceries/en-GB/products/272902283,1687614531.827481,"['£1.10', '£1.10/each']",1.1,£1.10/each
3682,Tesco 16 Madeleines 400G,https://www.tesco.com/groceries/en-GB/products/282979274,1687614531.897428,"['£2.85', '£0.71/100g']",2.85,£0.71/100g
3683,Tesco Free From Double Chocolate Mini Muffin 12 Pack,https://www.tesco.com/groceries/en-GB/products/300644089,1687614531.97397,"['£2.90', '£0.24/each']",2.9,£0.24/each
3684,Schar Gluten Free Waffles 100G,https://www.tesco.com/groceries/en-GB/products/297673670,1687614532.0439239,"['£2.40', '£2.40/100g']",2.4,£2.40/100g
3685,Patak's 4 Flame Baked Garlic & Coriander Mini Naan Breads,https://www.tesco.com/groceries/en-GB/products/312827789,1687614532.136193,"['£1.85', '£0.46/each']",1.85,£0.46/each
3686,Fibre One Reduced Sugar Salted Caramel Squares 5X24g,https://www.tesco.com/groceries/en-GB/products/305833884,1687614532.2078679,"['£2.60', '£2.17/100g']",2.6,£2.17/100g
3687,Jason's Sourdough Loaf Majestic Malted 450G,https://www.tesco.com/groceries/en-GB/products/312226967,1687614532.282557,"['£2.00', '£0.44/100g']",2.0,£0.44/100g
3688,St Pierre 4 Brioche Bagels,https://www.tesco.com/groceries/en-GB/products/312569725,1687614532.3507571,"['£2.60', '£0.65/each']",2.6,£0.65/each
3689,Warburtons Gluten Free 4 Soft Brioche Rolls,https://www.tesco.com/groceries/en-GB/products/310144528,1687614532.446434,"['£2.90', '£0.72/each']",2.9,£0.72/each
3690,Warburtons Gluten Free Crumpets 4 Pack,https://www.tesco.com/groceries/en-GB/products/313170457,1687614532.513877,"['£2.30', '£0.58/each']",2.3,£0.58/each
3691,Irwin's Together Brown Soda Bread 400G,https://www.tesco.com/groceries/en-GB/products/309766029,1687614532.607025,"['£1.90', '£0.48/100g']",1.9,£0.48/100g
3692,Tesco All Butter Chocolate Twist,https://www.tesco.com/groceries/en-GB/products/297689029,1687614532.6984608,"['£1.10', '£1.10/each']",1.1,£1.10/each
3693,Tesco 2 Chocolate Fudge Cupcakes,https://www.tesco.com/groceries/en-GB/products/312573368,1687614532.8107479,"['£1.60', '£0.80/each']",1.6,£0.80/each
3694,Tesco Finest 2 Flame Baked Flatbreads,https://www.tesco.com/groceries/en-GB/products/310664917,1687614532.885644,"['£1.50', '£0.75/each']",1.5,£0.75/each
3695,Geeta's 4 Roti Flatbread Paprika & Sweet Onion 220G,https://www.tesco.com/groceries/en-GB/products/314102238,1687614532.9585018,"['£1.85', '£0.84/100g']",1.85,£0.84/100g
3696,Deli Kitchen 6 Brioche Style Tortilla Wraps 366G,https://www.tesco.com/groceries/en-GB/products/305528785,1687614533.026515,"['£1.60', '£0.44/100g']",1.6,£0.44/100g
3697,Geeta's 4 Roti Flatbread Five Seeds 220G,https://www.tesco.com/groceries/en-GB/products/313747853,1687614533.098847,"['£1.85', '£0.84/100g']",1.85,£0.84/100g
3698,Tesco Chocolate Brownie Bar Cake,https://www.tesco.com/groceries/en-GB/products/305957806,1687614533.173702,"['£2.20', '£2.20/each']",2.2,£2.20/each
3699,Tesco Free From Bramley Apple Pies 4 Pack,https://www.tesco.com/groceries/en-GB/products/256682675,1687614533.249666,"['£2.10', '£0.52/each']",2.1,£0.52/each
3700,Tesco 2 Fresh Cream Raspberry Turnovers 148G,https://www.tesco.com/groceries/en-GB/products/253552538,1687614533.318333,"['£1.60', '£1.08/100g']",1.6,£1.08/100g
3701,Tesco 9 Chocolate Brownie Bites,https://www.tesco.com/groceries/en-GB/products/278298031,1687614533.385878,"['£1.20', '£0.13/each']",1.2,£0.13/each
3702,Cinnamon Bun,https://www.tesco.com/groceries/en-GB/products/276132945,1687614533.4585128,"['£0.95', '£0.95/each']",0.95,£0.95/each
3703,Norfolk Cake Co Honey Flapjack,https://www.tesco.com/groceries/en-GB/products/288389939,1687614533.571719,"['£0.90', '£0.90/each']",0.9,£0.90/each
3704,Mr Kipling Deliciously Good Angel Cake Slices X6,https://www.tesco.com/groceries/en-GB/products/311440470,1687614533.712457,"['£2.50', '£0.42/each']",2.5,£0.42/each
3705,Thorntons Bites Caramel Shortcakes Milk Chocolate 10Pack,https://www.tesco.com/groceries/en-GB/products/309461902,1687614533.781173,"['£1.80', '£0.18/each']",1.8,£0.18/each
3706,Tesco Lemon Curd Tarts 6 Pack,https://www.tesco.com/groceries/en-GB/products/255503493,1687614533.870998,"['£0.99', '£0.16/each']",0.99,£0.16/each
3707,Genius Deliciously Gluten Free Ciabatta 2 Pack,https://www.tesco.com/groceries/en-GB/products/314105537,1687614533.9382558,"['£2.50', '£1.25/each']",2.5,£1.25/each
3708,Tesco Slinky Caterpillar Cake,https://www.tesco.com/groceries/en-GB/products/259405113,1687614534.004787,"['£7.00', '£7.00/each']",7.0,£7.00/each
3709,Tesco 18 Cupcakes,https://www.tesco.com/groceries/en-GB/products/312579270,1687614534.072628,"['£6.00', '£0.33/each']",6.0,£0.33/each
3710,Genius Gut Lovin Tiger Bloomer Loaf 400G,https://www.tesco.com/groceries/en-GB/products/308495760,1687614534.148152,"['£3.30', '£0.82/100g']",3.3,£0.82/100g
3711,Promise Gluten Free Soft White Loaf 480G,https://www.tesco.com/groceries/en-GB/products/304074406,1687614534.2247648,"['£3.25', '£0.68/100g']",3.25,£0.68/100g
3712,Promise Gluten Free Multigrain Loaf 480G,https://www.tesco.com/groceries/en-GB/products/304074752,1687614534.293461,"['£3.25', '£0.68/100g']",3.25,£0.68/100g
3713,Tesco Mini Shortcake Bites 20 Pack,https://www.tesco.com/groceries/en-GB/products/268394786,1687614534.3630888,"['£2.30', '£0.12/each']",2.3,£0.12/each
3714,Tesco Free From 5 Chocolate Brownie Slices 145G,https://www.tesco.com/groceries/en-GB/products/311272720,1687614534.458761,"['£2.30', '£1.59/100g']",2.3,£1.59/100g
3715,Genius Blueberry Muffin 2 Pack,https://www.tesco.com/groceries/en-GB/products/286069135,1687614534.531342,"['£2.10', '£1.05/each']",2.1,£1.05/each
3716,Mrs Crimble's Classic Madeleine 180G,https://www.tesco.com/groceries/en-GB/products/292832035,1687614534.607748,"['£2.40', '£1.33/100g']",2.4,£1.33/100g
3717,Tesco 16 Chocolate Chip Madeleines 400G,https://www.tesco.com/groceries/en-GB/products/282979202,1687614539.1746612,"['£2.85', '£0.71/100g']",2.85,£0.71/100g
3718,Tesco Free From 6 Scotch Pancakes,https://www.tesco.com/groceries/en-GB/products/306497571,1687614539.256185,"['£2.20', '£0.37/each']",2.2,£0.37/each
3719,Bfree Wholegrain Gluten Free Pitta Bread 4X55g,https://www.tesco.com/groceries/en-GB/products/303617798,1687614539.388489,"['£2.70', '£1.23/100g']",2.7,£1.23/100g
3720,Tesco Free From 5 Chocolate Coated Cake Slices,https://www.tesco.com/groceries/en-GB/products/311225685,1687614539.471443,"['£2.50', '£0.50/each']",2.5,£0.50/each
3721,Fibre One 90 Calorie Doughnut Chocolate Flavour 4X23g,https://www.tesco.com/groceries/en-GB/products/311221643,1687614539.68495,"['£2.50', '£2.72/100g']",2.5,£2.72/100g
3722,Crusty White Bloomer 400G,https://www.tesco.com/groceries/en-GB/products/255809195,1687614539.761324,"['£1.00', '£0.25/100g']",1.0,£0.25/100g
3723,Tesco Banana Loaf Cake,https://www.tesco.com/groceries/en-GB/products/293459809,1687614539.83776,"['£1.90', '£1.90/each']",1.9,£1.90/each
3724,Schar Sweet Brioche Rolls 200G,https://www.tesco.com/groceries/en-GB/products/268870215,1687614539.905498,"['£2.40', '£1.20/100g']",2.4,£1.20/100g
3725,Tesco Coconut & Raspberry Loaf Cake,https://www.tesco.com/groceries/en-GB/products/293459844,1687614539.9737012,"['£1.90', '£1.90/each']",1.9,£1.90/each
3726,Warburtons The Big 21 Grains & Seeds 700G,https://www.tesco.com/groceries/en-GB/products/311265487,1687614540.0480042,"['£2.00', '£0.29/100g']",2.0,£0.29/100g
3727,Jason's White Ciabattin Sourdough 580G,https://www.tesco.com/groceries/en-GB/products/313837545,1687614540.120675,"['£2.00', '£0.34/100g']",2.0,£0.34/100g
3728,Jason's Grains & Seeds Ciabattin Sourdough 580G,https://www.tesco.com/groceries/en-GB/products/313744833,1687614540.210905,"['£2.00', '£0.34/100g']",2.0,£0.34/100g
3729,St Pierre 4 Soft Brioche Baguettes,https://www.tesco.com/groceries/en-GB/products/303670036,1687614540.332531,"['£2.35', '£0.59/each']",2.35,£0.59/each
3730,Jason's Wholemeal Ciabattin Sourdough 580G,https://www.tesco.com/groceries/en-GB/products/313758477,1687614540.4026072,"['£2.00', '£0.34/100g']",2.0,£0.34/100g
3731,Tesco Finest Oat Boule,https://www.tesco.com/groceries/en-GB/products/313005827,1687614540.5073228,"['£2.25', '£2.25/each']",2.25,£2.25/each
3732,Tesco Finest Vintage Cheddar Boule,https://www.tesco.com/groceries/en-GB/products/312695097,1687614540.576376,"['£2.25', '£2.25/each']",2.25,£2.25/each
3733,Crosta & Mollica 6 Durum Wheat Piadina Midi Flatbreads 240G,https://www.tesco.com/groceries/en-GB/products/311449155,1687614540.644554,"['£1.70', '£0.71/100g']",1.7,£0.71/100g
3734,Mr Kipling 6 Apple & Blackcurrant Pie 30% Less Sugar,https://www.tesco.com/groceries/en-GB/products/311443553,1687614540.738592,"['£2.60', '£0.43/each']",2.6,£0.43/each
3735,Tesco Free From Brown Seeded Rolls 4 Pack,https://www.tesco.com/groceries/en-GB/products/294006918,1687614540.807978,"['£1.75', '£0.44/each']",1.75,£0.44/each
3736,Tesco Free From Jam Tarts 6 Pack,https://www.tesco.com/groceries/en-GB/products/266712960,1687614540.876342,"['£2.10', '£0.35/each']",2.1,£0.35/each
3737,Hovis Granary Sliced Bread 450G,https://www.tesco.com/groceries/en-GB/products/311269978,1687614540.942485,"['£1.75', '£0.39/100g']",1.75,£0.39/100g
3738,Old El Paso Corn Tortillas 335G,https://www.tesco.com/groceries/en-GB/products/265461975,1687614541.014391,"['£1.45', '£0.43/100g']",1.45,£0.43/100g
3739,Mcvities Jaffa Cakes Cake Bars 5 Pack,https://www.tesco.com/groceries/en-GB/products/258871840,1687614541.083105,"['£1.90', '£0.38/each']",1.9,£0.38/each
3740,Hovis Seeded Batch 800G,https://www.tesco.com/groceries/en-GB/products/300644303,1687614541.149187,"['£1.50', '£0.19/100g']",1.5,£0.19/100g
3741,Tesco Chocolate Mega Loaf,https://www.tesco.com/groceries/en-GB/products/305988320,1687614541.237143,"['£2.00', '£2.00/each']",2.0,£2.00/each
3742,Dina Paninette 5 Large White Bread Wraps,https://www.tesco.com/groceries/en-GB/products/262963639,1687614541.3037598,"['£1.05', '£0.21/each']",1.05,£0.21/each
3743,Cadbury Raspberry Mini Roll 5 Pack,https://www.tesco.com/groceries/en-GB/products/287504132,1687614541.374163,"['£2.35', '£0.47/each']",2.35,£0.47/each
3744,Hovis Simple White Bread 800G,https://www.tesco.com/groceries/en-GB/products/313002001,1687614541.470475,"['£1.25', '£0.16/100g']",1.25,£0.16/100g
3745,Mcvities Jaffa Cake Bars 10 Pack,https://www.tesco.com/groceries/en-GB/products/284508478,1687614541.545536,"['£2.80', '£0.28/each']",2.8,£0.28/each
3746,Tesco Large Chocolate Celeb Cake Each,https://www.tesco.com/groceries/en-GB/products/258300895,1687614541.615084,"['£11.00', '£11.00/each']",11.0,£11.00/each
3747,Tesco 12 Party Cupcakes,https://www.tesco.com/groceries/en-GB/products/312560965,1687614541.682063,"['£7.00', '£0.58/each']",7.0,£0.58/each
3748,Tesco Finest Apple & Blackberry Crumble Danish 2 Pack,https://www.tesco.com/groceries/en-GB/products/309453578,1687614541.7711549,"['£2.00', '£1.00/each']",2.0,£1.00/each
3749,Bfree Sweet Potato Gluten Free Wrap 6X42g,https://www.tesco.com/groceries/en-GB/products/293672920,1687614541.8366039,"['£3.75', '£1.49/100g']",3.75,£1.49/100g
3750,Tesco Finest Free From Millionaire Slices 4 Pack,https://www.tesco.com/groceries/en-GB/products/303629755,1687614541.9026089,"['£3.50', '£0.88/each']",3.5,£0.88/each
3751,Tesco Hi Fibre Seed Loaf 800G,https://www.tesco.com/groceries/en-GB/products/309459860,1687614541.968838,"['£1.45', '£1.45/each']",1.45,£1.45/each
3752,Tesco Cheese Bloomer,https://www.tesco.com/groceries/en-GB/products/312711626,1687614542.042177,"['£2.00', '£2.00/each']",2.0,£2.00/each
3753,Tesco Hi Fibre Malted Loaf 800G,https://www.tesco.com/groceries/en-GB/products/309209499,1687614542.1075468,"['£1.35', '£1.35/each']",1.35,£1.35/each
3754,Tesco White Sourdough 400G,https://www.tesco.com/groceries/en-GB/products/313174390,1687614542.1764,"['£2.00', '£2.00/each']",2.0,£2.00/each
3755,Tesco Hi Fibre Wholemeal Loaf 800G,https://www.tesco.com/groceries/en-GB/products/309449699,1687614542.2422662,"['£1.35', '£1.35/each']",1.35,£1.35/each
3756,Tesco 6 Celebration Cupcakes,https://www.tesco.com/groceries/en-GB/products/312359692,1687614542.34255,"['£4.00', '£0.67/each']",4.0,£0.67/each
3757,Warburtons White Thins Gluten Free 4 Pack 200G,https://www.tesco.com/groceries/en-GB/products/299384657,1687614542.435723,"['£2.75', '£1.38/100g']",2.75,£1.38/100g
3758,Whaoo 6 Caramel Filled Crepes 192G,https://www.tesco.com/groceries/en-GB/products/309206814,1687614542.503008,"['£2.50', '£1.30/100g']",2.5,£1.30/100g
3759,Tesco Brown Sourdough 400G,https://www.tesco.com/groceries/en-GB/products/313187795,1687614542.571263,"['£2.00', '£2.00/each']",2.0,£2.00/each
3760,Tesco Free From 12 Rocky Road Mini Bites,https://www.tesco.com/groceries/en-GB/products/297172174,1687614542.641042,"['£2.90', '£0.24/each']",2.9,£0.24/each
3761,Tesco Free From Lemon Loaf Cake,https://www.tesco.com/groceries/en-GB/products/303617280,1687614542.708195,"['£2.75', '£2.75/each']",2.75,£2.75/each
3762,Tesco Free From 2 Sultana Scones,https://www.tesco.com/groceries/en-GB/products/305949534,1687614542.7782762,"['£2.20', '£1.10/each']",2.2,£1.10/each
3763,Tesco Crispy Caramel Bites 20 Pack,https://www.tesco.com/groceries/en-GB/products/268770593,1687614542.844689,"['£2.30', '£0.12/each']",2.3,£0.12/each
3764,Fibre One 90 Calorie Doughnut Strawberry 4X23g,https://www.tesco.com/groceries/en-GB/products/311425765,1687614542.939013,"['£2.50', '£2.72/100g']",2.5,£2.72/100g
3765,Tesco All Butter Croissant,https://www.tesco.com/groceries/en-GB/products/292891822,1687614548.628639,"['£1.10', '£1.10/each']",1.1,£1.10/each
3766,Patak's Flame Baked Peshwari Naan Breads 2 Pack,https://www.tesco.com/groceries/en-GB/products/312985747,1687614548.816718,"['£1.85', '£0.92/each']",1.85,£0.92/each
3767,Dina Handmade Classic Baklawa Selection 200G,https://www.tesco.com/groceries/en-GB/products/309205458,1687614548.89045,"['£2.30', '£1.15/100g']",2.3,£1.15/100g
3768,Tesco Free From 2 Chocolate Twists,https://www.tesco.com/groceries/en-GB/products/307146640,1687614548.980628,"['£2.75', '£1.38/each']",2.75,£1.38/each
3769,Warburtons Plant Power Sliced Wholemeal Bread 700G,https://www.tesco.com/groceries/en-GB/products/311251388,1687614549.076851,"['£2.00', '£0.29/100g']",2.0,£0.29/100g
3770,Promise Gluten Free Donuts Milk Chocolate Flavoured 140G,https://www.tesco.com/groceries/en-GB/products/313738000,1687614549.179412,"['£3.00', '£2.14/100g']",3.0,£2.14/100g
3771,Promise Gluten Free Donut White Chocolate Flavoured 140G,https://www.tesco.com/groceries/en-GB/products/313742227,1687614549.493477,"['£3.00', '£2.14/100g']",3.0,£2.14/100g
3772,Fibre One Red Velvet Cake Bar 25 G,https://www.tesco.com/groceries/en-GB/products/304838926,1687614549.5902011,"['£2.90', '£11.60/100g']",2.9,£11.60/100g
3773,Tesco Flapjack 240G,https://www.tesco.com/groceries/en-GB/products/305968062,1687614549.661667,"['£1.85', '£0.77/100g']",1.85,£0.77/100g
3774,Mr Kipling Deluxe Millionaire Whirls 6 Pack,https://www.tesco.com/groceries/en-GB/products/306949999,1687614549.729908,"['£2.65', '£0.44/each']",2.65,£0.44/each
3775,Tesco Strawberry Jam Victoria Sponge 360G,https://www.tesco.com/groceries/en-GB/products/297297412,1687614549.825114,"['£3.10', '£0.86/100g']",3.1,£0.86/100g
3776,Old El Paso Super Soft Flour Tortillas Whole Wheat 8Pk 326G,https://www.tesco.com/groceries/en-GB/products/279878604,1687614549.8949819,"['£1.45', '£0.44/100g']",1.45,£0.44/100g
3777,Mr Kipling Deliciously Good Bakewell Cake Slices X5,https://www.tesco.com/groceries/en-GB/products/310161703,1687614549.967349,"['£2.50', '£0.50/each']",2.5,£0.50/each
3778,"T, Limited Edition Mediterranean Style Tear & Share",https://www.tesco.com/groceries/en-GB/products/314412401,1687614550.058655,"['£2.00', '£2.00/each']",2.0,£2.00/each
3779,Norfolk Cake Co Cinnamon Flapjack,https://www.tesco.com/groceries/en-GB/products/288389951,1687614550.1270442,"['£0.90', '£0.90/each']",0.9,£0.90/each
3780,Tesco Free From 4 Chocolate Cupcakes,https://www.tesco.com/groceries/en-GB/products/308109689,1687614550.1958668,"['£2.50', '£0.62/each']",2.5,£0.62/each
3781,Bosh Nutty Americano Cake,https://www.tesco.com/groceries/en-GB/products/313833048,1687614550.273422,"['£3.90', '£3.90/each']",3.9,£3.90/each
3782,Oggs Vegan Mini Vanilla Cupcakes 9 Pack 180G,https://www.tesco.com/groceries/en-GB/products/311213941,1687614550.3511832,"['£3.95', '£2.19/100g']",3.95,£2.19/100g
3783,Tesco Finest Free From Chocolate Cake,https://www.tesco.com/groceries/en-GB/products/287938223,1687614550.423315,"['£3.75', '£3.75/each']",3.75,£3.75/each
3784,Tesco Raspberry Bakewell Tart 380G,https://www.tesco.com/groceries/en-GB/products/293789263,1687614550.492427,"['£3.75', '£0.99/100g']",3.75,£0.99/100g
3785,Tesco Finest Free From Carrot Cake,https://www.tesco.com/groceries/en-GB/products/287938338,1687614550.559829,"['£3.75', '£3.75/each']",3.75,£3.75/each
3786,Bfree Naan Bread 2Pack 240G,https://www.tesco.com/groceries/en-GB/products/311431999,1687614550.6263528,"['£3.25', '£1.35/100g']",3.25,£1.35/100g
3787,Abra Ca Debora Diddy Pancakes 200G,https://www.tesco.com/groceries/en-GB/products/285379501,1687614550.697191,"['£2.30', '£1.15/100g']",2.3,£1.15/100g
3788,Tesco Free From Lemon Slices X5,https://www.tesco.com/groceries/en-GB/products/303127554,1687614550.790602,"['£2.50', '£0.50/each']",2.5,£0.50/each
3789,Tesco Finest 4 Honeycomb Tiffin Slices,https://www.tesco.com/groceries/en-GB/products/305955699,1687614550.8613818,"['£2.70', '£0.68/each']",2.7,£0.68/each
3790,Warburtons Gluten Free 4 Soft Seeded Sliced Rolls,https://www.tesco.com/groceries/en-GB/products/310686128,1687614550.929228,"['£2.90', '£0.72/each']",2.9,£0.72/each
3791,Bonne Maman Lemon Madeleines 175G,https://www.tesco.com/groceries/en-GB/products/303730444,1687614551.021751,"['£2.50', '£1.43/100g']",2.5,£1.43/100g
3792,Ms Mollys Chocolate Cake,https://www.tesco.com/groceries/en-GB/products/299999650,1687614551.110972,"['£4.69', '£4.69/each']",4.69,£4.69/each
3793,Tesco Hi Fibre Wholemeal Loaf 400G,https://www.tesco.com/groceries/en-GB/products/309779256,1687614551.1805398,"['£1.10', '£1.10/each']",1.1,£1.10/each
3794,Patak's 4 Flame Baked Mini Naan Breads,https://www.tesco.com/groceries/en-GB/products/312707125,1687614551.25205,"['£1.85', '£0.46/each']",1.85,£0.46/each
3795,Tesco Free From 5 Oaty Bakes 150G,https://www.tesco.com/groceries/en-GB/products/308495472,1687614551.321635,"['£2.00', '£1.33/100g']",2.0,£1.33/100g
3796,Daelmans Mini Caramel Stroopwafel 200G,https://www.tesco.com/groceries/en-GB/products/312714266,1687614551.3906188,"['£2.00', '£1.00/100g']",2.0,£1.00/100g
3797,Fibre One Strawberry Cheesecake Bar 4X25g,https://www.tesco.com/groceries/en-GB/products/311686484,1687614551.458518,"['£2.90', '£29.00/kg']",2.9,£29.00/kg
3798,Tesco Finest Free From Triple Chocolate Cookies 150G,https://www.tesco.com/groceries/en-GB/products/278434838,1687614551.526828,"['£2.35', '£1.57/100g']",2.35,£1.57/100g
3799,Crosta & Mollica 6 Whole Blend Piadina Midi Flatbreads 240G,https://www.tesco.com/groceries/en-GB/products/310123337,1687614551.593638,"['£1.70', '£0.71/100g']",1.7,£0.71/100g
3800,Irwin's Together Cinnamon & Raisin Toasty Loaf 400G,https://www.tesco.com/groceries/en-GB/products/313740820,1687614551.690586,"['£2.00', '£0.50/100g']",2.0,£0.50/100g
3801,Tesco 9 Classic Biscuit Mini Cupcakes,https://www.tesco.com/groceries/en-GB/products/312558243,1687614551.7809238,"['£2.25', '£0.25/each']",2.25,£0.25/each
3802,Tesco 8 Cornflake Clusters,https://www.tesco.com/groceries/en-GB/products/278129584,1687614551.876317,"['£1.20', '£0.15/each']",1.2,£0.15/each
3803,Deli Kitchen 2 Persian Style Flatbreads 180G,https://www.tesco.com/groceries/en-GB/products/312235562,1687614551.943973,"['£1.35', '£0.75/100g']",1.35,£0.75/100g
3804,Tesco 4 Naan Wraps 340G,https://www.tesco.com/groceries/en-GB/products/309790276,1687614552.035732,"['£1.45', '£0.43/100g']",1.45,£0.43/100g
3805,Mrs Crimble's 6 Gluten Free Coconut Macaroons 180G,https://www.tesco.com/groceries/en-GB/products/307357010,1687614552.107009,"['£1.40', '£0.78/100g']",1.4,£0.78/100g
3806,Tesco Half & Half Cake,https://www.tesco.com/groceries/en-GB/products/309779659,1687614552.196214,"['£15.00', '£15.00/each']",15.0,£15.00/each
3807,Tesco Stars Party Cake,https://www.tesco.com/groceries/en-GB/products/259404984,1687614552.261573,"['£8.00', '£8.00/each']",8.0,£8.00/each
3808,Tesco Happy Birthday Cake,https://www.tesco.com/groceries/en-GB/products/257373377,1687614552.32811,"['£9.50', '£9.50/each']",9.5,£9.50/each
3809,Tesco Small Chocolate Celeb Cake Each,https://www.tesco.com/groceries/en-GB/products/257617038,1687614552.395648,"['£8.00', '£8.00/each']",8.0,£8.00/each
3810,Tesco Vanilla Party Traybake Each,https://www.tesco.com/groceries/en-GB/products/258106457,1687614552.461098,"['£7.50', '£7.50/each']",7.5,£7.50/each
3811,Tesco Fuzzy Caterpillar Cake,https://www.tesco.com/groceries/en-GB/products/308493802,1687614552.54109,"['£7.00', '£7.00/each']",7.0,£7.00/each
3812,Wicked Kitchen Belgian Chocolate & Raspberry Cake,https://www.tesco.com/groceries/en-GB/products/305946566,1687614552.60863,"['£9.00', '£9.00/each']",9.0,£9.00/each
3813,Tesco Free From Vanilla Tray Bake,https://www.tesco.com/groceries/en-GB/products/304379680,1687614557.358536,"['£5.00', '£5.00/each']",5.0,£5.00/each
3814,Tesco 6 Half & Half Cupcakes,https://www.tesco.com/groceries/en-GB/products/312580198,1687614557.507097,"['£4.00', '£0.67/each']",4.0,£0.67/each
3815,Oggs Vegan Victoria Sponge Cakes 4 Pack 184G,https://www.tesco.com/groceries/en-GB/products/311428946,1687614557.591598,"['£3.95', '£2.15/100g']",3.95,£2.15/100g
3816,Bosh Luscious Lemon Cake,https://www.tesco.com/groceries/en-GB/products/305978303,1687614557.6863759,"['£3.90', '£3.90/each']",3.9,£3.90/each
3817,Juvela Gluten Free Fresh White Loaf 400G,https://www.tesco.com/groceries/en-GB/products/297747347,1687614557.8742888,"['£2.95', '£0.74/100g']",2.95,£0.74/100g
3818,Tesco Finest Stonebaked Ciabatta,https://www.tesco.com/groceries/en-GB/products/312567629,1687614557.948708,"['£2.25', '£2.25/each']",2.25,£2.25/each
3819,Tesco Hi Fibre Seed Loaf 400G,https://www.tesco.com/groceries/en-GB/products/309476205,1687614558.024029,"['£1.15', '£1.15/each']",1.15,£1.15/each
3820,Al'fez Lebanese Style Flatbreads Flame Baked 180G,https://www.tesco.com/groceries/en-GB/products/312838344,1687614558.10009,"['£2.25', '£1.25/100g']",2.25,£1.25/100g
3821,Tesco Finest Stonebaked Seeded Multigrain Bloomer,https://www.tesco.com/groceries/en-GB/products/312835324,1687614558.1761,"['£2.25', '£2.25/each']",2.25,£2.25/each
3822,Tesco Free From 14 Brownie Mini Bites,https://www.tesco.com/groceries/en-GB/products/308838131,1687614558.246242,"['£2.90', '£0.21/each']",2.9,£0.21/each
3823,Tesco Free From Flapjack Bites 20 Pack,https://www.tesco.com/groceries/en-GB/products/308456634,1687614558.3168519,"['£2.90', '£0.14/each']",2.9,£0.14/each
3824,Tesco Hi Fibre Malted Loaf 400G,https://www.tesco.com/groceries/en-GB/products/309477072,1687614558.38753,"['£1.10', '£1.10/each']",1.1,£1.10/each
3825,Tesco Free From 2 Cheese Twists,https://www.tesco.com/groceries/en-GB/products/308109849,1687614558.464597,"['£2.75', '£1.38/each']",2.75,£1.38/each
3826,Ms Mollys Madeira Cake ..,https://www.tesco.com/groceries/en-GB/products/299999638,1687614558.534005,"['£4.69', '£4.69/each']",4.69,£4.69/each
3827,The Cake Crew Pick & Mix Cupcakes 4 Pack,https://www.tesco.com/groceries/en-GB/products/312085485,1687614558.607027,"['£2.50', '£0.62/each']",2.5,£0.62/each
3828,Tesco Finest Stonebaked White Crusty Bloomer,https://www.tesco.com/groceries/en-GB/products/312558796,1687614558.6759648,"['£2.25', '£2.25/each']",2.25,£2.25/each
3829,We Love Cake Free From Raspberry Ripple 4 Pack 150G,https://www.tesco.com/groceries/en-GB/products/311433974,1687614558.7463949,"['£2.00', '£1.33/100g']",2.0,£1.33/100g
3830,Tesco Finest 4 Trifle Tarts,https://www.tesco.com/groceries/en-GB/products/311937666,1687614558.825378,"['£2.40', '£0.60/each']",2.4,£0.60/each
3831,Tesco Finest 9 Selection Mini Cupcakes,https://www.tesco.com/groceries/en-GB/products/312559187,1687614558.891469,"['£3.50', '£0.39/each']",3.5,£0.39/each
3832,The Cake Crew Rainbow Cupcakes 4 Pack,https://www.tesco.com/groceries/en-GB/products/312232507,1687614558.9620218,"['£2.50', '£0.62/each']",2.5,£0.62/each
3833,Tesco 2 Birthday Cake Cupcakes,https://www.tesco.com/groceries/en-GB/products/312572542,1687614559.030179,"['£1.60', '£0.80/each']",1.6,£0.80/each
3834,Tesco Finest Free From White Chocolate Cranberry Cookies 150G,https://www.tesco.com/groceries/en-GB/products/278418034,1687614559.097163,"['£2.35', '£1.57/100g']",2.35,£1.57/100g
3835,Plantastic Sweet Apricot & Ginger With Almond Flapjack X5,https://www.tesco.com/groceries/en-GB/products/310116620,1687614559.163224,"['£2.25', '£0.45/each']",2.25,£0.45/each
3836,Tesco Madeira Mega Loaf,https://www.tesco.com/groceries/en-GB/products/305943500,1687614559.255966,"['£2.00', '£2.00/each']",2.0,£2.00/each
3837,Tesco Finest Salted Caramel Brownie Bites 266G,https://www.tesco.com/groceries/en-GB/products/311208274,1687614559.3254871,"['£2.75', '£1.03/100g']",2.75,£1.03/100g
3838,Cadbury Crunchie Cake Bars 5 Pack,https://www.tesco.com/groceries/en-GB/products/306928539,1687614559.392172,"['£2.25', '£0.45/each']",2.25,£0.45/each
3839,Tesco Birthday Cake Cubes 15Pk,https://www.tesco.com/groceries/en-GB/products/284515383,1687614559.525486,"['£13.00', '£0.87/each']",13.0,£0.87/each
3840,Tesco Cookies & Cream Cake,https://www.tesco.com/groceries/en-GB/products/297571030,1687614559.5982232,"['£15.00', '£15.00/each']",15.0,£15.00/each
3841,Tesco Chocolate & Salted Caramel Drip Cake,https://www.tesco.com/groceries/en-GB/products/308468706,1687614559.669164,"['£14.00', '£14.00/each']",14.0,£14.00/each
3842,Galaxy Ripple Indulgent Chocolate Cake,https://www.tesco.com/groceries/en-GB/products/304404864,1687614559.74031,"['£14.00', '£14.00/each']",14.0,£14.00/each
3843,Tesco Rainbow Drip Cake,https://www.tesco.com/groceries/en-GB/products/312228202,1687614559.808351,"['£14.00', '£14.00/each']",14.0,£14.00/each
3844,Xbox Celebration Cake,https://www.tesco.com/groceries/en-GB/products/307154463,1687614559.8761091,"['£15.00', '£15.00/each']",15.0,£15.00/each
3845,Pokemon Celebration Cake,https://www.tesco.com/groceries/en-GB/products/297570814,1687614559.9423301,"['£14.00', '£14.00/each']",14.0,£14.00/each
3846,Gordon's Sicilian Lemon Layer Cake,https://www.tesco.com/groceries/en-GB/products/313626075,1687614560.00983,"['£14.00', '£14.00/each']",14.0,£14.00/each
3847,Marvel Spiderman Nut Free Cake,https://www.tesco.com/groceries/en-GB/products/311206190,1687614560.082368,"['£14.00', '£14.00/each']",14.0,£14.00/each
3848,Tesco Pick & Mix Cupcake,https://www.tesco.com/groceries/en-GB/products/293535005,1687614560.149269,"['£15.00', '£15.00/each']",15.0,£15.00/each
3849,Tesco Chocolate Sammy The Sloth Cake,https://www.tesco.com/groceries/en-GB/products/304398829,1687614560.216827,"['£12.00', '£12.00/each']",12.0,£12.00/each
3850,Tesco Unicorn Cake,https://www.tesco.com/groceries/en-GB/products/297570912,1687614560.2840881,"['£14.00', '£14.00/each']",14.0,£14.00/each
3851,Maltesers Party Cake,https://www.tesco.com/groceries/en-GB/products/308492613,1687614560.352021,"['£13.00', '£13.00/each']",13.0,£13.00/each
3852,Harry Potter Hogwarts Chocolate Crest Cake,https://www.tesco.com/groceries/en-GB/products/313747381,1687614560.4249768,"['£14.00', '£14.00/each']",14.0,£14.00/each
3853,Thorntons Toffee Cake,https://www.tesco.com/groceries/en-GB/products/273913049,1687614560.523103,"['£11.00', '£11.00/each']",11.0,£11.00/each
3854,Jurassic World Dinosaur Celebration Cake,https://www.tesco.com/groceries/en-GB/products/300903268,1687614560.5904481,"['£13.00', '£13.00/each']",13.0,£13.00/each
3855,Mary Berry Celebration Rose Cake,https://www.tesco.com/groceries/en-GB/products/297763068,1687614560.6620622,"['£14.00', '£14.00/each']",14.0,£14.00/each
3856,Tesco Triple Layer Chocolate Cake Each,https://www.tesco.com/groceries/en-GB/products/261722967,1687614560.730644,"['£15.00', '£15.00/each']",15.0,£15.00/each
3857,Bluey Celebration Cake,https://www.tesco.com/groceries/en-GB/products/313831880,1687614560.79827,"['£12.00', '£12.00/each']",12.0,£12.00/each
3858,Just Love Food Nut Free Happy Birthday Cake,https://www.tesco.com/groceries/en-GB/products/312083896,1687614560.873746,"['£9.00', '£9.00/each']",9.0,£9.00/each
3859,Tesco Football Cake Each,https://www.tesco.com/groceries/en-GB/products/250315487,1687614560.94118,"['£9.50', '£9.50/each']",9.5,£9.50/each
3860,Tesco Madeira Party Cake Each,https://www.tesco.com/groceries/en-GB/products/265217995,1687614561.008558,"['£8.00', '£8.00/each']",8.0,£8.00/each
3861,Lazyday 4 Vegan & Free From Belgian Chocolate Cake Bars 120G,https://www.tesco.com/groceries/en-GB/products/311421942,1687614565.4222238,"['£2.45', '£2.04/100g']",2.45,£2.04/100g
3862,Lazyday Salted Caramel Crispies 5 Slices 150G,https://www.tesco.com/groceries/en-GB/products/312716137,1687614565.4988108,"['£2.45', '£1.63/100g']",2.45,£1.63/100g
3863,Tesco Finest 4 Onion Brioche Hot Dog Rolls,https://www.tesco.com/groceries/en-GB/products/310666014,1687614565.586272,"['£1.20', '£0.30/each']",1.2,£0.30/each
3864,Mr Kipling Gooey Brownie Bites Salted Caramel 10 Pack,https://www.tesco.com/groceries/en-GB/products/312983712,1687614565.698992,"['£2.25', '£0.22/each']",2.25,£0.22/each
3865,Jason's 4 Everyday Tiger Rolls 320G,https://www.tesco.com/groceries/en-GB/products/313756427,1687614565.8110201,"['£1.50', '£0.47/100g']",1.5,£0.47/100g
3866,Maltesers Orange Cake Bars 5 Pack,https://www.tesco.com/groceries/en-GB/products/313510131,1687614565.9263842,"['£2.00', '£0.40/each']",2.0,£0.40/each
3867,Heat And Eat Crusty Rolls 6 Pack,https://www.tesco.com/groceries/en-GB/products/314590091,1687614566.007668,"['£1.35', '£0.22/each']",1.35,£0.22/each
3868,Cadbury Dairy Milk Brwnie Bites X14,https://www.tesco.com/groceries/en-GB/products/313513738,1687614566.1300979,"['£2.30', '£0.16/each']",2.3,£0.16/each
3869,Cadbury Dairy Milk Cornflake Cluster Bites X14,https://www.tesco.com/groceries/en-GB/products/313735844,1687614566.2002292,"['£2.30', '£0.16/each']",2.3,£0.16/each
3870,Tesco Free From Stripey Caterpillar Cake,https://www.tesco.com/groceries/en-GB/products/313846563,1687614566.341634,"['£7.00', '£7.00/each']",7.0,£7.00/each
3871,Abra-Ca-Debora 6 Original Dutch Style Pancakes 405G,https://www.tesco.com/groceries/en-GB/products/313969072,1687614566.417901,"['£2.35', '£0.58/100g']",2.35,£0.58/100g
3872,Tesco Finest Cranberry Raisin & Cashew Bloomer,https://www.tesco.com/groceries/en-GB/products/312987155,1687614566.487662,"['£2.25', '£2.25/each']",2.25,£2.25/each
3873,Loyd Grossman Garlic Flatbread 2 X 110G,https://www.tesco.com/groceries/en-GB/products/313360457,1687614566.5600839,"['£2.50', '£1.14/100g']",2.5,£1.14/100g
3874,Tesco Rosemary & Sea Salt Focaccia,https://www.tesco.com/groceries/en-GB/products/312850271,1687614566.6520169,"['£1.50', '£0.75/each']",1.5,£0.75/each
3875,Tesco Finest Mini Breakfast Selection 6 Pack,https://www.tesco.com/groceries/en-GB/products/310682947,1687614566.7333398,"['£2.00', '£0.33/each']",2.0,£0.33/each
3876,Warburtons 4 Soft Wholemeal Pittas,https://www.tesco.com/groceries/en-GB/products/313738236,1687614566.798763,"['£1.15', '£0.29/each']",1.15,£0.29/each
3877,Warburtons 4 Soft White Pittas,https://www.tesco.com/groceries/en-GB/products/313851527,1687614566.868035,"['£1.15', '£0.29/each']",1.15,£0.29/each
3878,Cadbury Dairy Milk Caramel Mini Cookies X14,https://www.tesco.com/groceries/en-GB/products/313755123,1687614566.940639,"['£2.30', '£0.16/each']",2.3,£0.16/each
3879,Hearty Food Co. Plain Naan Breads,https://www.tesco.com/groceries/en-GB/products/312839216,1687614567.0070221,"['£0.69', '£0.34/each']",0.69,£0.34/each
3880,Hearty Food Co. Garlic & Coriander Naan Breads,https://www.tesco.com/groceries/en-GB/products/313189159,1687614567.076969,"['£0.69', '£0.34/each']",0.69,£0.34/each
3881,Just Love Confetti Traybake,https://www.tesco.com/groceries/en-GB/products/313952460,1687614567.152832,"['£5.00', '£5.00/each']",5.0,£5.00/each
3882,Wicked Kitchen 4 Chocolate Cupcakes,https://www.tesco.com/groceries/en-GB/products/312989527,1687614567.2208042,"['£3.50', '£0.88/each']",3.5,£0.88/each
3883,Wicked Kitchen 4 Lemon Cupcakes,https://www.tesco.com/groceries/en-GB/products/313175383,1687614567.288692,"['£3.50', '£0.88/each']",3.5,£0.88/each
3884,Genius Gluten Free Multi Seeded Farmhouse Loaf 430G,https://www.tesco.com/groceries/en-GB/products/313514023,1687614567.358515,"['£2.75', '£0.64/100g']",2.75,£0.64/100g
3885,Bfree Artisan Style White Sourdough Bread 350G,https://www.tesco.com/groceries/en-GB/products/314121618,1687614567.42849,"['£3.60', '£1.03/100g']",3.6,£1.03/100g
3886,Genius Gluten Free Soft White Farmhouse Loaf 430G,https://www.tesco.com/groceries/en-GB/products/313745705,1687614567.526282,"['£2.75', '£0.64/100g']",2.75,£0.64/100g
3887,Genius Gluten Free Soft Brown Farmhouse Loaf 430G,https://www.tesco.com/groceries/en-GB/products/313505276,1687614567.5996501,"['£2.75', '£0.64/100g']",2.75,£0.64/100g
3888,Bfree Artisan Style Multiseed Sourdough Bread 350G,https://www.tesco.com/groceries/en-GB/products/313947167,1687614567.669132,"['£3.60', '£1.03/100g']",3.6,£1.03/100g
3889,Genius Gluten Free Soft White Toastie Loaf 430G,https://www.tesco.com/groceries/en-GB/products/313615192,1687614567.796088,"['£2.75', '£0.64/100g']",2.75,£0.64/100g
3890,Capsicana 6 Large Tortilla Wheat Flour Wraps 390G,https://www.tesco.com/groceries/en-GB/products/313949317,1687614567.864466,"['£2.25', '£0.58/100g']",2.25,£0.58/100g
3891,Capsicana 8 Mini Tortilla Wheat Flour Wraps 240G,https://www.tesco.com/groceries/en-GB/products/313950220,1687614567.932745,"['£1.85', '£0.77/100g']",1.85,£0.77/100g
3892,The Delicious Dessert Company 2 Raspberry Funfetti Yum Yums,https://www.tesco.com/groceries/en-GB/products/314436632,1687614568.0034208,"['£2.50', '£1.25/each']",2.5,£1.25/each
3893,Plantastic Millionaire Flapjacks Chocolate & Caramel 5 Pack,https://www.tesco.com/groceries/en-GB/products/311279782,1687614568.097996,"['£2.25', '£0.45/each']",2.25,£0.45/each
3894,Cadbury Dairy Milk Flapjack Bites X14,https://www.tesco.com/groceries/en-GB/products/313849047,1687614568.186729,"['£2.30', '£0.16/each']",2.3,£0.16/each
3895,Cadbury Dairy Milk Caramel Flap Jack Bites X14,https://www.tesco.com/groceries/en-GB/products/313523496,1687614568.2537758,"['£2.30', '£0.16/each']",2.3,£0.16/each
3896,Tesco Lightly Seeded Loaf 800G,https://www.tesco.com/groceries/en-GB/products/312840916,1687614568.320579,"['£0.85', '£0.11/100g']",0.85,£0.11/100g
3897,Ferrero Rocher Dark Ice Cream Sticks 4 X 70Ml,https://www.tesco.com/groceries/en-GB/products/313506747,1687614573.887079,"['£5.00', '£1.79/100ml']",5.0,£1.79/100ml
3898,Ferrero Raffaello Ice Cream Sticks 4 X 70Ml,https://www.tesco.com/groceries/en-GB/products/313515644,1687614574.00577,"['£5.00', '£1.79/100ml']",5.0,£1.79/100ml
3899,Tesco Finest Jumbo Cooked King Prawns 225G,https://www.tesco.com/groceries/en-GB/products/265418417,1687614574.1574998,"['£5.00', '£2.22/100g']",5.0,£2.22/100g
3900,Mccain Home Chips Straight Cut 1.6Kg,https://www.tesco.com/groceries/en-GB/products/305975341,1687614574.243941,"['£4.30', '£2.69/kg']",4.3,£2.69/kg
3901,Aunt Bessie's Crispy & Fluffy Roasties 720G,https://www.tesco.com/groceries/en-GB/products/311201347,1687614574.32379,"['£2.50', '£3.47/kg']",2.5,£3.47/kg
3902,Mccain Crispy French Fries 1.4Kg,https://www.tesco.com/groceries/en-GB/products/284197533,1687614574.400021,"['£4.30', '£3.07/kg']",4.3,£3.07/kg
3903,Aunt Bessies Roast Parsnips Honey Glazed 500G,https://www.tesco.com/groceries/en-GB/products/295327715,1687614574.490289,"['£2.60', '£5.20/kg']",2.6,£5.20/kg
3904,Birds Eye 38 Crispy Chicken Dippers 697G,https://www.tesco.com/groceries/en-GB/products/300109840,1687614574.5573802,"['£5.25', '£7.53/kg']",5.25,£7.53/kg
3905,Aunt Bessie's 12 Homebake Yorkshires 370G,https://www.tesco.com/groceries/en-GB/products/254754415,1687614574.624133,"['£2.50', '£6.76/kg']",2.5,£6.76/kg
3906,Tesco 12 Pigs In Blankets 240G,https://www.tesco.com/groceries/en-GB/products/297167031,1687614574.691394,"['£3.00', '£12.50/kg']",3.0,£12.50/kg
3907,Mccain Home Chips Crinkle Cut 1.6Kg,https://www.tesco.com/groceries/en-GB/products/306503133,1687614574.761951,"['£4.30', '£2.69/kg']",4.3,£2.69/kg
3908,Tesco Finest 6 Beef Dripping Yorkshire Puddings 195G,https://www.tesco.com/groceries/en-GB/products/266557966,1687614574.8567328,"['£2.25', '£1.15/100g']",2.25,£1.15/100g
3909,Tesco 12 Salt & Pepper Prawns 132G,https://www.tesco.com/groceries/en-GB/products/301555211,1687614574.934655,"['£3.00', '£2.27/100g']",3.0,£2.27/100g
3910,Youngs Scampi 220G,https://www.tesco.com/groceries/en-GB/products/274663688,1687614575.008348,"['£3.75', '£17.04/kg']",3.75,£17.04/kg
3911,Mccain Extra Chunky Home Chips 1Kg,https://www.tesco.com/groceries/en-GB/products/258347309,1687614575.076854,"['£3.20', '£3.20/kg']",3.2,£3.20/kg
3912,Tesco 8 Tempura King Prawns 140G,https://www.tesco.com/groceries/en-GB/products/297186722,1687614575.145001,"['£3.00', '£2.14/100g']",3.0,£2.14/100g
3913,Aunt Bessie's 10 Glorious Golden Yorkshires 190G,https://www.tesco.com/groceries/en-GB/products/307364220,1687614575.21173,"['£2.35', '£12.37/kg']",2.35,£12.37/kg
3914,Goodfellas Stone Baked Thin Pepperoni Pizza 332G,https://www.tesco.com/groceries/en-GB/products/307366159,1687614575.2791839,"['£2.49', '£0.75/100g']",2.49,£0.75/100g
3915,Mccain Crispy French Fries 900G,https://www.tesco.com/groceries/en-GB/products/284197579,1687614575.350303,"['£3.20', '£3.56/kg']",3.2,£3.56/kg
3916,Goodfella's Stonebaked Thin Margherita 345G,https://www.tesco.com/groceries/en-GB/products/266459126,1687614575.418491,"['£2.49', '£0.72/100g']",2.49,£0.72/100g
3917,Tesco 12 Camembert Bites 200G,https://www.tesco.com/groceries/en-GB/products/312087391,1687614575.4933991,"['£2.50', '£1.25/100g']",2.5,£1.25/100g
3918,Birds Eye Garden Peas 800G,https://www.tesco.com/groceries/en-GB/products/296118224,1687614575.559645,"['£2.59', '£3.24/kg']",2.59,£3.24/kg
3919,Tesco Mini Vegetable Spring Rolls 216G,https://www.tesco.com/groceries/en-GB/products/266949357,1687614575.626831,"['£1.50', '£6.94/kg']",1.5,£6.94/kg
3920,The Ice Co. Ice Cubes 2Kg,https://www.tesco.com/groceries/en-GB/products/258961797,1687614575.693609,"['£1.15', '£0.58/kg']",1.15,£0.58/kg
3921,Tesco 12 Yorkshire Puddings 220G,https://www.tesco.com/groceries/en-GB/products/307749762,1687614575.7627242,"['£1.30', '£5.91/kg']",1.3,£5.91/kg
3922,Tesco Hash Browns 750G,https://www.tesco.com/groceries/en-GB/products/282059931,1687614575.862777,"['£1.90', '£2.53/kg']",1.9,£2.53/kg
3923,Tesco 10 Garlic Bread Slices 260G,https://www.tesco.com/groceries/en-GB/products/253803694,1687614575.934569,"['£1.50', '£0.58/100g']",1.5,£0.58/100g
3924,Tesco Mashed Potato 900G,https://www.tesco.com/groceries/en-GB/products/292797630,1687614576.0020502,"['£1.80', '£2.00/kg']",1.8,£2.00/kg
3925,Tesco Homestyle Straight Cut Oven Chips 950G,https://www.tesco.com/groceries/en-GB/products/285679405,1687614576.0769348,"['£1.85', '£1.95/kg']",1.85,£1.95/kg
3926,Tesco Stonebaked Thin Double Pepperoni Pizza 330G Price Marked,https://www.tesco.com/groceries/en-GB/products/285363525,1687614576.144205,"['£1.65', '£0.50/100g']",1.65,£0.50/100g
3927,Tesco Deep Pan Meat Feast Pizza 386G Price Marked,https://www.tesco.com/groceries/en-GB/products/285159290,1687614576.210421,"['£1.45', '£0.38/100g']",1.45,£0.38/100g
3928,Tesco Stonebaked Thin Four Cheese Pizza 330G Price Marked,https://www.tesco.com/groceries/en-GB/products/285363462,1687614576.278257,"['£1.65', '£0.50/100g']",1.65,£0.50/100g
3930,Tesco Frozen Button Brussels Sprouts 1Kg,https://www.tesco.com/groceries/en-GB/products/259715593,1687614576.411582,"['£1.30', '£1.30/kg']",1.3,£1.30/kg
3931,Hearty Food Co 20 Breaded Chicken Nuggets 320G,https://www.tesco.com/groceries/en-GB/products/299587469,1687614576.4781098,"['£1.10', '£3.44/kg']",1.1,£3.44/kg
3932,Tesco French Fries 1.5Kg,https://www.tesco.com/groceries/en-GB/products/299598151,1687614576.546023,"['£2.50', '£1.67/kg']",2.5,£1.67/kg
3933,Tesco 50 Sausage Rolls 750G,https://www.tesco.com/groceries/en-GB/products/306810938,1687614576.6176782,"['£1.55', '£0.21/100g']",1.55,£0.21/100g
3934,Tesco Petits Pois 1Kg,https://www.tesco.com/groceries/en-GB/products/250172608,1687614576.684681,"['£1.50', '£1.50/kg']",1.5,£1.50/kg
3935,Tesco 14 Mini Duck Spring Rolls 252G,https://www.tesco.com/groceries/en-GB/products/264947005,1687614576.751733,"['£2.50', '£9.92/kg']",2.5,£9.92/kg
3936,Tesco Fine Whole Green Beans 900G,https://www.tesco.com/groceries/en-GB/products/282489813,1687614576.890837,"['£1.20', '£1.33/kg']",1.2,£1.33/kg
3937,Tesco 12 Potato Waffles 680G,https://www.tesco.com/groceries/en-GB/products/263565176,1687614576.9645429,"['£1.80', '£2.65/kg']",1.8,£2.65/kg
3938,Tesco Garden Peas 1Kg,https://www.tesco.com/groceries/en-GB/products/250172580,1687614577.032095,"['£1.35', '£1.35/kg']",1.35,£1.35/kg
3939,Hearty Food Co. 2 Garlic Baguettes 338G,https://www.tesco.com/groceries/en-GB/products/299424801,1687614577.1017861,"['£0.89', '£0.26/100g']",0.89,£0.26/100g
3940,Tesco Broccoli Florets 900G,https://www.tesco.com/groceries/en-GB/products/282485161,1687614577.1717188,"['£1.25', '£1.39/kg']",1.25,£1.39/kg
3941,Butchers Choice Chicken Breast Fillets 1Kg,https://www.tesco.com/groceries/en-GB/products/299818007,1687614577.243349,"['£4.25', '£4.25/kg']",4.25,£4.25/kg
3942,Butcher's Choice 20 Pork Sausages 907G,https://www.tesco.com/groceries/en-GB/products/299587227,1687614577.311714,"['£1.50', '£1.65/kg']",1.5,£1.65/kg
3943,Hearty Food Thin Cheese & Tomato Pizza 314G,https://www.tesco.com/groceries/en-GB/products/299557230,1687614577.380016,"['£0.90', '£0.29/100g']",0.9,£0.29/100g
3944,Grower's Harvest Garden Peas 900G,https://www.tesco.com/groceries/en-GB/products/299539406,1687614577.4492888,"['£0.78', '£0.87/kg']",0.78,£0.87/kg
3945,Hearty Food Co Straight Cut Chips 1.5Kg,https://www.tesco.com/groceries/en-GB/products/299538966,1687614577.52553,"['£1.65', '£1.10/kg']",1.65,£1.10/kg
3946,Hearty Food Thin Pepperoni Pizza 314G,https://www.tesco.com/groceries/en-GB/products/299425011,1687614577.598664,"['£0.90', '£0.29/100g']",0.9,£0.29/100g
3947,Tesco Finest Jumbo Raw King Prawns 240G,https://www.tesco.com/groceries/en-GB/products/277744283,1687614584.7860029,"['£5.35', '£22.29/kg']",5.35,£22.29/kg
3948,Aunt Bessie's Crispy & Fluffy Roasties 1.3Kg,https://www.tesco.com/groceries/en-GB/products/311265337,1687614584.9095092,"['£3.80', '£2.92/kg']",3.8,£2.92/kg
3949,Tesco Cooked & Peeled Prawns 300G,https://www.tesco.com/groceries/en-GB/products/265296387,1687614584.98089,"['£4.80', '£16.00/kg']",4.8,£16.00/kg
3950,Tesco Finest Argentinian Red Shrimp 240G,https://www.tesco.com/groceries/en-GB/products/313624097,1687614585.055389,"['£5.50', '£22.92/kg']",5.5,£22.92/kg
3951,Birds Eye Petits Pois 960G,https://www.tesco.com/groceries/en-GB/products/308492112,1687614585.1253529,"['£3.65', '£3.80/kg']",3.65,£3.80/kg
3952,Tesco Blueberries 350G,https://www.tesco.com/groceries/en-GB/products/311219589,1687614585.203703,"['£2.50', '£7.14/kg']",2.5,£7.14/kg
3953,Aunt Bessie's 12 Sage & Onion Stuffing Balls 310G,https://www.tesco.com/groceries/en-GB/products/275141204,1687614585.2730482,"['£2.50', '£8.06/kg']",2.5,£8.06/kg
3954,Mccain 4 Ready Baked Jackets 800G,https://www.tesco.com/groceries/en-GB/products/272423694,1687614585.347893,"['£3.70', '£4.62/kg']",3.7,£4.62/kg
3955,Tesco 12 Mini Prawn Toast 120G,https://www.tesco.com/groceries/en-GB/products/297186768,1687614585.431713,"['£2.50', '£2.08/100g']",2.5,£2.08/100g
3956,Birds Eye 18 Potato Waffles 1.02Kg,https://www.tesco.com/groceries/en-GB/products/277314942,1687614585.5584881,"['£3.00', '£2.94/kg']",3.0,£2.94/kg
3957,Carte D'or Madagascan Vanilla Ice Cream 900Ml,https://www.tesco.com/groceries/en-GB/products/310698287,1687614585.663876,"['£3.75', '£0.42/100ml']",3.75,£0.42/100ml
3958,Mccain Lightly Spiced Wedges 650G,https://www.tesco.com/groceries/en-GB/products/306501043,1687614585.755625,"['£2.60', '£4.00/kg']",2.6,£4.00/kg
3959,Mccain Hash Browns 625G,https://www.tesco.com/groceries/en-GB/products/285981686,1687614585.8242218,"['£2.25', '£3.60/kg']",2.25,£3.60/kg
3960,Birds Eye 4 Chicken Quarter Pounders 454G,https://www.tesco.com/groceries/en-GB/products/274981023,1687614585.894339,"['£5.00', '£11.01/kg']",5.0,£11.01/kg
3961,Mars Ice Cream 4 X 51G,https://www.tesco.com/groceries/en-GB/products/282796985,1687614585.9621592,"['£2.50', '£1.22/100ml']",2.5,£1.22/100ml
3962,Birds Eye 4 Chicken Burgers 200G,https://www.tesco.com/groceries/en-GB/products/264758407,1687614586.027987,"['£2.80', '£14.00/kg']",2.8,£14.00/kg
3963,The Ice Co. Premium Ice Cubes 1Kg,https://www.tesco.com/groceries/en-GB/products/271366987,1687614586.0952299,"['£1.15', '£1.15/kg']",1.15,£1.15/kg
3964,Tesco Beer Battered Onion Rings 300G,https://www.tesco.com/groceries/en-GB/products/293702447,1687614586.162415,"['£1.90', '£0.63/100g']",1.9,£0.63/100g
3965,Tesco Vegetable Samosas 216G Price Marked,https://www.tesco.com/groceries/en-GB/products/284274315,1687614586.230853,"['£1.50', '£0.69/100g']",1.5,£0.69/100g
3966,Viennetta Vanilla Ice Cream Dessert 650Ml,https://www.tesco.com/groceries/en-GB/products/251391606,1687614586.3014688,"['£2.00', '£0.31/100ml']",2.0,£0.31/100ml
3967,Tesco 14 Onion Bhajis 210G,https://www.tesco.com/groceries/en-GB/products/278480460,1687614586.369013,"['£1.50', '£0.71/100g']",1.5,£0.71/100g
3968,Tesco Curly Fries 700G,https://www.tesco.com/groceries/en-GB/products/282059879,1687614586.444829,"['£2.20', '£3.14/kg']",2.2,£3.14/kg
3969,Tesco 25 Cheese And Onion Rolls 375G,https://www.tesco.com/groceries/en-GB/products/289573374,1687614586.510887,"['£1.65', '£0.44/100g']",1.65,£0.44/100g
3970,Bay Fishmongers Cold Water Prawns 250G,https://www.tesco.com/groceries/en-GB/products/299538989,1687614586.5784051,"['£2.90', '£11.60/kg']",2.9,£11.60/kg
3971,Birds Eye 10 Fish Fingers Omega3 280G,https://www.tesco.com/groceries/en-GB/products/296117381,1687614586.684921,"['£3.00', '£10.71/kg']",3.0,£10.71/kg
3972,Tesco Southern Fried Chicken Bites 220G,https://www.tesco.com/groceries/en-GB/products/297860609,1687614586.783061,"['£1.65', '£0.75/100g']",1.65,£0.75/100g
3973,Tesco Diced Onions 500G,https://www.tesco.com/groceries/en-GB/products/263352376,1687614586.850435,"['£1.30', '£2.60/kg']",1.3,£2.60/kg
3974,Tesco Deep Cheese Pizza 386G,https://www.tesco.com/groceries/en-GB/products/287317941,1687614586.920202,"['£1.45', '£0.38/100g']",1.45,£0.38/100g
3975,Tesco 4 Southern Fried Chicken Steaks 380G,https://www.tesco.com/groceries/en-GB/products/297683145,1687614586.988319,"['£2.00', '£5.26/kg']",2.0,£5.26/kg
3976,Tesco 30 Breaded Chicken Breast Nuggets 450G,https://www.tesco.com/groceries/en-GB/products/271023178,1687614587.060728,"['£2.00', '£4.44/kg']",2.0,£4.44/kg
3977,Tesco 26 Pork Cocktail Sausages 312G,https://www.tesco.com/groceries/en-GB/products/297683289,1687614587.127664,"['£1.50', '£0.48/100g']",1.5,£0.48/100g
3978,Tesco Spicy Potato Wedges 750G,https://www.tesco.com/groceries/en-GB/products/264802344,1687614587.1948822,"['£1.60', '£2.13/kg']",1.6,£2.13/kg
3979,Tesco Farmhouse Mixed Vegetables 1Kg,https://www.tesco.com/groceries/en-GB/products/264889062,1687614587.261832,"['£1.50', '£1.50/kg']",1.5,£1.50/kg
3980,Tesco Crinkle Cut Oven Chips 1.5Kg,https://www.tesco.com/groceries/en-GB/products/282052662,1687614587.328794,"['£2.50', '£1.67/kg']",2.5,£1.67/kg
3981,Tesco Perfectly Imperfect Frozen Mixed Berry 1Kg,https://www.tesco.com/groceries/en-GB/products/295653714,1687614587.3971488,"['£2.99', '£2.99/kg']",2.99,£2.99/kg
3982,Birds Eye 2 Crispy Chicken 170G,https://www.tesco.com/groceries/en-GB/products/296092080,1687614587.478337,"['£1.79', '£10.53/kg']",1.79,£10.53/kg
3983,Tesco Steak Oven Cut Chips 1.5Kg,https://www.tesco.com/groceries/en-GB/products/289723422,1687614587.5440798,"['£2.50', '£1.67/kg']",2.5,£1.67/kg
3984,Tesco 10 Omega 3 Fish Fingers 300G,https://www.tesco.com/groceries/en-GB/products/259764998,1687614587.6110919,"['£1.50', '£5.00/kg']",1.5,£5.00/kg
3985,Tesco Mixed Vegetables 1Kg,https://www.tesco.com/groceries/en-GB/products/264226012,1687614587.686201,"['£1.20', '£1.20/kg']",1.2,£1.20/kg
3986,Growers Harvest Mixed Vegetables 1Kg,https://www.tesco.com/groceries/en-GB/products/302282376,1687614587.7571242,"['£0.99', '£0.99/kg']",0.99,£0.99/kg
3987,Hearty Food Co. 15 Yorkshire Puddings 230G,https://www.tesco.com/groceries/en-GB/products/299539003,1687614587.8255968,"['£0.50', '£2.17/kg']",0.5,£2.17/kg
3988,Hearty Food Co Mac 'N' Cheese 400G,https://www.tesco.com/groceries/en-GB/products/299555755,1687614587.921373,"['£0.85', '£2.12/kg']",0.85,£2.12/kg
3989,Tesco Roast Potatoes 800G,https://www.tesco.com/groceries/en-GB/products/285679388,1687614587.9909592,"['£0.76', '£0.95/kg']",0.76,£0.95/kg
3990,Hearty Food Co. Chicken Curry With Rice 400G,https://www.tesco.com/groceries/en-GB/products/299596717,1687614588.075809,"['£0.85', '£2.12/kg']",0.85,£2.12/kg
3991,Tesco Broccoli & Cauliflower Floret Mix 900G,https://www.tesco.com/groceries/en-GB/products/282484692,1687614588.147728,"['£0.80', '£0.89/kg']",0.8,£0.89/kg
3992,Youngs Chip Shop 4 Large Cod Fillets 440G,https://www.tesco.com/groceries/en-GB/products/303391700,1687614588.218764,"['£5.60', '£12.73/kg']",5.6,£12.73/kg
3993,Mccain Jackets 8 Pack 1.6Kg,https://www.tesco.com/groceries/en-GB/products/304375062,1687614588.305367,"['£5.30', '£3.31/kg']",5.3,£3.31/kg
3994,Mccain Skin On Fries 800G,https://www.tesco.com/groceries/en-GB/products/295627297,1687614588.399982,"['£3.70', '£4.62/kg']",3.7,£4.62/kg
3995,Tesco Finest British Petits Pois 750G,https://www.tesco.com/groceries/en-GB/products/279422465,1687614593.467572,"['£2.50', '£3.33/kg']",2.5,£3.33/kg
3996,Mccain Naked Oven Chips Straight 1.7Kg,https://www.tesco.com/groceries/en-GB/products/306499724,1687614593.5398169,"['£3.70', '£2.18/kg']",3.7,£2.18/kg
3997,Tesco 12 Hot & Spicy Prawns 132G,https://www.tesco.com/groceries/en-GB/products/289263545,1687614593.611042,"['£3.00', '£2.27/100g']",3.0,£2.27/100g
3998,Chicago Town Large Takeaway Pepperoni Pizza 645G,https://www.tesco.com/groceries/en-GB/products/264625916,1687614593.681912,"['£4.50', '£0.70/100g']",4.5,£0.70/100g
3999,Brew City Halloumi Fries 150G,https://www.tesco.com/groceries/en-GB/products/304411417,1687614593.771583,"['£3.00', '£2.00/100g']",3.0,£2.00/100g
4000,Birds Eye Garden Peas 1.2Kg,https://www.tesco.com/groceries/en-GB/products/311214709,1687614593.8410811,"['£3.75', '£3.12/kg']",3.75,£3.12/kg
4001,Mccain Home Chips Straight Cut 1Kg,https://www.tesco.com/groceries/en-GB/products/305941744,1687614593.913449,"['£3.20', '£3.20/kg']",3.2,£3.20/kg
4002,Mccain Quick Cook French Fries 750G,https://www.tesco.com/groceries/en-GB/products/279782798,1687614593.9879801,"['£3.20', '£4.27/kg']",3.2,£4.27/kg
4003,Tesco 44 Battered Chicken Dippers 1Kg,https://www.tesco.com/groceries/en-GB/products/289806169,1687614594.055795,"['£4.25', '£4.25/kg']",4.25,£4.25/kg
4004,Youngs Gastro 2 Tempura Battered Fish Fillets 270G,https://www.tesco.com/groceries/en-GB/products/305728358,1687614594.124108,"['£4.75', '£17.59/kg']",4.75,£17.59/kg
4005,Tesco 10 Mini Beef & Red Wine Lattices 300G,https://www.tesco.com/groceries/en-GB/products/311434967,1687614594.2005298,"['£2.50', '£0.83/100g']",2.5,£0.83/100g
4006,Tesco Vanilla Ice Cream 900Ml,https://www.tesco.com/groceries/en-GB/products/277006351,1687614594.2692301,"['£2.30', '£0.26/100ml']",2.3,£0.26/100ml
4007,Tesco Pepperoni Pizza Parcels 315G,https://www.tesco.com/groceries/en-GB/products/309753874,1687614594.3430882,"['£2.50', '£0.79/100g']",2.5,£0.79/100g
4008,Tesco 8 Mini Lamb Koftas 180G,https://www.tesco.com/groceries/en-GB/products/312363882,1687614594.419254,"['£2.50', '£1.39/100g']",2.5,£1.39/100g
4009,Birds Eye 22 Chicken Dippers 403G,https://www.tesco.com/groceries/en-GB/products/300109828,1687614594.492625,"['£3.60', '£8.93/kg']",3.6,£8.93/kg
4010,Mccain Crinkle Cut Home Chips 1Kg,https://www.tesco.com/groceries/en-GB/products/276037655,1687614594.579694,"['£3.20', '£3.20/kg']",3.2,£3.20/kg
4011,Tesco Leaf Spinach 900G,https://www.tesco.com/groceries/en-GB/products/282489773,1687614594.64599,"['£1.60', '£1.78/kg']",1.6,£1.78/kg
4012,Birds Eye Cod Fish Fingers 10 Pack 280G,https://www.tesco.com/groceries/en-GB/products/296117300,1687614594.7157068,"['£3.29', '£11.75/kg']",3.29,£11.75/kg
4013,Quorn Mince 500G,https://www.tesco.com/groceries/en-GB/products/265387631,1687614594.7878778,"['£2.95', '£5.90/kg']",2.95,£5.90/kg
4014,Tesco 20 Pigs In Blankets 400G,https://www.tesco.com/groceries/en-GB/products/299587187,1687614594.8610911,"['£3.60', '£9.00/kg']",3.6,£9.00/kg
4015,Butchers Choice Cooked Chicken Slices 340G,https://www.tesco.com/groceries/en-GB/products/302282232,1687614594.927666,"['£2.15', '£6.32/kg']",2.15,£6.32/kg
4016,Tesco 4 Breaded Chicken Steaks 380G,https://www.tesco.com/groceries/en-GB/products/297683100,1687614595.002301,"['£2.00', '£5.26/kg']",2.0,£5.26/kg
4017,Tesco Chicken Sticks & Chicken Pops 330G,https://www.tesco.com/groceries/en-GB/products/312829931,1687614595.070143,"['£2.50', '£0.76/100g']",2.5,£0.76/100g
4018,Tesco 12 Mini Eclairs 140G Price Marked,https://www.tesco.com/groceries/en-GB/products/274155132,1687614595.1808152,"['£1.50', '£1.07/100g']",1.5,£1.07/100g
4019,Tesco Chocolate Profiteroles 235G,https://www.tesco.com/groceries/en-GB/products/265226166,1687614595.2505212,"['£1.80', '£0.77/100g']",1.8,£0.77/100g
4020,Tesco Supersweet Mini Corn On The Cob 875G,https://www.tesco.com/groceries/en-GB/products/272599554,1687614595.3208141,"['£1.60', '£1.83/kg']",1.6,£1.83/kg
4021,Tesco 20 Battered Chicken Breast Dippers 450G,https://www.tesco.com/groceries/en-GB/products/271024465,1687614595.391437,"['£2.00', '£4.44/kg']",2.0,£4.44/kg
4022,Tesco Cheese & Garlic Pizza Bread 210G,https://www.tesco.com/groceries/en-GB/products/299557298,1687614595.4592588,"['£1.50', '£0.71/100g']",1.5,£0.71/100g
4023,Tesco 10 Sticky Chicken Kebabs 180G,https://www.tesco.com/groceries/en-GB/products/289584620,1687614595.528928,"['£2.50', '£1.39/100g']",2.5,£1.39/100g
4024,Tesco Homestyle Crinkle Cut Oven Chips 950G,https://www.tesco.com/groceries/en-GB/products/285679428,1687614595.5951412,"['£1.85', '£1.95/kg']",1.85,£1.95/kg
4025,Tesco Sliced Mixed Peppers 500G,https://www.tesco.com/groceries/en-GB/products/263352514,1687614595.6652749,"['£1.30', '£2.60/kg']",1.3,£2.60/kg
4026,Tesco Sliced Carrots Peeled & Cut 1Kg,https://www.tesco.com/groceries/en-GB/products/264421725,1687614595.731287,"['£1.09', '£1.09/kg']",1.09,£1.09/kg
4027,Tesco 12 Mozzarella Sticks 180G,https://www.tesco.com/groceries/en-GB/products/304401781,1687614595.798254,"['£1.50', '£0.83/100g']",1.5,£0.83/100g
4028,Tesco Double Chocolate Gateau 600G,https://www.tesco.com/groceries/en-GB/products/263348261,1687614595.864228,"['£2.65', '£0.44/100g']",2.65,£0.44/100g
4029,Hearty Food Co Crispy Potato Pops 500G,https://www.tesco.com/groceries/en-GB/products/299538943,1687614595.930033,"['£1.10', '£2.20/kg']",1.1,£2.20/kg
4030,Tesco Cauliflower Florets 900G,https://www.tesco.com/groceries/en-GB/products/282489669,1687614595.99564,"['£1.20', '£1.33/kg']",1.2,£1.33/kg
4031,Hearty Food Co Potato Croquette 700G,https://www.tesco.com/groceries/en-GB/products/299538920,1687614596.066388,"['£1.00', '£1.43/kg']",1.0,£1.43/kg
4033,Hearty Food Co Cheese & Tomato Pasta 400G,https://www.tesco.com/groceries/en-GB/products/299555732,1687614596.202035,"['£0.85', '£2.12/kg']",0.85,£2.12/kg
4034,Hearty Food Co. Spaghetti Bolognese 400G,https://www.tesco.com/groceries/en-GB/products/299596850,1687614596.267492,"['£0.85', '£2.12/kg']",0.85,£2.12/kg
4035,Tesco 8 Fish & Chip Cones 310G,https://www.tesco.com/groceries/en-GB/products/312230642,1687614596.3591611,"['£1.50', '£0.48/100g']",1.5,£0.48/100g
4036,Birds Eye 20 Cod Fish Fingers 560G,https://www.tesco.com/groceries/en-GB/products/302861814,1687614596.4485812,"['£6.00', '£10.71/kg']",6.0,£10.71/kg
4037,Tesco Finest British Chunky Oven Chips 1.5Kg,https://www.tesco.com/groceries/en-GB/products/258601752,1687614596.5170538,"['£4.00', '£2.67/kg']",4.0,£2.67/kg
4038,Aunt Bessie's Homestyle Mini Roasties 700G,https://www.tesco.com/groceries/en-GB/products/267361094,1687614596.583286,"['£2.80', '£4.00/kg']",2.8,£4.00/kg
4040,Mccain Home Chips 2.25Kg,https://www.tesco.com/groceries/en-GB/products/253297888,1687614596.724489,"['£4.95', '£2.20/kg']",4.95,£2.20/kg
4041,Birds Eye Alphabites 456G,https://www.tesco.com/groceries/en-GB/products/296120036,1687614596.791133,"['£2.50', '£5.48/kg']",2.5,£5.48/kg
4042,Chicago Town Large Takeaway Cheese Pizza 630G,https://www.tesco.com/groceries/en-GB/products/264625922,1687614596.864942,"['£4.50', '£0.71/100g']",4.5,£0.71/100g
4043,Tesco Sweet Potato Oven Chips 500G,https://www.tesco.com/groceries/en-GB/products/279570726,1687614602.297876,"['£2.90', '£5.80/kg']",2.9,£5.80/kg
4044,Tesco 4 Pain Au Chocolat 320G,https://www.tesco.com/groceries/en-GB/products/305975387,1687614602.37092,"['£2.60', '£0.81/100g']",2.6,£0.81/100g
4045,Mccain Gastro Chips 700G,https://www.tesco.com/groceries/en-GB/products/293723278,1687614602.441292,"['£3.70', '£5.29/kg']",3.7,£5.29/kg
4046,Birds Eye 44 Chicken Nuggets With Golden Wholegrain 695G,https://www.tesco.com/groceries/en-GB/products/313859997,1687614602.508789,"['£4.80', '£6.91/kg']",4.8,£6.91/kg
4047,Tesco 2 Giant Yorkshire Puddings 220G,https://www.tesco.com/groceries/en-GB/products/282266985,1687614602.602224,"['£1.85', '£8.41/kg']",1.85,£8.41/kg
4048,Tesco Crispy Potatoes 750G,https://www.tesco.com/groceries/en-GB/products/282059833,1687614602.6710038,"['£2.20', '£2.93/kg']",2.2,£2.93/kg
4049,Tesco 72 Breaded Chicken Nuggets 1Kg,https://www.tesco.com/groceries/en-GB/products/289806238,1687614602.741548,"['£4.25', '£4.25/kg']",4.25,£4.25/kg
4050,Dr. Oetker Ristorante Pepperoni Salame Pizza 320G,https://www.tesco.com/groceries/en-GB/products/268290106,1687614602.8253598,"['£3.00', '£0.94/100g']",3.0,£0.94/100g
4051,Tesco 4 Breaded Cod Fillets 500G,https://www.tesco.com/groceries/en-GB/products/266195171,1687614602.919886,"['£4.50', '£9.00/kg']",4.5,£9.00/kg
4052,Birds Eye 30 Omega 3 Fish Fingers 840G,https://www.tesco.com/groceries/en-GB/products/302861774,1687614603.012434,"['£5.00', '£5.95/kg']",5.0,£5.95/kg
4053,Tesco Finest Beef Fat Roast Potatoes 800G,https://www.tesco.com/groceries/en-GB/products/308494087,1687614603.0831811,"['£2.75', '£3.44/kg']",2.75,£3.44/kg
4054,Kelly's Cornish Clotted Cream Ice Cream 950Ml,https://www.tesco.com/groceries/en-GB/products/308084371,1687614603.184155,"['£4.00', '£0.42/100ml']",4.0,£0.42/100ml
4055,Tesco Butternut Squash Chunks 500G,https://www.tesco.com/groceries/en-GB/products/276806379,1687614603.25652,"['£1.50', '£3.00/kg']",1.5,£3.00/kg
4056,Tesco Boneless Chicken Thighs 500G,https://www.tesco.com/groceries/en-GB/products/290897905,1687614603.328522,"['£3.00', '£6.00/kg']",3.0,£6.00/kg
4057,Tesco 4 Garlic Butter Breaded Chicken Kievs 500G,https://www.tesco.com/groceries/en-GB/products/264322746,1687614603.397142,"['£3.00', '£6.00/kg']",3.0,£6.00/kg
4058,Wall's Soft Scoop Vanilla 1800Ml,https://www.tesco.com/groceries/en-GB/products/272638463,1687614603.467406,"['£2.75', '£0.15/100ml']",2.75,£0.15/100ml
4059,Birds Eye Garden Peas 375G,https://www.tesco.com/groceries/en-GB/products/296118201,1687614603.534312,"['£1.60', '£4.27/kg']",1.6,£4.27/kg
4060,Tesco Seasoned British Parsnips 600G,https://www.tesco.com/groceries/en-GB/products/309458256,1687614603.605092,"['£1.70', '£2.83/kg']",1.7,£2.83/kg
4061,The Ice Co. Super Cubes 1Kg,https://www.tesco.com/groceries/en-GB/products/285279591,1687614603.68159,"['£1.15', '£1.15/kg']",1.15,£1.15/kg
4062,Rowntrees Fruit Pastilles Lollies 4X65ml,https://www.tesco.com/groceries/en-GB/products/254353778,1687614603.7508218,"['£2.50', '£0.96/100ml']",2.5,£0.96/100ml
4063,Chicago Town Tiger Crust Double Pepperoni Pizza 320G,https://www.tesco.com/groceries/en-GB/products/305979020,1687614603.8408031,"['£3.50', '£1.09/100g']",3.5,£1.09/100g
4064,Birds Eye Steamfresh 4 Family Favourite Mix Vegetable 540G,https://www.tesco.com/groceries/en-GB/products/277221026,1687614603.913615,"['£2.90', '£5.37/kg']",2.9,£5.37/kg
4065,Quorn Chicken Style Pieces 500G,https://www.tesco.com/groceries/en-GB/products/266244436,1687614604.006839,"['£2.95', '£5.90/kg']",2.95,£5.90/kg
4066,Tesco Stuffed Crust Cheese Pizza 431G,https://www.tesco.com/groceries/en-GB/products/291744331,1687614604.080611,"['£2.75', '£0.64/100g']",2.75,£0.64/100g
4067,Tesco Potato Stars 500G,https://www.tesco.com/groceries/en-GB/products/307154653,1687614604.1555042,"['£1.80', '£3.60/kg']",1.8,£3.60/kg
4068,Dr. Oetker Ristorante Mozzarella Pizza 355G,https://www.tesco.com/groceries/en-GB/products/314109726,1687614604.265208,"['£3.00', '£8.45/kg']",3.0,£8.45/kg
4069,Tesco Sliced Mushrooms 500G,https://www.tesco.com/groceries/en-GB/products/281976198,1687614604.354361,"['£1.30', '£2.60/kg']",1.3,£2.60/kg
4070,Tesco Cod Fillets 360G,https://www.tesco.com/groceries/en-GB/products/301882975,1687614604.4224691,"['£4.00', '£11.11/kg']",4.0,£11.11/kg
4071,Tesco Milk Chocolate Ice Creams 3X110ml,https://www.tesco.com/groceries/en-GB/products/303067941,1687614604.4924512,"['£1.35', '£0.41/100ml']",1.35,£0.41/100ml
4072,Tesco Supersweet Sweetcorn 1Kg,https://www.tesco.com/groceries/en-GB/products/259488440,1687614604.558083,"['£1.60', '£1.60/kg']",1.6,£1.60/kg
4073,Tesco Chocolate & Caramel Ice Creams 3X110ml,https://www.tesco.com/groceries/en-GB/products/303068272,1687614604.6252968,"['£1.35', '£0.41/100ml']",1.35,£0.41/100ml
4074,Tesco Casserole Vegetables 1Kg,https://www.tesco.com/groceries/en-GB/products/256130808,1687614604.692186,"['£1.20', '£1.20/kg']",1.2,£1.20/kg
4075,Birds Eye 2 Southern Fried Chicken 180G,https://www.tesco.com/groceries/en-GB/products/296092120,1687614604.7587688,"['£1.79', '£9.94/kg']",1.79,£9.94/kg
4076,Tesco Rocket Lollies 8 Pack 464Ml,https://www.tesco.com/groceries/en-GB/products/291632204,1687614604.829298,"['£1.35', '£0.29/100ml']",1.35,£0.29/100ml
4077,Tesco Fried Vegetable Gyoza 210G,https://www.tesco.com/groceries/en-GB/products/311937171,1687614604.897534,"['£1.25', '£0.60/100g']",1.25,£0.60/100g
4078,Tesco Frozen Whole Strawberries 350G,https://www.tesco.com/groceries/en-GB/products/290455657,1687614604.9908469,"['£2.50', '£7.14/kg']",2.5,£7.14/kg
4079,Pret A Manger 6 Chocolate Filled Croissants 420G,https://www.tesco.com/groceries/en-GB/products/308466069,1687614605.0580292,"['£3.75', '£0.89/100g']",3.75,£0.89/100g
4080,Original Microwave Fries To Go 3 X 90G,https://www.tesco.com/groceries/en-GB/products/253329322,1687614605.1254551,"['£2.70', '£10.00/kg']",2.7,£10.00/kg
4081,Tesco Finest 12 Macaron Selection 132G,https://www.tesco.com/groceries/en-GB/products/312350154,1687614605.22083,"['£3.50', '£2.65/100g']",3.5,£2.65/100g
4082,Pret A Manger 6 Butter Croissants 330G,https://www.tesco.com/groceries/en-GB/products/308451668,1687614605.3096519,"['£3.55', '£1.08/100g']",3.55,£1.08/100g
4083,Quorn Family Roast 454G,https://www.tesco.com/groceries/en-GB/products/251438956,1687614605.375757,"['£3.75', '£8.26/kg']",3.75,£8.26/kg
4084,Birds Eye 4 Large Battered Cod Fillets 440G,https://www.tesco.com/groceries/en-GB/products/303334268,1687614605.44308,"['£6.00', '£13.64/kg']",6.0,£13.64/kg
4085,Bernard Matthews 4 Turkey Quarter Pounder In Breadcrumbs 454G,https://www.tesco.com/groceries/en-GB/products/313745302,1687614605.51028,"['£3.85', '£8.48/kg']",3.85,£8.48/kg
4086,Tesco Mango Chunks 500G,https://www.tesco.com/groceries/en-GB/products/261374860,1687614605.577168,"['£2.50', '£5.00/kg']",2.5,£5.00/kg
4087,Tesco Chicken Breast Fillet 1Kg,https://www.tesco.com/groceries/en-GB/products/295710843,1687614605.6435049,"['£6.00', '£6.00/kg']",6.0,£6.00/kg
4088,Tesco Pork Sausage Meat 400G,https://www.tesco.com/groceries/en-GB/products/299587240,1687614605.7193952,"['£2.25', '£5.62/kg']",2.25,£5.62/kg
4089,Tesco 4 Almond Croissants 322G 322G,https://www.tesco.com/groceries/en-GB/products/305976910,1687614605.791355,"['£2.60', '£0.81/100g']",2.6,£0.81/100g
4090,Goodfella's Stonebaked Thin Chicken 365G,https://www.tesco.com/groceries/en-GB/products/271414124,1687614605.862135,"['£2.49', '£0.68/100g']",2.49,£0.68/100g
4091,Snickers Ice Cream 4 Pack 212Ml,https://www.tesco.com/groceries/en-GB/products/282797039,1687614610.944321,"['£2.50', '£1.18/100ml']",2.5,£1.18/100ml
4092,Mccain Smiles 454G,https://www.tesco.com/groceries/en-GB/products/251292418,1687614611.019567,"['£2.50', '£5.51/kg']",2.5,£5.51/kg
4093,Richmond 20 Frozen Thick Pork Sausages 860G,https://www.tesco.com/groceries/en-GB/products/308851598,1687614611.090386,"['£2.99', '£3.48/kg']",2.99,£3.48/kg
4094,Bernard Matthews 22 Turkey Dippers In Crispy Batter 403G,https://www.tesco.com/groceries/en-GB/products/313519398,1687614611.159571,"['£3.25', '£8.06/kg']",3.25,£8.06/kg
4095,Tesco Mini Chicken Breast Fillets 500G,https://www.tesco.com/groceries/en-GB/products/290897709,1687614611.226354,"['£3.50', '£7.00/kg']",3.5,£7.00/kg
4096,Tesco Apple Strudel 600G,https://www.tesco.com/groceries/en-GB/products/254752129,1687614611.293952,"['£2.00', '£0.33/100g']",2.0,£0.33/100g
4097,Bernard Matthews 7 Chicken Dinosaurs 350G,https://www.tesco.com/groceries/en-GB/products/314325971,1687614611.363138,"['£2.25', '£6.43/kg']",2.25,£6.43/kg
4098,Viennetta Mint Ice Cream Dessert 650Ml,https://www.tesco.com/groceries/en-GB/products/250603814,1687614611.438714,"['£2.00', '£3.08/litre']",2.0,£3.08/litre
4099,Quorn Crispy Nuggets 476G,https://www.tesco.com/groceries/en-GB/products/281572572,1687614611.5125818,"['£2.95', '£6.20/kg']",2.95,£6.20/kg
4100,Cornetto Classic Ice Cream Cones 6X90ml,https://www.tesco.com/groceries/en-GB/products/303067716,1687614611.582316,"['£3.25', '£0.60/100ml']",3.25,£0.60/100ml
4101,Mccain Naked Oven Chips Straight 900G,https://www.tesco.com/groceries/en-GB/products/305967155,1687614611.656051,"['£1.95', '£2.17/kg']",1.95,£2.17/kg
4102,Chicago Town Tiger Crust Cheese Medley Pizza 305G,https://www.tesco.com/groceries/en-GB/products/305970064,1687614611.727545,"['£3.50', '£1.15/100g']",3.5,£1.15/100g
4103,Bounty Ice Cream Bars 4 X 50.1Ml,https://www.tesco.com/groceries/en-GB/products/314100799,1687614611.79666,"['£2.50', '£1.25/100ml']",2.5,£1.25/100ml
4104,Tesco Takeaway Stuffed Crust Pepperoni Pizza 436G,https://www.tesco.com/groceries/en-GB/products/308461489,1687614611.8876648,"['£2.75', '£0.63/100g']",2.75,£0.63/100g
4105,Aunt Bessie's Toad In The Hole 190G,https://www.tesco.com/groceries/en-GB/products/256015268,1687614611.953822,"['£1.50', '£7.90/kg']",1.5,£7.90/kg
4106,Tesco Cottage Pie 400G,https://www.tesco.com/groceries/en-GB/products/303182169,1687614612.020759,"['£1.70', '£4.25/kg']",1.7,£4.25/kg
4107,Hearty Food Co. Mini Pizzas Cheese & Tomato 4 Pack 356G,https://www.tesco.com/groceries/en-GB/products/299344694,1687614612.094723,"['£2.50', '£0.70/100g']",2.5,£0.70/100g
4108,Birds Eye 10 Potato Waffles 567G,https://www.tesco.com/groceries/en-GB/products/277314723,1687614612.1614878,"['£1.85', '£3.26/kg']",1.85,£3.26/kg
4109,Tesco 4 Steak Pies 568G,https://www.tesco.com/groceries/en-GB/products/287490250,1687614612.231271,"['£2.50', '£0.44/100g']",2.5,£0.44/100g
4110,Quorn Mince 300G,https://www.tesco.com/groceries/en-GB/products/251352757,1687614612.29744,"['£2.30', '£7.67/kg']",2.3,£7.67/kg
4111,Tesco Salted Caramel Cones 4X110ml,https://www.tesco.com/groceries/en-GB/products/305830835,1687614612.40685,"['£1.50', '£0.34/100ml']",1.5,£0.34/100ml
4112,Tesco 4 Toffee & Vanilla Cones 440Ml,https://www.tesco.com/groceries/en-GB/products/276781907,1687614612.480559,"['£1.50', '£0.34/100ml']",1.5,£0.34/100ml
4113,Tesco 2 Pizza Subs Pepperoni 250G,https://www.tesco.com/groceries/en-GB/products/284905132,1687614612.5497,"['£1.20', '£0.48/100g']",1.2,£0.48/100g
4114,Chicago Town Deep Dish Pepperoni Pizzas 2 X 155G,https://www.tesco.com/groceries/en-GB/products/311783357,1687614612.622821,"['£1.59', '£0.51/100g']",1.59,£0.51/100g
4115,Tesco Black Forest Gateau 630G,https://www.tesco.com/groceries/en-GB/products/277143412,1687614612.743797,"['£2.65', '£0.42/100g']",2.65,£0.42/100g
4116,Tesco Cod Fish Fingers 300G,https://www.tesco.com/groceries/en-GB/products/289991420,1687614612.827855,"['£2.20', '£7.33/kg']",2.2,£7.33/kg
4117,Tesco Garden Peas 1.6Kg,https://www.tesco.com/groceries/en-GB/products/282489750,1687614612.8952892,"['£1.75', '£1.09/kg']",1.75,£1.09/kg
4118,Hearty Food Co 10 Fish Fingers 250G,https://www.tesco.com/groceries/en-GB/products/314422959,1687614612.964493,"['£0.80', '£3.20/kg']",0.8,£3.20/kg
4119,Youngs Gastro Jumbo Wholetail Scampi 230G,https://www.tesco.com/groceries/en-GB/products/305736786,1687614613.033638,"['£5.25', '£22.83/kg']",5.25,£22.83/kg
4120,Birds Eye Creamy Cheese Penne Pasta 350G,https://www.tesco.com/groceries/en-GB/products/284355220,1687614613.127337,"['£2.90', '£8.29/kg']",2.9,£8.29/kg
4121,Tesco Simply Salmon & Dill Parcels 275G,https://www.tesco.com/groceries/en-GB/products/278720880,1687614613.220924,"['£3.15', '£11.46/kg']",3.15,£11.46/kg
4122,Tesco Fish Pie Mix 400G,https://www.tesco.com/groceries/en-GB/products/268093052,1687614613.2919521,"['£5.25', '£13.12/kg']",5.25,£13.12/kg
4123,Birds Eye 2 Ultimate Chicken Shop Fillets Burger 227G,https://www.tesco.com/groceries/en-GB/products/305829740,1687614613.3593678,"['£4.10', '£18.06/kg']",4.1,£18.06/kg
4124,Jus-Rol 2 Puff Pastry Blocks 1Kg,https://www.tesco.com/groceries/en-GB/products/252632269,1687614613.449922,"['£2.80', '£0.28/100g']",2.8,£0.28/100g
4125,Tesco Garlic Breaded Mushrooms 400G,https://www.tesco.com/groceries/en-GB/products/293723399,1687614613.5243871,"['£2.30', '£5.75/kg']",2.3,£5.75/kg
4126,Tesco Cooked King Prawns 170G,https://www.tesco.com/groceries/en-GB/products/285815717,1687614613.5912802,"['£3.30', '£1.94/100g']",3.3,£1.94/100g
4127,Magnum Mini Classic Ice Cream 6 X 55Ml,https://www.tesco.com/groceries/en-GB/products/299947614,1687614613.658242,"['£4.50', '£1.36/100ml']",4.5,£1.36/100ml
4128,Tesco 4 Wild Salmon Fillets 330G,https://www.tesco.com/groceries/en-GB/products/275963204,1687614613.7869701,"['£4.00', '£12.12/kg']",4.0,£12.12/kg
4129,Birds Eye Country Mixed Vegetables 640G,https://www.tesco.com/groceries/en-GB/products/309449872,1687614613.878745,"['£2.70', '£4.22/kg']",2.7,£4.22/kg
4130,Goodfella's Deep Pan Baked Pepperoni Pizza 411G,https://www.tesco.com/groceries/en-GB/products/307160737,1687614613.967476,"['£2.39', '£0.58/100g']",2.39,£0.58/100g
4131,Mccain Micro Chips 4 X 100G,https://www.tesco.com/groceries/en-GB/products/254746615,1687614614.038443,"['£3.00', '£7.50/kg']",3.0,£7.50/kg
4132,Mccain Quick Chips Crinkles 4 X 100G,https://www.tesco.com/groceries/en-GB/products/259411635,1687614614.1280808,"['£3.00', '£7.50/kg']",3.0,£7.50/kg
4133,Tesco Triple Chocolate Ice Cream 900Ml,https://www.tesco.com/groceries/en-GB/products/250269558,1687614614.2189062,"['£2.30', '£0.26/100ml']",2.3,£0.26/100ml
4134,Tesco Frozen Summer Fruits Mix 500G,https://www.tesco.com/groceries/en-GB/products/258759778,1687614614.2862809,"['£2.50', '£5.00/kg']",2.5,£5.00/kg
4135,Tesco Baby Broad Beans 650G,https://www.tesco.com/groceries/en-GB/products/282412496,1687614614.354322,"['£1.60', '£2.46/kg']",1.6,£2.46/kg
4136,Swedish Glace Vanilla Non Dairy Frozen Dessert 750Ml,https://www.tesco.com/groceries/en-GB/products/295228677,1687614614.429138,"['£2.50', '£0.33/100ml']",2.5,£0.33/100ml
4137,Tesco Cooked Diced Chicken 340G,https://www.tesco.com/groceries/en-GB/products/290883979,1687614614.4971678,"['£2.65', '£7.79/kg']",2.65,£7.79/kg
4138,Birds Eye Petit Pois 545G,https://www.tesco.com/groceries/en-GB/products/296118260,1687614614.57971,"['£2.50', '£4.59/kg']",2.5,£4.59/kg
4139,Tesco Plant Chef Meat Free Sausage Rolls 600G,https://www.tesco.com/groceries/en-GB/products/305043661,1687614621.396993,"['£2.15', '£3.58/kg']",2.15,£3.58/kg
4140,Nestle Fab Strawberry Ice Lollies 6 X 58Ml,https://www.tesco.com/groceries/en-GB/products/287129858,1687614621.493582,"['£2.50', '£0.72/100ml']",2.5,£0.72/100ml
4141,Linda Mccartney 6 Vegetarian Sausages 270G,https://www.tesco.com/groceries/en-GB/products/305255652,1687614621.6036322,"['£2.50', '£9.26/kg']",2.5,£9.26/kg
4142,Tesco Cornish Ice Cream 2 Litres,https://www.tesco.com/groceries/en-GB/products/256844732,1687614621.701113,"['£3.90', '£0.20/100ml']",3.9,£0.20/100ml
4143,Tesco Haddock Fillets 360G,https://www.tesco.com/groceries/en-GB/products/307747205,1687614621.77793,"['£4.00', '£1.11/100g']",4.0,£1.11/100g
4144,Hearty Food Co 10 Cod Fishcakes 500G,https://www.tesco.com/groceries/en-GB/products/299598214,1687614621.845629,"['£1.89', '£3.78/kg']",1.89,£3.78/kg
4145,Quorn Sausages 336G,https://www.tesco.com/groceries/en-GB/products/250341645,1687614621.912169,"['£2.30', '£6.84/kg']",2.3,£6.84/kg
4146,Tesco Tropical Ice Creams 3 X100ml,https://www.tesco.com/groceries/en-GB/products/294995967,1687614621.988601,"['£1.50', '£0.50/100ml']",1.5,£0.50/100ml
4147,Tesco 4 Beef Quarter Pounders 454G,https://www.tesco.com/groceries/en-GB/products/277759162,1687614622.056829,"['£3.45', '£7.60/kg']",3.45,£7.60/kg
4148,Tesco Milk Chocolate Ices 6 X 70Ml,https://www.tesco.com/groceries/en-GB/products/310135551,1687614622.157645,"['£1.50', '£0.36/100ml']",1.5,£0.36/100ml
4149,Tesco Takeaway Bbq Chicken Pizza 509G,https://www.tesco.com/groceries/en-GB/products/308090403,1687614622.229006,"['£2.60', '£0.51/100g']",2.6,£0.51/100g
4150,Tesco Chantenay Carrots 600G,https://www.tesco.com/groceries/en-GB/products/289555718,1687614622.299446,"['£1.40', '£2.33/kg']",1.4,£2.33/kg
4151,Ms. Molly's Assorted Fruit Lollies 8X35ml,https://www.tesco.com/groceries/en-GB/products/302872830,1687614622.373307,"['£1.15', '£0.41/100ml']",1.15,£0.41/100ml
4152,Tesco 4 Strawberry & Vanilla Cones 440Ml,https://www.tesco.com/groceries/en-GB/products/276782843,1687614622.4508102,"['£1.50', '£0.34/100ml']",1.5,£0.34/100ml
4153,Tesco Takeaway Meat Feast Pizza 531G,https://www.tesco.com/groceries/en-GB/products/308107743,1687614622.519104,"['£2.60', '£0.49/100g']",2.6,£0.49/100g
4154,Tesco Finest 6 Chunky Cod Fillets Fish Fingers 400G,https://www.tesco.com/groceries/en-GB/products/305738559,1687614622.587481,"['£3.55', '£8.88/kg']",3.55,£8.88/kg
4155,Tesco 4 Mint & Chocolate Cones 440Ml,https://www.tesco.com/groceries/en-GB/products/276781533,1687614622.6552498,"['£1.50', '£0.34/100ml']",1.5,£0.34/100ml
4156,Tesco Finest 10 Mini Duck Pancakes 200G,https://www.tesco.com/groceries/en-GB/products/312352590,1687614622.7246149,"['£4.50', '£2.25/100g']",4.5,£2.25/100g
4157,Quorn Chicken Style Pieces 300G,https://www.tesco.com/groceries/en-GB/products/251116364,1687614622.7924201,"['£2.50', '£8.33/kg']",2.5,£8.33/kg
4158,Bannisters Farm 4 Cheese & Bacon Potato Skins 260G,https://www.tesco.com/groceries/en-GB/products/277473827,1687614622.860311,"['£1.40', '£5.38/kg']",1.4,£5.38/kg
4159,Youngs 4 Omega 3 Fish Cakes 200G,https://www.tesco.com/groceries/en-GB/products/306936415,1687614622.9303198,"['£0.99', '£4.95/kg']",0.99,£4.95/kg
4160,Tesco 2 Pizza Subs Cheese 260G,https://www.tesco.com/groceries/en-GB/products/285384454,1687614623.003362,"['£1.20', '£0.46/100g']",1.2,£0.46/100g
4161,Birds Eye 2X Chicken Chargrills Sweet & Sticky 174G,https://www.tesco.com/groceries/en-GB/products/296092022,1687614623.071469,"['£1.79', '£10.29/kg']",1.79,£10.29/kg
4162,Chicago Town Deep Dish Mega Meaty Pizzas 2 X 157G,https://www.tesco.com/groceries/en-GB/products/312111962,1687614623.140333,"['£1.59', '£0.51/100g']",1.59,£0.51/100g
4163,Mr. Brain's 6 Pork Faggots 656G,https://www.tesco.com/groceries/en-GB/products/282049626,1687614623.234823,"['£1.09', '£1.66/kg']",1.09,£1.66/kg
4164,Birds Eye 2 Original Chicken Chargrills 170G,https://www.tesco.com/groceries/en-GB/products/296092045,1687614623.3093472,"['£1.79', '£10.53/kg']",1.79,£10.53/kg
4165,Aunt Bessie's 18 Glorious Golden Yorkshires 342G,https://www.tesco.com/groceries/en-GB/products/307344434,1687614623.376496,"['£3.90', '£11.40/kg']",3.9,£11.40/kg
4166,Tesco Wild Salmon Fillets 500G,https://www.tesco.com/groceries/en-GB/products/302706337,1687614623.445194,"['£5.75', '£11.50/kg']",5.75,£11.50/kg
4167,Tesco Lean Beef Steak Mince 5 % Fat 500G,https://www.tesco.com/groceries/en-GB/products/297616946,1687614623.514364,"['£5.25', '£10.50/kg']",5.25,£10.50/kg
4168,Tesco 4 Battered Cod Fillets 500G,https://www.tesco.com/groceries/en-GB/products/266196966,1687614623.598253,"['£4.50', '£9.00/kg']",4.5,£9.00/kg
4169,Tesco Finest Sicilian Lemon Tart 458G,https://www.tesco.com/groceries/en-GB/products/279425824,1687614623.6751628,"['£3.50', '£0.76/100g']",3.5,£0.76/100g
4170,Mccain Triple Cooked Gastro Chips 1.2Kg,https://www.tesco.com/groceries/en-GB/products/306800305,1687614623.749134,"['£4.60', '£3.83/kg']",4.6,£3.83/kg
4171,Mccain Croquettes 550G,https://www.tesco.com/groceries/en-GB/products/287841302,1687614623.845809,"['£2.50', '£4.54/kg']",2.5,£4.54/kg
4172,Tesco Healthy Living 10% Fat Minced Beef Steak 500G,https://www.tesco.com/groceries/en-GB/products/286695833,1687614623.919751,"['£4.50', '£9.00/kg']",4.5,£9.00/kg
4173,Tesco Potato Lattices 550G,https://www.tesco.com/groceries/en-GB/products/286999595,1687614623.989978,"['£2.20', '£4.00/kg']",2.2,£4.00/kg
4174,Tesco Pitted Sweet Cherries 350G,https://www.tesco.com/groceries/en-GB/products/312709958,1687614624.0619252,"['£2.40', '£6.86/kg']",2.4,£6.86/kg
4175,Tesco Mini Chocolate Ice Creams 8 X 50Ml,https://www.tesco.com/groceries/en-GB/products/286782718,1687614624.139953,"['£2.70', '£0.68/100ml']",2.7,£0.68/100ml
4176,Tesco 20 Cumberland Sausages 900G,https://www.tesco.com/groceries/en-GB/products/299587141,1687614624.223774,"['£3.25', '£3.61/kg']",3.25,£3.61/kg
4177,Hearty Food Co 4 Garlic Chicken Kievs 500G,https://www.tesco.com/groceries/en-GB/products/309164649,1687614624.3388338,"['£2.59', '£5.18/kg']",2.59,£5.18/kg
4178,Jus Rol Vol au Vents Medium 313G,https://www.tesco.com/groceries/en-GB/products/259805659,1687614624.4140449,"['£2.75', '£8.79/kg']",2.75,£8.79/kg
4179,Tesco 20 Pork Sausages 900G,https://www.tesco.com/groceries/en-GB/products/274438535,1687614624.564379,"['£3.25', '£3.61/kg']",3.25,£3.61/kg
4180,Tesco 56 Pork Cocktail Sausages 672G,https://www.tesco.com/groceries/en-GB/products/299587204,1687614624.632001,"['£2.90', '£4.32/kg']",2.9,£4.32/kg
4181,Tesco 8 Mini Lemon Meringue Tarts 160G,https://www.tesco.com/groceries/en-GB/products/311955074,1687614624.698078,"['£3.00', '£1.88/100g']",3.0,£1.88/100g
4182,Tesco Exotic Fruit Mix 450G,https://www.tesco.com/groceries/en-GB/products/313839290,1687614624.7647638,"['£2.40', '£5.33/kg']",2.4,£5.33/kg
4183,Tesco Shredded Savoy Cabbage 750G,https://www.tesco.com/groceries/en-GB/products/284276132,1687614624.8304188,"['£1.50', '£2.00/kg']",1.5,£2.00/kg
4184,Tesco Wholetail Breaded Scampi 280G,https://www.tesco.com/groceries/en-GB/products/270953414,1687614624.8962119,"['£3.25', '£11.61/kg']",3.25,£11.61/kg
4185,Tesco Cauliflower Cheese Bake 680G,https://www.tesco.com/groceries/en-GB/products/264754452,1687614624.9637492,"['£2.30', '£3.38/kg']",2.3,£3.38/kg
4186,Tesco Frozen Sweet Potato Chunks 600G,https://www.tesco.com/groceries/en-GB/products/299539280,1687614625.03092,"['£1.80', '£3.00/kg']",1.8,£3.00/kg
4187,Birds Eye 4 Sausage Rolls 360G,https://www.tesco.com/groceries/en-GB/products/277249368,1687614630.617246,"['£2.00', '£0.56/100g']",2.0,£0.56/100g
4188,Cornetto Strawberry Ice Cream Cones 6 X 90Ml,https://www.tesco.com/groceries/en-GB/products/303067048,1687614630.700834,"['£3.25', '£0.60/100ml']",3.25,£0.60/100ml
4189,Richmond 12 Frozen Thick Pork Sausages 516G,https://www.tesco.com/groceries/en-GB/products/308860218,1687614630.792216,"['£2.50', '£4.84/kg']",2.5,£4.84/kg
4190,Birds Eye Steamfresh 4 Super Sunshine Mix Vegetable 540G,https://www.tesco.com/groceries/en-GB/products/273615270,1687614630.908776,"['£2.90', '£5.37/kg']",2.9,£5.37/kg
4191,Tesco Classic Chicken Dinner 400G,https://www.tesco.com/groceries/en-GB/products/292469822,1687614630.9976919,"['£2.25', '£5.62/kg']",2.25,£5.62/kg
4192,Tesco New York Cheesecake 450G,https://www.tesco.com/groceries/en-GB/products/266128868,1687614631.0691772,"['£2.50', '£0.56/100g']",2.5,£0.56/100g
4193,Birds Eye 4 Breaded Cod Cakes 198G,https://www.tesco.com/groceries/en-GB/products/254747522,1687614631.1451788,"['£1.40', '£7.07/kg']",1.4,£7.07/kg
4194,Linda Mccartney 2 Mozzarella Burgers 227G,https://www.tesco.com/groceries/en-GB/products/268163183,1687614631.220105,"['£2.50', '£11.01/kg']",2.5,£11.01/kg
4195,Tesco 4 Hot & Spicy Chicken Steaks 380G,https://www.tesco.com/groceries/en-GB/products/297682745,1687614631.2888372,"['£2.00', '£5.26/kg']",2.0,£5.26/kg
4196,Birds Eye Chicken Shop Hash Brown Potato Bites 500G,https://www.tesco.com/groceries/en-GB/products/309790587,1687614631.357184,"['£2.20', '£4.40/kg']",2.2,£4.40/kg
4197,Tesco 30 Omega 3 Fish Fingers 900G,https://www.tesco.com/groceries/en-GB/products/307741252,1687614631.4486809,"['£3.95', '£4.39/kg']",3.95,£4.39/kg
4198,Tesco 2 Steak Bakes 280G,https://www.tesco.com/groceries/en-GB/products/277942716,1687614631.516404,"['£1.45', '£0.52/100g']",1.45,£0.52/100g
4199,Tesco Strawberry Cheesecake 500G,https://www.tesco.com/groceries/en-GB/products/268123571,1687614631.58516,"['£2.15', '£0.43/100g']",2.15,£0.43/100g
4200,Tesco 4 Chocolate & Nut Cones 440Ml,https://www.tesco.com/groceries/en-GB/products/281947446,1687614631.6555772,"['£1.50', '£0.34/100ml']",1.5,£0.34/100ml
4201,Tesco Plant Chef 6 Herby Bangers 300G,https://www.tesco.com/groceries/en-GB/products/305044988,1687614631.732128,"['£1.85', '£0.62/100g']",1.85,£0.62/100g
4202,Tesco Raspberries 300G,https://www.tesco.com/groceries/en-GB/products/312716546,1687614631.823825,"['£2.40', '£8.00/kg']",2.4,£8.00/kg
4203,Tesco Real Fruit Splits 6 X 73Ml,https://www.tesco.com/groceries/en-GB/products/272357524,1687614631.891308,"['£1.35', '£0.31/100ml']",1.35,£0.31/100ml
4204,Tesco Fish Pie 400G,https://www.tesco.com/groceries/en-GB/products/303182366,1687614631.958949,"['£1.70', '£4.25/kg']",1.7,£4.25/kg
4205,Birds Eye Chicken In B/Cmb Hot & Spicy 180G,https://www.tesco.com/groceries/en-GB/products/296092108,1687614632.02638,"['£1.79', '£9.94/kg']",1.79,£9.94/kg
4206,Tesco Chicken Tikka Masala Pilau Rice 400G,https://www.tesco.com/groceries/en-GB/products/299917731,1687614632.097392,"['£1.75', '£4.38/kg']",1.75,£4.38/kg
4207,Chicago Town Deep Dish Four Cheese Pizzas 2 X 148G,https://www.tesco.com/groceries/en-GB/products/311954991,1687614632.1652648,"['£1.59', '£0.54/100g']",1.59,£0.54/100g
4208,Goodfella's Takeaway The Big Cheese 555G,https://www.tesco.com/groceries/en-GB/products/282765763,1687614632.2654898,"['£5.00', '£0.90/100g']",5.0,£0.90/100g
4209,Tesco Raw King Prawns 170G,https://www.tesco.com/groceries/en-GB/products/291731507,1687614632.35491,"['£3.30', '£19.41/kg']",3.3,£19.41/kg
4210,Tesco Finest Triple Cooked Beef Basted Oven Chips 900G,https://www.tesco.com/groceries/en-GB/products/309467147,1687614632.422505,"['£3.70', '£4.11/kg']",3.7,£4.11/kg
4211,Birds Eye 4 Shortcrust Chicken Pies 620G,https://www.tesco.com/groceries/en-GB/products/252234700,1687614632.491333,"['£4.00', '£0.64/100g']",4.0,£0.64/100g
4212,Mccain Sweet Potato Fries 500G,https://www.tesco.com/groceries/en-GB/products/292140335,1687614632.560544,"['£3.60', '£7.20/kg']",3.6,£7.20/kg
4213,Birds Eye 6 Chunky Fish Fingers Extra Large 360G,https://www.tesco.com/groceries/en-GB/products/305948799,1687614632.628497,"['£3.50', '£9.72/kg']",3.5,£9.72/kg
4214,Aunt Bessie's Dumplings 390G,https://www.tesco.com/groceries/en-GB/products/253214982,1687614632.7024481,"['£2.50', '£6.41/kg']",2.5,£6.41/kg
4215,Chicago Town Stuffed Crust Chicken & Bacon Large Pizza 640G,https://www.tesco.com/groceries/en-GB/products/305839198,1687614632.7717419,"['£4.50', '£0.70/100g']",4.5,£0.70/100g
4216,Birds Eye Chicken Shop Buttermilk Goujons 290G,https://www.tesco.com/groceries/en-GB/products/312994152,1687614632.861449,"['£4.00', '£13.79/kg']",4.0,£13.79/kg
4217,Carte D'or Rich Salted Caramel Ice Cream 900Ml,https://www.tesco.com/groceries/en-GB/products/310670164,1687614632.950144,"['£3.75', '£0.42/100ml']",3.75,£0.42/100ml
4218,Mccain Home Chips Lighter Straight 1Kg,https://www.tesco.com/groceries/en-GB/products/306496111,1687614633.04581,"['£3.20', '£3.20/kg']",3.2,£3.20/kg
4219,Tesco 2 Vegetarian Mozzarella Roast Vegetable & Pesto Melts 280G,https://www.tesco.com/groceries/en-GB/products/299077399,1687614633.145764,"['£2.60', '£9.29/kg']",2.6,£9.29/kg
4220,Tesco Southern Fried Chicken Bites 500G,https://www.tesco.com/groceries/en-GB/products/304795987,1687614633.2962801,"['£3.10', '£6.20/kg']",3.1,£6.20/kg
4221,Goodfella's Deep Cheesy Pizza 421G,https://www.tesco.com/groceries/en-GB/products/303008920,1687614633.362408,"['£2.39', '£0.57/100g']",2.39,£0.57/100g
4222,Youngs Gastro Signature Breaded 8 Chunky Fish Fingers 320G,https://www.tesco.com/groceries/en-GB/products/310098824,1687614633.434311,"['£3.25', '£10.16/kg']",3.25,£10.16/kg
4223,Birds Eye 2 Fragrant Golden Vegetable Rice 380G,https://www.tesco.com/groceries/en-GB/products/277220632,1687614633.501062,"['£2.90', '£7.63/kg']",2.9,£7.63/kg
4224,Tesco Finest Mango Passion Fruit Roulades 2X90g,https://www.tesco.com/groceries/en-GB/products/299531940,1687614633.598857,"['£3.10', '£1.72/100g']",3.1,£1.72/100g
4225,Tesco 6 Pork & Herb Sausage Patties 342G,https://www.tesco.com/groceries/en-GB/products/289706028,1687614633.672441,"['£2.50', '£7.31/kg']",2.5,£7.31/kg
4226,Tesco Caramel Vanilla Ice Cream 900Ml Promotion,https://www.tesco.com/groceries/en-GB/products/282663929,1687614633.74099,"['£2.30', '£0.26/100ml']",2.3,£0.26/100ml
4227,Tesco Plant Chef 4 Vegetable Burgers 454G,https://www.tesco.com/groceries/en-GB/products/305438199,1687614633.810861,"['£2.05', '£4.52/kg']",2.05,£4.52/kg
4228,Acre Lane Lamb Mince 454G,https://www.tesco.com/groceries/en-GB/products/304390924,1687614633.9055822,"['£3.80', '£8.37/kg']",3.8,£8.37/kg
4229,Youngs Admirals Pie 300G,https://www.tesco.com/groceries/en-GB/products/305048391,1687614633.977676,"['£2.15', '£7.17/kg']",2.15,£7.17/kg
4230,Birds Eye 4 Hearty Farmhouse Vegetable Mix 540G,https://www.tesco.com/groceries/en-GB/products/273122933,1687614634.06669,"['£2.90', '£5.37/kg']",2.9,£5.37/kg
4231,Tesco 6 Chocolate Eclairs 160G,https://www.tesco.com/groceries/en-GB/products/272332248,1687614634.164171,"['£1.80', '£1.12/100g']",1.8,£1.12/100g
4232,Tesco 8 Beef Burgers 454G,https://www.tesco.com/groceries/en-GB/products/293709048,1687614634.231288,"['£3.45', '£7.60/kg']",3.45,£7.60/kg
4233,Quorn Southern Fried Bites 300G,https://www.tesco.com/groceries/en-GB/products/277304211,1687614634.306371,"['£2.50', '£8.33/kg']",2.5,£8.33/kg
4234,Tesco Chilli Con Carne Rice 400G,https://www.tesco.com/groceries/en-GB/products/303182222,1687614634.398807,"['£1.70', '£4.25/kg']",1.7,£4.25/kg
4235,Tesco Minced Beef Hotpot 400G,https://www.tesco.com/groceries/en-GB/products/303182308,1687614639.7499,"['£1.70', '£4.25/kg']",1.7,£4.25/kg
4236,Tesco Salted Caramel Cheesecake 450G,https://www.tesco.com/groceries/en-GB/products/287334718,1687614639.824764,"['£2.50', '£0.56/100g']",2.5,£0.56/100g
4237,Tesco 4 Vegetarian Cauliflower Cheese Grills 397G,https://www.tesco.com/groceries/en-GB/products/255631064,1687614639.8942862,"['£2.05', '£5.16/kg']",2.05,£5.16/kg
4238,Tesco Chocolate Cheesecake 425G,https://www.tesco.com/groceries/en-GB/products/287334661,1687614639.984604,"['£2.15', '£0.51/100g']",2.15,£0.51/100g
4239,Hearty Food Co 8 Breaded Chicken Burgers 456G,https://www.tesco.com/groceries/en-GB/products/299596458,1687614640.052667,"['£1.50', '£3.29/kg']",1.5,£3.29/kg
4240,Tesco Family Beef Lasagne 1.4Kg,https://www.tesco.com/groceries/en-GB/products/307741701,1687614640.1230679,"['£5.00', '£3.57/kg']",5.0,£3.57/kg
4241,Tesco Strawberry Gateau Bar 400G,https://www.tesco.com/groceries/en-GB/products/309499190,1687614640.220732,"['£2.45', '£0.61/100g']",2.45,£0.61/100g
4242,Ms. Molly's Milk Lollies 8X35ml,https://www.tesco.com/groceries/en-GB/products/302872853,1687614640.295753,"['£1.15', '£0.41/100ml']",1.15,£0.41/100ml
4243,Tesco Roast Beef Dinner 400G,https://www.tesco.com/groceries/en-GB/products/292470059,1687614640.373012,"['£2.25', '£5.62/kg']",2.25,£5.62/kg
4244,Bay Fishmongers White Fish Fillets 520G,https://www.tesco.com/groceries/en-GB/products/299598237,1687614640.440247,"['£2.50', '£4.81/kg']",2.5,£4.81/kg
4245,Tesco Beef Lasagne 400G,https://www.tesco.com/groceries/en-GB/products/303182268,1687614640.515072,"['£1.75', '£4.38/kg']",1.75,£4.38/kg
4246,Butcher's Choice Chicken Portions 2Kg,https://www.tesco.com/groceries/en-GB/products/299596493,1687614640.584779,"['£2.62', '£1.31/kg']",2.62,£1.31/kg
4247,Aunt Bessie's Duck Fat Roast Potatoes 700G,https://www.tesco.com/groceries/en-GB/products/289044223,1687614640.660653,"['£3.90', '£5.57/kg']",3.9,£5.57/kg
4248,Goodfella's Classic Crust Takeaway Pepperoni Pizza 524G,https://www.tesco.com/groceries/en-GB/products/307159890,1687614640.728909,"['£5.00', '£0.95/100g']",5.0,£0.95/100g
4249,Birds Eye 6 Crispy Chicken In Tempura Batter 510G,https://www.tesco.com/groceries/en-GB/products/311228250,1687614640.8184671,"['£5.65', '£11.08/kg']",5.65,£11.08/kg
4250,Itsu Chicken Gyoza 240G,https://www.tesco.com/groceries/en-GB/products/299955276,1687614640.907739,"['£4.25', '£17.71/kg']",4.25,£17.71/kg
4251,Tesco Cauliflower Rice 4 Pack 600G,https://www.tesco.com/groceries/en-GB/products/297395359,1687614640.998158,"['£2.50', '£4.17/kg']",2.5,£4.17/kg
4252,Tesco 4 Breaded Haddock Fillets 500G,https://www.tesco.com/groceries/en-GB/products/266197134,1687614641.067455,"['£4.50', '£9.00/kg']",4.5,£9.00/kg
4253,Birds Eye 4 Battered Fish Fillets 400G,https://www.tesco.com/groceries/en-GB/products/267045457,1687614641.139135,"['£3.50', '£8.75/kg']",3.5,£8.75/kg
4254,Birds Eye 12 Gluten Free Fish Fingers 360G,https://www.tesco.com/groceries/en-GB/products/293588063,1687614641.207675,"['£3.20', '£8.89/kg']",3.2,£8.89/kg
4255,Beyond Meat Beyond Burger Plant Based Burger,https://www.tesco.com/groceries/en-GB/products/305836057,1687614641.2867892,"['£4.00', '£17.70/kg']",4.0,£17.70/kg
4256,Brew City Bbq Mozzarella Melts 220G,https://www.tesco.com/groceries/en-GB/products/309782764,1687614641.355579,"['£3.00', '£1.36/100g']",3.0,£1.36/100g
4257,Tesco 4 Breaded Chunky Prime Cod Fillets 500G,https://www.tesco.com/groceries/en-GB/products/258609605,1687614641.422721,"['£5.75', '£11.50/kg']",5.75,£11.50/kg
4258,Brew City Sweet Chilli Halloumi Bites 150G,https://www.tesco.com/groceries/en-GB/products/308083717,1687614641.5270212,"['£3.00', '£2.00/100g']",3.0,£2.00/100g
4259,Birds Eye Mini Potato Waffles 456G,https://www.tesco.com/groceries/en-GB/products/277302979,1687614641.601235,"['£2.95', '£6.47/kg']",2.95,£6.47/kg
4260,Haagen-Dazs Salted Caramel Ice Cream 460Ml,https://www.tesco.com/groceries/en-GB/products/300111410,1687614641.6909409,"['£5.15', '£1.12/100ml']",5.15,£1.12/100ml
4261,Dr. Oetker Ristorante Funghi Pizza 365G,https://www.tesco.com/groceries/en-GB/products/251334664,1687614641.7616699,"['£3.00', '£0.82/100g']",3.0,£0.82/100g
4262,Haagen-Dazs Vanilla Ice Cream 460Ml,https://www.tesco.com/groceries/en-GB/products/300111312,1687614641.851905,"['£5.15', '£1.12/100ml']",5.15,£1.12/100ml
4263,Brew City Cheesy Brew Bites 200G,https://www.tesco.com/groceries/en-GB/products/304409726,1687614641.917948,"['£3.00', '£1.50/100g']",3.0,£1.50/100g
4264,Tesco 4 Battered Haddock Fillets 500G,https://www.tesco.com/groceries/en-GB/products/266197284,1687614641.984788,"['£4.50', '£9.00/kg']",4.5,£9.00/kg
4265,Birds Eye Original Beef Quarter Pounders Burgers With Onion 454G,https://www.tesco.com/groceries/en-GB/products/251980353,1687614642.07985,"['£4.00', '£8.81/kg']",4.0,£8.81/kg
4266,Goodfella's Stone Baked Thin Cheese & Ham Pizza 351G,https://www.tesco.com/groceries/en-GB/products/307347926,1687614642.14792,"['£2.49', '£0.71/100g']",2.49,£0.71/100g
4267,Dr. Oetker Ristorante Pollo Pizza 355G,https://www.tesco.com/groceries/en-GB/products/313944677,1687614642.215738,"['£3.00', '£8.45/kg']",3.0,£8.45/kg
4268,Quorn 2 Cheese & Broccoli Escalopes 240G,https://www.tesco.com/groceries/en-GB/products/251834698,1687614642.306593,"['£2.65', '£11.04/kg']",2.65,£11.04/kg
4269,Linda Mccartney 6 Vegetarian Red Onion & Rosemary Sausages 270G,https://www.tesco.com/groceries/en-GB/products/305039839,1687614642.395627,"['£2.50', '£9.26/kg']",2.5,£9.26/kg
4270,Dr. Oetker Ristorante Hawaii Pizza 355G,https://www.tesco.com/groceries/en-GB/products/314108952,1687614642.4845471,"['£3.00', '£8.45/kg']",3.0,£8.45/kg
4271,Tesco Morello Cherry Bakewell Tart 410G,https://www.tesco.com/groceries/en-GB/products/299475089,1687614642.5827022,"['£2.50', '£0.61/100g']",2.5,£0.61/100g
4272,Cadbury Dairy Milk Ice Cream Sticks 4X100ml,https://www.tesco.com/groceries/en-GB/products/293795422,1687614642.668441,"['£3.50', '£0.88/100ml']",3.5,£0.88/100ml
4273,Tesco Berry Strudel 600G,https://www.tesco.com/groceries/en-GB/products/295627314,1687614642.769253,"['£2.00', '£0.33/100g']",2.0,£0.33/100g
4274,Tesco Salt & Pepper Ridge Chips 750G,https://www.tesco.com/groceries/en-GB/products/286999635,1687614642.844401,"['£2.20', '£2.93/kg']",2.2,£2.93/kg
4275,Aunt Bessie's Mashed Potato 650G,https://www.tesco.com/groceries/en-GB/products/297648891,1687614642.9133508,"['£2.50', '£3.85/kg']",2.5,£3.85/kg
4276,Linda Mccartneys Vegetarian Lincolnshire Sausages 6S 300G,https://www.tesco.com/groceries/en-GB/products/303543176,1687614642.9826891,"['£2.50', '£8.33/kg']",2.5,£8.33/kg
4277,Mccain Roasts 700G,https://www.tesco.com/groceries/en-GB/products/306495573,1687614643.072445,"['£1.95', '£2.79/kg']",1.95,£2.79/kg
4278,Birds Eye Vegetable Fusions Green Medley 300G,https://www.tesco.com/groceries/en-GB/products/279511354,1687614643.1484768,"['£2.90', '£9.67/kg']",2.9,£9.67/kg
4279,Tesco Plant Chef 4 Spicy Bean Burgers 454G,https://www.tesco.com/groceries/en-GB/products/305437604,1687614643.2469041,"['£2.05', '£4.52/kg']",2.05,£4.52/kg
4280,Birds Eye Garden Peas & Sweetcorn 640G,https://www.tesco.com/groceries/en-GB/products/309744856,1687614643.336313,"['£2.85', '£4.45/kg']",2.85,£4.45/kg
4281,Dr Oetker Ristorante Speciale Pizza 345G,https://www.tesco.com/groceries/en-GB/products/314319190,1687614643.432053,"['£3.00', '£8.70/kg']",3.0,£8.70/kg
4282,Whitby Seafoods Breaded Scampi Bites 190G,https://www.tesco.com/groceries/en-GB/products/303630499,1687614643.5247731,"['£1.50', '£7.90/kg']",1.5,£7.90/kg
4283,Birds Eye Gluten Free Breaded Fish Fillets 250G,https://www.tesco.com/groceries/en-GB/products/294076235,1687614650.101772,"['£3.85', '£15.40/kg']",3.85,£15.40/kg
4284,Crosta & Mollica Pizzeria Margherita Pizza 403G,https://www.tesco.com/groceries/en-GB/products/308080438,1687614650.1816692,"['£5.10', '£1.27/100g']",5.1,£1.27/100g
4285,Tesco Pineapple Chunks 450G,https://www.tesco.com/groceries/en-GB/products/279054497,1687614650.321554,"['£2.50', '£5.56/kg']",2.5,£5.56/kg
4286,Birds Eye 6 Southern Fried Chicken In Breadcrumbs 540G,https://www.tesco.com/groceries/en-GB/products/311225011,1687614650.391451,"['£5.65', '£10.46/kg']",5.65,£10.46/kg
4287,Chicago Town Cheesy Stuffed Crust Pepperoni Pizza 640G,https://www.tesco.com/groceries/en-GB/products/304781698,1687614650.492532,"['£4.50', '£0.70/100g']",4.5,£0.70/100g
4288,Birds Eye 30 Cod Fish Fingers 840G,https://www.tesco.com/groceries/en-GB/products/302861561,1687614650.5928462,"['£7.75', '£9.23/kg']",7.75,£9.23/kg
4289,Birds Eye 20 Omega 3 Fish Fingers 560G,https://www.tesco.com/groceries/en-GB/products/302861751,1687614650.660595,"['£4.20', '£7.50/kg']",4.2,£7.50/kg
4290,Magnum Mini Classic Almond & White 6 Pack 330Ml,https://www.tesco.com/groceries/en-GB/products/299955253,1687614650.735913,"['£4.50', '£1.36/100ml']",4.5,£1.36/100ml
4291,Chicago Town Takeaway Meat Feast Pizza 640G,https://www.tesco.com/groceries/en-GB/products/307746264,1687614650.829608,"['£4.50', '£0.70/100g']",4.5,£0.70/100g
4292,Birds Eye 4 Minted Lambgrills 300G,https://www.tesco.com/groceries/en-GB/products/287247931,1687614650.918427,"['£3.50', '£11.67/kg']",3.5,£11.67/kg
4293,Tesco Breaded Onion Rings 750G,https://www.tesco.com/groceries/en-GB/products/257218318,1687614650.990129,"['£2.40', '£3.20/kg']",2.4,£3.20/kg
4294,Tesco Stir Fry Vegetable Mix 600G,https://www.tesco.com/groceries/en-GB/products/297186584,1687614651.057259,"['£2.00', '£3.33/kg']",2.0,£3.33/kg
4295,Birds Eye 10 Vegetable Fingers 284G,https://www.tesco.com/groceries/en-GB/products/277064102,1687614651.1258318,"['£1.80', '£6.34/kg']",1.8,£6.34/kg
4296,Uppercrust Chicken & Asparagus Pie 680G,https://www.tesco.com/groceries/en-GB/products/267530827,1687614651.193951,"['£3.75', '£0.55/100g']",3.75,£0.55/100g
4297,Tesco Black Forest Fruits Mix 500G,https://www.tesco.com/groceries/en-GB/products/309771587,1687614651.261002,"['£2.50', '£5.00/kg']",2.5,£5.00/kg
4298,This Isn't Chicken Lightly Seasoned Pieces 250G,https://www.tesco.com/groceries/en-GB/products/314301377,1687614651.328855,"['£3.00', '£12.00/kg']",3.0,£12.00/kg
4299,Hearty Food Co 4 Chicken & Vegetable Pies 484G,https://www.tesco.com/groceries/en-GB/products/299390217,1687614651.407008,"['£1.85', '£0.38/100g']",1.85,£0.38/100g
4300,Linda Mccartneys Vegetarian Tomato & Basil Meatballs 292G,https://www.tesco.com/groceries/en-GB/products/305973556,1687614651.4761589,"['£2.50', '£8.56/kg']",2.5,£8.56/kg
4301,Tesco Smoked Haddock Fillets 360G,https://www.tesco.com/groceries/en-GB/products/304789079,1687614651.569271,"['£4.00', '£1.11/100g']",4.0,£1.11/100g
4302,Tesco Mint Chocolate Ice Cream 900Ml,https://www.tesco.com/groceries/en-GB/products/268186392,1687614651.636812,"['£2.30', '£0.26/100ml']",2.3,£0.26/100ml
4303,Quorn Swedish Style Balls 300G,https://www.tesco.com/groceries/en-GB/products/255411411,1687614651.742389,"['£2.50', '£8.33/kg']",2.5,£8.33/kg
4304,Annabel Karmel Frozen Hidden Vegetable Bolognese 200G,https://www.tesco.com/groceries/en-GB/products/294037357,1687614651.836879,"['£2.00', '£10.00/kg']",2.0,£10.00/kg
4305,Tesco Steak Pie 700G,https://www.tesco.com/groceries/en-GB/products/299389957,1687614651.906993,"['£3.15', '£0.45/100g']",3.15,£0.45/100g
4306,Annabel Karmel Frozen Cottage Pie 200G,https://www.tesco.com/groceries/en-GB/products/294037334,1687614651.991728,"['£2.00', '£1.00/100g']",2.0,£1.00/100g
4307,Tesco Chicken Hotpot 400G,https://www.tesco.com/groceries/en-GB/products/303182182,1687614652.064012,"['£1.70', '£4.25/kg']",1.7,£4.25/kg
4308,The Ice Co. Ice Crush 2Kg,https://www.tesco.com/groceries/en-GB/products/267797160,1687614652.135864,"['£1.15', '£0.58/kg']",1.15,£0.58/kg
4309,Birds Eye 10 Chicken Fingers 250G,https://www.tesco.com/groceries/en-GB/products/296092264,1687614652.204038,"['£2.70', '£10.80/kg']",2.7,£10.80/kg
4310,Askeys Treat Chocolate 325G Topping,https://www.tesco.com/groceries/en-GB/products/304407982,1687614652.2723782,"['£1.50', '£0.46/100g']",1.5,£0.46/100g
4311,Tesco Diced Chorizo 250G,https://www.tesco.com/groceries/en-GB/products/299486600,1687614652.369119,"['£2.35', '£9.40/kg']",2.35,£9.40/kg
4312,Quorn Meat Free Crispy Nuggets 300G,https://www.tesco.com/groceries/en-GB/products/310660470,1687614652.434382,"['£2.30', '£7.67/kg']",2.3,£7.67/kg
4313,Tesco Sliced Leeks 700G,https://www.tesco.com/groceries/en-GB/products/284276313,1687614652.522461,"['£1.30', '£1.86/kg']",1.3,£1.86/kg
4314,Tesco Soft Scoop Neapolitan 2 Litres,https://www.tesco.com/groceries/en-GB/products/254755063,1687614652.588647,"['£2.20', '£0.11/100ml']",2.2,£0.11/100ml
4315,Easibake Gluten Free Garlic Baguette 170G,https://www.tesco.com/groceries/en-GB/products/306933522,1687614652.6558368,"['£1.95', '£1.15/100g']",1.95,£1.15/100g
4316,Tesco 2 Creamy Chicken Bakes 280G Price Marked,https://www.tesco.com/groceries/en-GB/products/277044126,1687614652.766904,"['£1.45', '£0.52/100g']",1.45,£0.52/100g
4317,Richmond 8 Meat Free Vegan Sausages 304G,https://www.tesco.com/groceries/en-GB/products/313859179,1687614652.833746,"['£2.15', '£7.07/kg']",2.15,£7.07/kg
4318,Youngs 10 Flipper Dippers 250G,https://www.tesco.com/groceries/en-GB/products/266176833,1687614652.923035,"['£1.25', '£5.00/kg']",1.25,£5.00/kg
4319,Tesco Chocolate & Almond Ice Creams 3X110ml,https://www.tesco.com/groceries/en-GB/products/303068295,1687614652.9951959,"['£1.35', '£0.41/100ml']",1.35,£0.41/100ml
4320,Tesco Chicken Breast Fillets 640G,https://www.tesco.com/groceries/en-GB/products/295710866,1687614653.0619369,"['£4.10', '£6.41/kg']",4.1,£6.41/kg
4321,Country Style Cream Doughnuts 300G,https://www.tesco.com/groceries/en-GB/products/293467189,1687614653.131855,"['£1.00', '£0.33/100g']",1.0,£0.33/100g
4322,Goodfella's Pizza Pockets Triple Cheese 2 Pack 250G,https://www.tesco.com/groceries/en-GB/products/304403364,1687614653.199556,"['£1.50', '£0.60/100g']",1.5,£0.60/100g
4323,Tesco Chicken & Bacon Pasta 400G,https://www.tesco.com/groceries/en-GB/products/303182280,1687614653.2787461,"['£1.75', '£4.38/kg']",1.75,£4.38/kg
4324,Goodfella's Pizza Pockets Pepperoni 2 Pack 250G,https://www.tesco.com/groceries/en-GB/products/304388225,1687614653.354501,"['£1.50', '£0.60/100g']",1.5,£0.60/100g
4325,Tesco Crispy Half Duck & Pancakes 530G,https://www.tesco.com/groceries/en-GB/products/266738476,1687614653.425904,"['£6.80', '£12.83/kg']",6.8,£12.83/kg
4326,Youngs Gastro 2 Sea Salt & Pepper Basa Fillets 310G,https://www.tesco.com/groceries/en-GB/products/301809959,1687614653.502008,"['£4.75', '£15.32/kg']",4.75,£15.32/kg
4327,Whitby Seafoods Scampi 370G,https://www.tesco.com/groceries/en-GB/products/313000026,1687614653.590625,"['£4.50', '£12.16/kg']",4.5,£12.16/kg
4328,Youngs Gastro 2 Crispy Lemon Basa Fillets 310G,https://www.tesco.com/groceries/en-GB/products/301810284,1687614653.6636028,"['£4.75', '£15.32/kg']",4.75,£15.32/kg
4329,Tesco Finest Salmon Wellington 700G,https://www.tesco.com/groceries/en-GB/products/303334677,1687614653.743627,"['£6.25', '£8.93/kg']",6.25,£8.93/kg
4330,Tesco Free From Breaded Chicken Goujons 300G,https://www.tesco.com/groceries/en-GB/products/299587383,1687614653.811012,"['£2.90', '£9.67/kg']",2.9,£9.67/kg
4331,Tesco Free From 20 Chicken Nuggets 400G,https://www.tesco.com/groceries/en-GB/products/281865583,1687614660.984066,"['£3.75', '£9.38/kg']",3.75,£9.38/kg
4332,Tesco Breaded Mini Chicken Fillets 300G,https://www.tesco.com/groceries/en-GB/products/262083592,1687614661.0789871,"['£3.00', '£10.00/kg']",3.0,£10.00/kg
4333,Youngs Simply Breaded 4 Large Cod Fillets 440G,https://www.tesco.com/groceries/en-GB/products/303391723,1687614661.163629,"['£5.60', '£12.73/kg']",5.6,£12.73/kg
4334,Tesco 4 Battered Chunky Cod Fillets 500G,https://www.tesco.com/groceries/en-GB/products/255780854,1687614661.249526,"['£5.75', '£11.50/kg']",5.75,£11.50/kg
4335,Tesco 4 Cinnamon Swirls 345G,https://www.tesco.com/groceries/en-GB/products/306494476,1687614661.316942,"['£2.60', '£0.75/100g']",2.6,£0.75/100g
4336,Tesco Finest Ice Cream Madagascan Vanilla 480Ml,https://www.tesco.com/groceries/en-GB/products/303007679,1687614661.382267,"['£3.00', '£0.62/100ml']",3.0,£0.62/100ml
4337,Carte D'or Madagascan Vanilla Light Ice Cream 900Ml,https://www.tesco.com/groceries/en-GB/products/310674586,1687614661.449821,"['£3.75', '£0.42/100ml']",3.75,£0.42/100ml
4338,Zizzi Rustica Margherita Classic Pizza 410G,https://www.tesco.com/groceries/en-GB/products/311422336,1687614661.539031,"['£4.15', '£1.01/100g']",4.15,£1.01/100g
4339,Northern Dough Co. Pizza Dough Original 2 X 220G,https://www.tesco.com/groceries/en-GB/products/307157650,1687614661.627745,"['£2.60', '£0.59/100g']",2.6,£0.59/100g
4340,Richmond Skinless Sausages 16 Pack 426G,https://www.tesco.com/groceries/en-GB/products/296128621,1687614661.704551,"['£2.50', '£5.87/kg']",2.5,£5.87/kg
4341,Birds Eye 4 Original Beef Burgers 227G,https://www.tesco.com/groceries/en-GB/products/254750569,1687614661.7749782,"['£2.50', '£11.01/kg']",2.5,£11.01/kg
4342,Birds Eye 2 Mediterranean Vegetable Rice 380G,https://www.tesco.com/groceries/en-GB/products/277220690,1687614661.842318,"['£2.90', '£7.63/kg']",2.9,£7.63/kg
4343,Cadbury Crunchie Blast Ice Cream Sticks 4X100ml,https://www.tesco.com/groceries/en-GB/products/293795445,1687614661.934041,"['£3.50', '£0.88/100ml']",3.5,£0.88/100ml
4344,Walls Soft Scoop Vanilla Light Ice Cream 1800Ml,https://www.tesco.com/groceries/en-GB/products/272630344,1687614662.023378,"['£2.75', '£0.15/100ml']",2.75,£0.15/100ml
4345,Feast Chocolate Ice Cream 4 X 90Ml,https://www.tesco.com/groceries/en-GB/products/303066591,1687614662.091677,"['£2.50', '£0.69/100ml']",2.5,£0.69/100ml
4346,Youngs Chip Shop Extra Large Fish Fillets Beer Batter 300G,https://www.tesco.com/groceries/en-GB/products/305731768,1687614662.1661818,"['£3.30', '£11.00/kg']",3.3,£11.00/kg
4347,Tesco Banoffee Pie 500G,https://www.tesco.com/groceries/en-GB/products/267282423,1687614662.2355049,"['£2.55', '£0.51/100g']",2.55,£0.51/100g
4348,Tesco Health Chicken Curry And Rice 350G,https://www.tesco.com/groceries/en-GB/products/303182487,1687614662.314496,"['£1.75', '£5.00/kg']",1.75,£5.00/kg
4349,Tesco Minced Beef 20% Fat 1Kg,https://www.tesco.com/groceries/en-GB/products/259077212,1687614662.38397,"['£6.25', '£6.25/kg']",6.25,£6.25/kg
4350,Tesco Plant Chef Meat Free Chunks 300G,https://www.tesco.com/groceries/en-GB/products/307753416,1687614662.4558852,"['£2.25', '£7.50/kg']",2.25,£7.50/kg
4351,Quorn Vegan Crunchy Fillet Burgers 2 Pack 190G,https://www.tesco.com/groceries/en-GB/products/310168949,1687614662.546977,"['£2.85', '£15.00/kg']",2.85,£15.00/kg
4352,Chicago Town Tiger Crust Cheesy Ham & Bacon Pizza 315G,https://www.tesco.com/groceries/en-GB/products/305943009,1687614662.61792,"['£3.50', '£1.11/100g']",3.5,£1.11/100g
4353,The Plant Chef Meat Free Mince 454G,https://www.tesco.com/groceries/en-GB/products/307743774,1687614662.684651,"['£2.00', '£4.40/kg']",2.0,£4.40/kg
4354,Annabel Karmel Frozen Chicken Pasta 200G,https://www.tesco.com/groceries/en-GB/products/294037370,1687614662.774637,"['£2.00', '£10.00/kg']",2.0,£10.00/kg
4355,Annabel Karmel Chicken Tikka Masala 200G,https://www.tesco.com/groceries/en-GB/products/295686122,1687614662.8428311,"['£2.00', '£10.00/kg']",2.0,£10.00/kg
4356,Quorn Fillets 312G,https://www.tesco.com/groceries/en-GB/products/250859407,1687614662.9114869,"['£2.50', '£8.01/kg']",2.5,£8.01/kg
4357,Tesco Lemon Meringue Pie 475G,https://www.tesco.com/groceries/en-GB/products/258015962,1687614663.0016088,"['£2.55', '£0.54/100g']",2.55,£0.54/100g
4358,Rowntrees Watermelon Lolly 4X73ml,https://www.tesco.com/groceries/en-GB/products/299386177,1687614663.073942,"['£2.50', '£0.86/100ml']",2.5,£0.86/100ml
4359,Rowntrees Fruit Stack 4X70ml,https://www.tesco.com/groceries/en-GB/products/305970778,1687614663.1693811,"['£2.50', '£0.89/100ml']",2.5,£0.89/100ml
4360,Tesco Vegetarian Vegetable Lasagne 375G,https://www.tesco.com/groceries/en-GB/products/289839049,1687614663.258443,"['£2.00', '£5.33/kg']",2.0,£5.33/kg
4361,Tesco Loaded Strawberry Meringue Mess 415G,https://www.tesco.com/groceries/en-GB/products/310663187,1687614663.384537,"['£2.40', '£0.58/100g']",2.4,£0.58/100g
4362,"Americana 8 X 5"" Soft Floured Baps",https://www.tesco.com/groceries/en-GB/products/306649231,1687614663.455892,"['£1.30', '£0.16/each']",1.3,£0.16/each
4363,Tesco S'mores Ice Cream Cones 4X110ml,https://www.tesco.com/groceries/en-GB/products/312584787,1687614663.5246909,"['£1.50', '£0.34/100ml']",1.5,£0.34/100ml
4364,Tenderstem Broccoli 180G,https://www.tesco.com/groceries/en-GB/products/307357540,1687614663.592227,"['£1.20', '£6.67/kg']",1.2,£6.67/kg
4365,Tesco Plant Chef 10 No Prawn Tempuras 150G,https://www.tesco.com/groceries/en-GB/products/311781987,1687614663.660017,"['£2.50', '£16.67/kg']",2.5,£16.67/kg
4366,Tesco 4 Beef Burgers 227G,https://www.tesco.com/groceries/en-GB/products/309177473,1687614663.747962,"['£1.75', '£7.71/kg']",1.75,£7.71/kg
4367,Tesco Fruity Helter Skelters (5 X 70Ml) 350Ml,https://www.tesco.com/groceries/en-GB/products/281510807,1687614663.817439,"['£1.35', '£0.39/100ml']",1.35,£0.39/100ml
4368,Carnation Caramel 397G,https://www.tesco.com/groceries/en-GB/products/260491872,1687614663.884769,"['£2.30', '£5.79/kg']",2.3,£5.79/kg
4369,Tesco Finest 8 Smoked Haddock Vol-Au Vents 148G,https://www.tesco.com/groceries/en-GB/products/312208007,1687614663.9515798,"['£2.25', '£1.52/100g']",2.25,£1.52/100g
4370,Ben & Jerry's Phish Food Chocolate & Marshmallow Ice Cream 465Ml,https://www.tesco.com/groceries/en-GB/products/305941986,1687614664.0536761,"['£5.00', '£1.08/100ml']",5.0,£1.08/100ml
4371,Ben & Jerry's Chocolate Fudge Brownie Ice Cream 465Ml,https://www.tesco.com/groceries/en-GB/products/305980150,1687614664.155657,"['£5.00', '£1.08/100ml']",5.0,£1.08/100ml
4372,Birds Eye 10 Fish Fingers Haddock 280G,https://www.tesco.com/groceries/en-GB/products/296117323,1687614664.24688,"['£3.60', '£12.86/kg']",3.6,£12.86/kg
4373,Birds Eye Chicken Shop Battered Chicken Nuggets 400G,https://www.tesco.com/groceries/en-GB/products/309748909,1687614664.31531,"['£4.10', '£10.25/kg']",4.1,£10.25/kg
4374,English Cheesecake Company Ltd 6 Vanilla With Lotus Cheesecake Bite 225G,https://www.tesco.com/groceries/en-GB/products/312563622,1687614664.4089448,"['£4.30', '£1.91/100g']",4.3,£1.91/100g
4375,Holland' S 4 Minced Beef & Onion Pies,https://www.tesco.com/groceries/en-GB/products/265558268,1687614664.507912,"['£4.00', '£1.00/each']",4.0,£1.00/each
4376,Youngs Gastro 8 Chunky Breaded Haddock Fingers 320G,https://www.tesco.com/groceries/en-GB/products/296608324,1687614664.5765738,"['£4.50', '£14.06/kg']",4.5,£14.06/kg
4377,Chicago Town Takeaway Cheesy Stuffed Crust 630G,https://www.tesco.com/groceries/en-GB/products/303205018,1687614664.665546,"['£4.50', '£0.71/100g']",4.5,£0.71/100g
4378,Carte D'or Indulgent Chocolate Ice Cream 900Ml,https://www.tesco.com/groceries/en-GB/products/310100039,1687614664.75775,"['£3.75', '£0.42/100ml']",3.75,£0.42/100ml
4379,Tesco Gammon Joint With Honey 550G,https://www.tesco.com/groceries/en-GB/products/287128001,1687614670.471624,"['£4.50', '£8.18/kg']",4.5,£8.18/kg
4380,Tesco Roast Chicken Pie 700G,https://www.tesco.com/groceries/en-GB/products/299389992,1687614670.546798,"['£3.15', '£0.45/100g']",3.15,£0.45/100g
4381,Dr Oetker Vegan Margherita Pomodori Pizza 340G,https://www.tesco.com/groceries/en-GB/products/308844866,1687614670.6190588,"['£3.25', '£0.96/100g']",3.25,£0.96/100g
4382,Zizzi Rustica Ham & Mushroom Pizza 415G,https://www.tesco.com/groceries/en-GB/products/311422964,1687614670.686661,"['£4.15', '£1.00/100g']",4.15,£1.00/100g
4383,Aunt Bessie's Jam Roly Poly 300G,https://www.tesco.com/groceries/en-GB/products/259680269,1687614670.777327,"['£1.90', '£0.63/100g']",1.9,£0.63/100g
4384,Birds Eye Battered Cod Chips & Peas 395G,https://www.tesco.com/groceries/en-GB/products/274949529,1687614670.847302,"['£3.00', '£7.60/kg']",3.0,£7.60/kg
4385,Tesco Strawberry & Cream Ice Cream Tub 900Ml,https://www.tesco.com/groceries/en-GB/products/303037279,1687614670.922241,"['£2.30', '£0.26/100ml']",2.3,£0.26/100ml
4386,Fry's Meat Free 4 Chicken Style Burger 320G,https://www.tesco.com/groceries/en-GB/products/304789880,1687614670.9936142,"['£3.00', '£9.38/kg']",3.0,£9.38/kg
4387,Quorn 4 Chicken Style Burgers 252G,https://www.tesco.com/groceries/en-GB/products/251259238,1687614671.083974,"['£2.55', '£10.12/kg']",2.55,£10.12/kg
4388,Tesco Whole Chunks Battered Chicken Breast 350G,https://www.tesco.com/groceries/en-GB/products/307762221,1687614671.1515882,"['£3.25', '£9.29/kg']",3.25,£9.29/kg
4389,Cadbury Flake Ice Cream 480Ml,https://www.tesco.com/groceries/en-GB/products/282692831,1687614671.2207701,"['£3.50', '£0.73/100ml']",3.5,£0.73/100ml
4390,Hollands 4 Steak & Kidney Puddings,https://www.tesco.com/groceries/en-GB/products/254749445,1687614671.3379588,"['£3.15', '£0.79/each']",3.15,£0.79/each
4391,Dopsu No Chicken Pieces 280G,https://www.tesco.com/groceries/en-GB/products/310146739,1687614671.4145331,"['£2.40', '£8.57/kg']",2.4,£8.57/kg
4392,Tesco Southern Fried Chicken Breast 350G,https://www.tesco.com/groceries/en-GB/products/307745189,1687614671.498646,"['£3.25', '£9.29/kg']",3.25,£9.29/kg
4393,Nestle Carnation Caramel Drizzle 450G,https://www.tesco.com/groceries/en-GB/products/306390368,1687614671.5673,"['£2.70', '£0.60/100g']",2.7,£0.60/100g
4394,Tesco Berry & Lemon Tart 380G,https://www.tesco.com/groceries/en-GB/products/308084405,1687614671.63606,"['£2.50', '£0.66/100g']",2.5,£0.66/100g
4395,Tesco Finest Beer Battered Cod Bites 290G,https://www.tesco.com/groceries/en-GB/products/310133227,1687614671.703073,"['£3.00', '£10.34/kg']",3.0,£10.34/kg
4396,Tesco Mushroom Medley 500G,https://www.tesco.com/groceries/en-GB/products/281975176,1687614671.769067,"['£2.20', '£4.40/kg']",2.2,£4.40/kg
4397,Tesco Chopped Ginger 75G,https://www.tesco.com/groceries/en-GB/products/289766457,1687614671.8380501,"['£2.00', '£0.27/10g']",2.0,£0.27/10g
4398,Tesco 2 Cheese & Onion Bakes 260G,https://www.tesco.com/groceries/en-GB/products/277132120,1687614671.907916,"['£1.45', '£0.56/100g']",1.45,£0.56/100g
4399,Kirsty's Pasta Bolognese 300G,https://www.tesco.com/groceries/en-GB/products/314701848,1687614671.974111,"['£2.80', '£9.33/kg']",2.8,£9.33/kg
4400,Tesco Free From Battered Onion Rings 375G,https://www.tesco.com/groceries/en-GB/products/287169234,1687614672.039675,"['£2.15', '£5.73/kg']",2.15,£5.73/kg
4401,Rowntrees Fruit Pastille Push Up Lollies 6 X 80Ml,https://www.tesco.com/groceries/en-GB/products/299388624,1687614672.107048,"['£2.50', '£0.52/100ml']",2.5,£0.52/100ml
4402,Tesco 3 Raspberry Eton Mess Ice Creams 270Ml,https://www.tesco.com/groceries/en-GB/products/310105276,1687614672.197404,"['£1.75', '£0.65/100ml']",1.75,£0.65/100ml
4403,Richmond 6 Sausage Patties Frozen 342G,https://www.tesco.com/groceries/en-GB/products/310670193,1687614672.295418,"['£2.25', '£6.58/kg']",2.25,£6.58/kg
4404,Birds Eye 6 Classic Pancakes 240G,https://www.tesco.com/groceries/en-GB/products/291950893,1687614672.363412,"['£1.85', '£7.71/kg']",1.85,£7.71/kg
4405,Tesco Spaghetti Bolognese With Cheese Crumbs 400G,https://www.tesco.com/groceries/en-GB/products/303182320,1687614672.432673,"['£1.75', '£4.38/kg']",1.75,£4.38/kg
4406,Tesco Neapolitan Chocolate Sandwich 8X90ml,https://www.tesco.com/groceries/en-GB/products/268172926,1687614672.501129,"['£2.20', '£0.31/100ml']",2.2,£0.31/100ml
4407,Tesco Plant Chef 16 Vegetable Fingers 448G,https://www.tesco.com/groceries/en-GB/products/305437535,1687614672.5675242,"['£2.05', '£4.58/kg']",2.05,£4.58/kg
4409,Tesco Liver & Bacon With Colcannon Mash 400G,https://www.tesco.com/groceries/en-GB/products/303182245,1687614672.7265651,"['£1.75', '£4.38/kg']",1.75,£4.38/kg
4410,Tesco Sweet & Sour Chicken Egg Fried Rice 400G,https://www.tesco.com/groceries/en-GB/products/299582618,1687614672.792329,"['£1.75', '£4.38/kg']",1.75,£4.38/kg
4411,Tesco Bean & Pea Mix 750G,https://www.tesco.com/groceries/en-GB/products/308101133,1687614672.858268,"['£1.20', '£1.60/kg']",1.2,£1.60/kg
4412,Tesco Chicken Chow Mein 375G,https://www.tesco.com/groceries/en-GB/products/299917754,1687614672.9252732,"['£1.75', '£4.67/kg']",1.75,£4.67/kg
4413,Tesco Finest 10 Bacon Wrapped King Prawns 160G,https://www.tesco.com/groceries/en-GB/products/312209847,1687614672.991744,"['£2.25', '£1.41/100g']",2.25,£1.41/100g
4414,Youngs Chip Shop 2 Extra Large Cod Fillets In Batter 300G,https://www.tesco.com/groceries/en-GB/products/305733680,1687614673.079333,"['£5.00', '£16.67/kg']",5.0,£16.67/kg
4415,Birds Eye 4 Large Breaded Cod Fillets 440G,https://www.tesco.com/groceries/en-GB/products/303334245,1687614673.159325,"['£6.00', '£13.64/kg']",6.0,£13.64/kg
4416,Tesco Butter Basted Frozen Turkey Breast Joint 780G,https://www.tesco.com/groceries/en-GB/products/271025014,1687614673.248838,"['£6.50', '£8.33/kg']",6.5,£8.33/kg
4417,Tesco Fruit Breakfast Topper 350G,https://www.tesco.com/groceries/en-GB/products/291878996,1687614673.318804,"['£2.50', '£7.14/kg']",2.5,£7.14/kg
4418,Youngs Chip Shop 4 Omega 3 Fish Fillets,https://www.tesco.com/groceries/en-GB/products/303391602,1687614673.3856409,"['£3.50', '£8.75/kg']",3.5,£8.75/kg
4419,Itsu Pork Gyozas 240G,https://www.tesco.com/groceries/en-GB/products/299955299,1687614673.476119,"['£4.25', '£17.71/kg']",4.25,£17.71/kg
4420,Tesco Finest Salted Caramel Sauce 250G,https://www.tesco.com/groceries/en-GB/products/300345916,1687614673.5795789,"['£2.90', '£1.16/100g']",2.9,£1.16/100g
4421,Tesco 4 Steam Bags Rice With Mixed Vegetables 600G,https://www.tesco.com/groceries/en-GB/products/261732984,1687614673.6732879,"['£2.50', '£4.17/kg']",2.5,£4.17/kg
4422,Tesco Soya Beans 600G,https://www.tesco.com/groceries/en-GB/products/282412415,1687614673.743045,"['£2.75', '£4.58/kg']",2.75,£4.58/kg
4423,Aunt Bessie's Vegetarian Toad In The Hole 190G,https://www.tesco.com/groceries/en-GB/products/251898848,1687614673.810074,"['£2.25', '£11.84/kg']",2.25,£11.84/kg
4424,Haagen-Dazs Belgian Chocolate Ice Cream 460Ml,https://www.tesco.com/groceries/en-GB/products/307141167,1687614673.884908,"['£5.15', '£1.12/100ml']",5.15,£1.12/100ml
4425,Quorn Chicken & Bacon Lattice 2 Pack 300G,https://www.tesco.com/groceries/en-GB/products/291845610,1687614673.957133,"['£2.65', '£0.88/100g']",2.65,£0.88/100g
4426,Magnum Double Gold Caramel Billionaire Ice Cream 3 Pack 255Ml,https://www.tesco.com/groceries/en-GB/products/307735640,1687614674.0279522,"['£4.00', '£1.57/100ml']",4.0,£1.57/100ml
4427,Haagen-Dazs Pralines & Cream Ice Cream 460Ml,https://www.tesco.com/groceries/en-GB/products/303151518,1687614679.257934,"['£5.15', '£1.12/100ml']",5.15,£1.12/100ml
4428,Frys Meat Free 8 Original Hot Dogs 360G,https://www.tesco.com/groceries/en-GB/products/305041041,1687614679.33309,"['£3.00', '£8.33/kg']",3.0,£8.33/kg
4429,Tesco Finest Colombian Coffee Ice Cream 480Ml,https://www.tesco.com/groceries/en-GB/products/313840500,1687614679.426996,"['£3.00', '£0.62/100ml']",3.0,£0.62/100ml
4430,Bernard Matthews 13 Turkey Mini Kievs 295G,https://www.tesco.com/groceries/en-GB/products/313500857,1687614679.4988859,"['£2.25', '£7.63/kg']",2.25,£7.63/kg
4431,Quorn 2 Crispy Fillets 200G,https://www.tesco.com/groceries/en-GB/products/251352786,1687614679.575306,"['£2.65', '£13.25/kg']",2.65,£13.25/kg
4432,R Whites Lemonade Lolly 3 X 75Ml,https://www.tesco.com/groceries/en-GB/products/297236566,1687614679.676995,"['£2.25', '£1.00/100ml']",2.25,£1.00/100ml
4433,Tesco Free From Mozzarella Stick 150G,https://www.tesco.com/groceries/en-GB/products/293587980,1687614679.766975,"['£2.15', '£0.01/kg']",2.15,£0.01/kg
4434,Goodfellas Gluten Free Cheesy Garlic Bread 175G,https://www.tesco.com/groceries/en-GB/products/308461783,1687614679.835016,"['£2.80', '£1.60/100g']",2.8,£1.60/100g
4435,Richmond Vegan No Chicken Pieces Roast Flavoured 220G,https://www.tesco.com/groceries/en-GB/products/311423491,1687614679.9018428,"['£3.00', '£13.64/kg']",3.0,£13.64/kg
4436,Weight Watchers Beef Hotpot 350G,https://www.tesco.com/groceries/en-GB/products/304815458,1687614679.969159,"['£2.50', '£7.14/kg']",2.5,£7.14/kg
4437,Weight Watchers Sweet & Sour Chicken 320G,https://www.tesco.com/groceries/en-GB/products/297491350,1687614680.0569441,"['£2.50', '£7.81/kg']",2.5,£7.81/kg
4438,Askeys Treat Strawberry Sauce 325G,https://www.tesco.com/groceries/en-GB/products/251084982,1687614680.126477,"['£1.50', '£0.46/100g']",1.5,£0.46/100g
4439,Hearty Food Co 4 Breaded White Fish Fillets 400G,https://www.tesco.com/groceries/en-GB/products/312566515,1687614680.2202182,"['£2.00', '£5.00/kg']",2.0,£5.00/kg
4440,Tesco Raspberry Sorbet 500Ml,https://www.tesco.com/groceries/en-GB/products/291631793,1687614680.291774,"['£2.50', '£0.50/100ml']",2.5,£0.50/100ml
4441,Heart Food Co 4 Battered White Fish Fillets 400G,https://www.tesco.com/groceries/en-GB/products/313388200,1687614680.362997,"['£2.00', '£5.00/kg']",2.0,£5.00/kg
4442,Tesco Soft Scoop Raspberry Ripple 2 Litres,https://www.tesco.com/groceries/en-GB/products/254755092,1687614680.433047,"['£2.20', '£0.11/100ml']",2.2,£0.11/100ml
4443,Youngs Fishermans Pie 300G,https://www.tesco.com/groceries/en-GB/products/305053793,1687614680.5020318,"['£2.15', '£7.17/kg']",2.15,£7.17/kg
4444,Birds Eye Green Cuisine Chicken-Free Dippers 220G,https://www.tesco.com/groceries/en-GB/products/310676676,1687614680.582678,"['£3.00', '£13.64/kg']",3.0,£13.64/kg
4445,Tesco Bubblegum Lollies 6X55ml,https://www.tesco.com/groceries/en-GB/products/299258030,1687614680.6505,"['£1.35', '£0.41/100ml']",1.35,£0.41/100ml
4446,Tesco Plant Chef 10 No Duck Spring Rolls 180G,https://www.tesco.com/groceries/en-GB/products/312093627,1687614680.7177029,"['£2.00', '£1.11/100g']",2.0,£1.11/100g
4447,Hearty Food Co 4 Fish Steaks In Butter Sauce 552G,https://www.tesco.com/groceries/en-GB/products/299598197,1687614680.8080618,"['£2.50', '£4.53/kg']",2.5,£4.53/kg
4448,Tesco Jaffa Cake 430G,https://www.tesco.com/groceries/en-GB/products/291396990,1687614680.875032,"['£2.25', '£0.52/100g']",2.25,£0.52/100g
4449,Tesco Chicken Madras With Pilau Rice 400G,https://www.tesco.com/groceries/en-GB/products/299582676,1687614680.941482,"['£1.75', '£4.38/kg']",1.75,£4.38/kg
4450,Tesco Strawberry & Lemonade Helter Skelter 5X70ml,https://www.tesco.com/groceries/en-GB/products/308091159,1687614681.013066,"['£1.35', '£0.39/100ml']",1.35,£0.39/100ml
4451,Tesco Hunter's Chicken With Spicy Wedges 400G,https://www.tesco.com/groceries/en-GB/products/305837246,1687614681.110477,"['£1.75', '£4.38/kg']",1.75,£4.38/kg
4452,Tesco Chicken Thighs 1Kg,https://www.tesco.com/groceries/en-GB/products/258077908,1687614681.183512,"['£3.85', '£3.85/kg']",3.85,£3.85/kg
4453,Mccain Lighter Straight Home Chips 1.6Kg,https://www.tesco.com/groceries/en-GB/products/306815386,1687614681.2536252,"['£4.30', '£2.69/kg']",4.3,£2.69/kg
4454,Tesco Frozen Strawberry & Banana Smoothie Mix 500G,https://www.tesco.com/groceries/en-GB/products/289862101,1687614681.32036,"['£2.60', '£5.20/kg']",2.6,£5.20/kg
4455,Crosta & Mollica Stromboll Spicy Salami Pizza 447G,https://www.tesco.com/groceries/en-GB/products/308087080,1687614681.389932,"['£5.10', '£1.14/100g']",5.1,£1.14/100g
4456,Itsu Prawn Gyoza 12 Dinner Dumplings 240G,https://www.tesco.com/groceries/en-GB/products/311278996,1687614681.479328,"['£4.25', '£17.71/kg']",4.25,£17.71/kg
4457,Youngs Simply Breaded Omega 3 4 Fish Fillets 400G,https://www.tesco.com/groceries/en-GB/products/303391625,1687614681.5676742,"['£3.25', '£8.12/kg']",3.25,£8.12/kg
4458,Tesco Monterey Jack Bbq Bean Burger 280G,https://www.tesco.com/groceries/en-GB/products/291745330,1687614681.6364548,"['£2.60', '£9.29/kg']",2.6,£9.29/kg
4459,Youngs Gastro 2 Smoked Haddock Chunky Fish Cakes 270G,https://www.tesco.com/groceries/en-GB/products/305735482,1687614681.726439,"['£3.95', '£14.63/kg']",3.95,£14.63/kg
4460,Birds Eye 6 Crispy Battered Fish Fingers Extra Large 360G,https://www.tesco.com/groceries/en-GB/products/307155813,1687614681.795674,"['£3.50', '£9.72/kg']",3.5,£9.72/kg
4461,Itsu Hoisin Duck 6 Bao Buns 270G,https://www.tesco.com/groceries/en-GB/products/304401003,1687614681.8632588,"['£4.25', '£15.74/kg']",4.25,£15.74/kg
4462,Acre Lane Lamb Leg Joint 1.0-1.2Kg,https://www.tesco.com/groceries/en-GB/products/297186866,1687614681.953503,"['£11.55', '£10.50/kg']",11.55,£10.50/kg
4463,Birds Eye 4 Beef Grills 340G,https://www.tesco.com/groceries/en-GB/products/279336204,1687614682.0208378,"['£3.50', '£10.29/kg']",3.5,£10.29/kg
4464,Haagen-Dazs Strawberry Cheesecake Ice Cream 460Ml,https://www.tesco.com/groceries/en-GB/products/303151530,1687614682.1008298,"['£5.15', '£1.12/100ml']",5.15,£1.12/100ml
4465,Birds Eye Meat Free Swedish Style Balls 280G,https://www.tesco.com/groceries/en-GB/products/303392181,1687614682.168861,"['£3.00', '£10.71/kg']",3.0,£10.71/kg
4466,Kelly's Honeycomb Crunch 950Ml,https://www.tesco.com/groceries/en-GB/products/291712997,1687614682.2554188,"['£4.00', '£0.42/100ml']",4.0,£0.42/100ml
4467,Carte D'or Mint Chocolate Chip Ice Cream 900Ml,https://www.tesco.com/groceries/en-GB/products/310091590,1687614682.322329,"['£3.75', '£0.42/100ml']",3.75,£0.42/100ml
4468,Tesco Free From Profiteroles 220G,https://www.tesco.com/groceries/en-GB/products/306662963,1687614682.42095,"['£2.40', '£10.91/kg']",2.4,£10.91/kg
4469,Quorn Smoky Bacon Style Slices 150G,https://www.tesco.com/groceries/en-GB/products/268151370,1687614682.49573,"['£2.65', '£17.67/kg']",2.65,£17.67/kg
4470,Tesco Free From Southern Fried Mini Chicken Fillets 250G,https://www.tesco.com/groceries/en-GB/products/299587400,1687614682.5861812,"['£3.25', '£13.00/kg']",3.25,£13.00/kg
4471,Cofresh Vegetarian Punjabi Samosas 10S 500G,https://www.tesco.com/groceries/en-GB/products/280376685,1687614682.6632938,"['£2.35', '£0.47/100g']",2.35,£0.47/100g
4472,Tesco Finest Chocolate & Orange Tart 385G,https://www.tesco.com/groceries/en-GB/products/310666400,1687614682.729404,"['£3.50', '£9.09/kg']",3.5,£9.09/kg
4473,Tesco Portuguese Custard Tarts 4 Pack 208G,https://www.tesco.com/groceries/en-GB/products/303002919,1687614682.801548,"['£2.60', '£1.25/100g']",2.6,£1.25/100g
4474,Genius Sausage Rolls 2,https://www.tesco.com/groceries/en-GB/products/291846585,1687614682.882466,"['£2.70', '£1.35/each']",2.7,£1.35/each
4475,Quorn Roarsomes Vegan Dinosaurs 240G,https://www.tesco.com/groceries/en-GB/products/308844329,1687614689.077031,"['£2.65', '£11.04/kg']",2.65,£11.04/kg
4476,Birds Eye Green Cuisine Chicken Free Southern Fried Grills X2 180G,https://www.tesco.com/groceries/en-GB/products/308470668,1687614689.1737988,"['£2.70', '£15.00/kg']",2.7,£15.00/kg
4477,Tesco 4 Breaded Cod Fishcakes 340G,https://www.tesco.com/groceries/en-GB/products/290017687,1687614689.250782,"['£2.95', '£8.68/kg']",2.95,£8.68/kg
4478,Tesco Southern Fried Chicken Thighs 700G,https://www.tesco.com/groceries/en-GB/products/305436496,1687614689.3284538,"['£3.25', '£4.64/kg']",3.25,£4.64/kg
4479,This Isn't Pork Plant Based Sausages 270G,https://www.tesco.com/groceries/en-GB/products/314416351,1687614689.409754,"['£3.00', '£11.11/kg']",3.0,£11.11/kg
4480,Tesco 4 Free From Chocolate Eclairs 100G,https://www.tesco.com/groceries/en-GB/products/297682820,1687614689.518145,"['£2.30', '£2.30/100g']",2.3,£2.30/100g
4481,Weight Watchers Salmon & Broccoli Melt 320G,https://www.tesco.com/groceries/en-GB/products/297491239,1687614689.5878148,"['£2.50', '£7.81/kg']",2.5,£7.81/kg
4482,Tesco Cottage Pie 350G,https://www.tesco.com/groceries/en-GB/products/303182406,1687614689.654716,"['£1.75', '£5.00/kg']",1.75,£5.00/kg
4483,Tesco Cookie Dough Ice Cream 480Ml,https://www.tesco.com/groceries/en-GB/products/306937725,1687614689.7317278,"['£2.40', '£0.50/100ml']",2.4,£0.50/100ml
4484,Del Monte 100% Juice Orange Ice Lollies 3 X 75Ml,https://www.tesco.com/groceries/en-GB/products/263558565,1687614689.801236,"['£2.50', '£1.11/100ml']",2.5,£1.11/100ml
4485,Nobbly Bobbly 4X60ml,https://www.tesco.com/groceries/en-GB/products/310149581,1687614689.895113,"['£2.00', '£0.83/100ml']",2.0,£0.83/100ml
4486,Zizzi Garlic Bread & Cheese 295G,https://www.tesco.com/groceries/en-GB/products/311261658,1687614689.9667761,"['£2.75', '£0.93/100g']",2.75,£0.93/100g
4487,Askeys Round Icecream Cones 21Pk,https://www.tesco.com/groceries/en-GB/products/255569783,1687614690.034794,"['£1.20', '£0.06/each']",1.2,£0.06/each
4488,Birds Eye 2 Meat Free Burgers 200G,https://www.tesco.com/groceries/en-GB/products/303392209,1687614690.107117,"['£3.00', '£15.00/kg']",3.0,£15.00/kg
4489,Tesco Plant Chef 8 Meat Free Burgers 454G,https://www.tesco.com/groceries/en-GB/products/307760413,1687614690.183311,"['£2.25', '£4.96/kg']",2.25,£4.96/kg
4490,Tesco Butter Chicken Curry With Pilau Rice 400G,https://www.tesco.com/groceries/en-GB/products/305729795,1687614690.271868,"['£1.75', '£4.38/kg']",1.75,£4.38/kg
4491,Tesco Finest 6 Mini Coquille St Jacques 90G,https://www.tesco.com/groceries/en-GB/products/311944191,1687614690.3399522,"['£2.25', '£2.50/100g']",2.25,£2.50/100g
4492,Tesco Raw Seafood Selection 350G,https://www.tesco.com/groceries/en-GB/products/311779417,1687614690.433175,"['£5.85', '£16.71/kg']",5.85,£16.71/kg
4493,Youngs 4 Cod Steaks In Parsley Sauce 560G,https://www.tesco.com/groceries/en-GB/products/259958420,1687614690.500891,"['£6.00', '£10.71/kg']",6.0,£10.71/kg
4494,Tesco Chicken Drumsticks 1.5Kg,https://www.tesco.com/groceries/en-GB/products/295653357,1687614690.568749,"['£4.50', '£3.00/kg']",4.5,£3.00/kg
4495,Mccain Home Chips Straight Gluten Free 1.6Kg,https://www.tesco.com/groceries/en-GB/products/305978499,1687614690.643685,"['£4.30', '£2.69/kg']",4.3,£2.69/kg
4496,Birds Eye 6 Original Chicken Chargrills 510G,https://www.tesco.com/groceries/en-GB/products/311215947,1687614690.709812,"['£5.65', '£11.08/kg']",5.65,£11.08/kg
4497,Tesco 4X Steam Bags Mixed Greens & Corn 640G,https://www.tesco.com/groceries/en-GB/products/271513353,1687614690.843216,"['£2.50', '£3.91/kg']",2.5,£3.91/kg
4498,Birds Eye 2 Chicken Shop Sizzler Fillets Burger 227G,https://www.tesco.com/groceries/en-GB/products/305832545,1687614690.9759202,"['£4.10', '£18.06/kg']",4.1,£18.06/kg
4499,Birds Eye Green Cuisine 22 Dippers Chicken Free 403G,https://www.tesco.com/groceries/en-GB/products/310156474,1687614691.0711832,"['£4.00', '£9.93/kg']",4.0,£9.93/kg
4500,Tesco Chicken Wings 1.5Kg,https://www.tesco.com/groceries/en-GB/products/308865524,1687614691.162577,"['£4.10', '£2.73/kg']",4.1,£2.73/kg
4501,Tesco Steam Bags Egg Rice 4 X 150G,https://www.tesco.com/groceries/en-GB/products/278636398,1687614691.237437,"['£2.50', '£4.17/kg']",2.5,£4.17/kg
4502,Magnum White Chocolate 6 X 100Ml,https://www.tesco.com/groceries/en-GB/products/312839648,1687614691.308067,"['£5.75', '£0.96/100ml']",5.75,£0.96/100ml
4503,Magnum Classic Ice Creams 6 X 100Ml,https://www.tesco.com/groceries/en-GB/products/312847926,1687614691.3777611,"['£5.75', '£0.96/100ml']",5.75,£0.96/100ml
4504,Strong Roots Cauliflower Hashbrowns 375G,https://www.tesco.com/groceries/en-GB/products/303260549,1687614691.445573,"['£3.30', '£8.80/kg']",3.3,£8.80/kg
4505,Youngs Gastro Cod & Spinach Gratin 360G,https://www.tesco.com/groceries/en-GB/products/298514817,1687614691.5135381,"['£3.00', '£8.33/kg']",3.0,£8.33/kg
4506,Whitby Seafoods Lemon & Pepper King Prawns 200G,https://www.tesco.com/groceries/en-GB/products/313181202,1687614691.581259,"['£3.00', '£15.00/kg']",3.0,£15.00/kg
4507,Hollands Potato & Meat Pies 4 Pack,https://www.tesco.com/groceries/en-GB/products/254749399,1687614691.648159,"['£3.15', '£0.79/each']",3.15,£0.79/each
4508,Tesco 2 Yellow Fin Sole Lemon & Parsley 250G,https://www.tesco.com/groceries/en-GB/products/287134166,1687614691.725286,"['£3.30', '£13.20/kg']",3.3,£13.20/kg
4509,Carte D'or Strawberry Ice Cream 900Ml,https://www.tesco.com/groceries/en-GB/products/310114720,1687614691.8025432,"['£3.75', '£0.42/100ml']",3.75,£0.42/100ml
4510,Linda Mccartney 2 Vegetarian Deep Dish Country Pies 380G,https://www.tesco.com/groceries/en-GB/products/285365356,1687614691.915731,"['£2.50', '£0.66/100g']",2.5,£0.66/100g
4511,Tesco 2 Vegetarian Mushroom & Camembert Pies 360G,https://www.tesco.com/groceries/en-GB/products/299390610,1687614692.0071611,"['£2.60', '£0.72/100g']",2.6,£0.72/100g
4512,Smorgasbord The Original Swedish Meatballs 1Kg,https://www.tesco.com/groceries/en-GB/products/310123421,1687614692.0994859,"['£5.75', '£5.75/kg']",5.75,£5.75/kg
4513,Kirsty's Vegetable Lasagne 300G,https://www.tesco.com/groceries/en-GB/products/311785326,1687614692.1662989,"['£2.80', '£9.33/kg']",2.8,£9.33/kg
4514,Quorn Vegan Steak Bakes 300G,https://www.tesco.com/groceries/en-GB/products/310151024,1687614692.2333078,"['£2.65', '£0.88/100g']",2.65,£0.88/100g
4515,Kelly's Clotted Cream & Raspberry Ripple Ice Cream 950Ml,https://www.tesco.com/groceries/en-GB/products/308080640,1687614692.314755,"['£4.00', '£0.42/100ml']",4.0,£0.42/100ml
4516,Tesco Millionaires Cheesecake 800G,https://www.tesco.com/groceries/en-GB/products/295189590,1687614692.3852339,"['£4.25', '£0.53/100g']",4.25,£0.53/100g
4517,Aunt Bessie's Bramley Apple Crumble 500G,https://www.tesco.com/groceries/en-GB/products/271262073,1687614692.455265,"['£1.90', '£0.38/100g']",1.9,£0.38/100g
4518,Cadbury Dairy Milk Caramel Ice Cream 4 X 100Ml,https://www.tesco.com/groceries/en-GB/products/268240570,1687614692.521129,"['£2.75', '£0.69/100ml']",2.75,£0.69/100ml
4519,Tesco Salted Caramel Cheesecake Ice Cream 900Ml,https://www.tesco.com/groceries/en-GB/products/308112166,1687614692.5878122,"['£2.30', '£0.26/100ml']",2.3,£0.26/100ml
4520,Youngs Salmon Fillet Dinner 380G,https://www.tesco.com/groceries/en-GB/products/266629114,1687614692.660983,"['£3.15', '£8.29/kg']",3.15,£8.29/kg
4521,Weight Watchers Chicken Lemon Risotto 320G,https://www.tesco.com/groceries/en-GB/products/297491251,1687614692.7268841,"['£2.50', '£7.81/kg']",2.5,£7.81/kg
4522,Linda Mccartney Family Pack 10 Vegetarian Sausages 450G,https://www.tesco.com/groceries/en-GB/products/312561296,1687614692.798769,"['£3.00', '£6.67/kg']",3.0,£6.67/kg
4523,Linda Mccartney Vegetarian Meatballs 399G,https://www.tesco.com/groceries/en-GB/products/310179619,1687614698.482246,"['£3.00', '£7.52/kg']",3.0,£7.52/kg
4524,Askeys Treat Toffee Sauce 325G,https://www.tesco.com/groceries/en-GB/products/251084878,1687614698.551021,"['£1.50', '£0.46/100g']",1.5,£0.46/100g
4525,Solero Red Berries Ice Cream 3 X 90Ml,https://www.tesco.com/groceries/en-GB/products/303066619,1687614698.6435242,"['£2.50', '£0.93/100ml']",2.5,£0.93/100ml
4526,Tesco Stonebaked Thin Bbq Meat Feast 340G,https://www.tesco.com/groceries/en-GB/products/285363715,1687614698.7337139,"['£1.65', '£0.48/100g']",1.65,£0.48/100g
4527,Tesco Chicken Jalfrezi With Pilau Rice 400G,https://www.tesco.com/groceries/en-GB/products/305833740,1687614698.8076181,"['£1.75', '£4.38/kg']",1.75,£4.38/kg
4528,Youngs 4 Cod Steaks In Butter Sauce 560G,https://www.tesco.com/groceries/en-GB/products/259958443,1687614698.87878,"['£6.00', '£10.71/kg']",6.0,£10.71/kg
4529,Birds Eye Original 10 Beef Burgers With Onion 567G,https://www.tesco.com/groceries/en-GB/products/300256123,1687614698.9541252,"['£5.75', '£10.14/kg']",5.75,£10.14/kg
4530,Haagen-Dazs Fruit Mini Cups Ice Cream 4X95ml,https://www.tesco.com/groceries/en-GB/products/303106061,1687614699.048898,"['£5.35', '£1.41/100ml']",5.35,£1.41/100ml
4531,Youngs Gastro 2 Lemon & Parsley Cod Fillets 270G,https://www.tesco.com/groceries/en-GB/products/306942769,1687614699.1372008,"['£4.75', '£17.59/kg']",4.75,£17.59/kg
4532,Birds Eye 6 Sweet & Sticky Bbq Chicken Chargrills 522G,https://www.tesco.com/groceries/en-GB/products/310694389,1687614699.204242,"['£5.65', '£10.82/kg']",5.65,£10.82/kg
4533,Itsu Vegetable Fusion Gyoza 270G,https://www.tesco.com/groceries/en-GB/products/312708988,1687614699.328741,"['£4.25', '£15.74/kg']",4.25,£15.74/kg
4534,E/Cmpny/Ltd 6 Mango Passion Fruit Cheesecake Bite 225G,https://www.tesco.com/groceries/en-GB/products/312360574,1687614699.419766,"['£4.30', '£1.91/100g']",4.3,£1.91/100g
4535,Pret 4 Almond Croissants 280G,https://www.tesco.com/groceries/en-GB/products/312695460,1687614699.512728,"['£3.75', '£1.34/100g']",3.75,£1.34/100g
4536,Magnum Vegan Classic Ice Cream 270Ml,https://www.tesco.com/groceries/en-GB/products/301785969,1687614699.5812,"['£3.75', '£1.39/100ml']",3.75,£1.39/100ml
4537,Chicago Town Deep Dish Vegan Bbq Chicken Pizza 2 X 155G,https://www.tesco.com/groceries/en-GB/products/313612448,1687614699.655188,"['£3.00', '£9.68/kg']",3.0,£9.68/kg
4538,Birds Eye Green Cuisine 2 Fishless Battered Fillets 240G,https://www.tesco.com/groceries/en-GB/products/311429006,1687614699.7305899,"['£3.50', '£14.58/kg']",3.5,£14.58/kg
4539,Oreo Ice Cream 480Ml,https://www.tesco.com/groceries/en-GB/products/283198009,1687614699.8194208,"['£3.50', '£0.73/100ml']",3.5,£0.73/100ml
4540,Ben & Jerry's Cookies On Cookie Dough Dairy Free Ice Cream 465Ml,https://www.tesco.com/groceries/en-GB/products/305985634,1687614699.915408,"['£5.00', '£1.08/100ml']",5.0,£1.08/100ml
4541,Cornetto Soft Strawberry Ice Cream 4Pack 560Ml,https://www.tesco.com/groceries/en-GB/products/307751770,1687614699.9803789,"['£3.50', '£0.62/100ml']",3.5,£0.62/100ml
4542,Tesco 4 Breaded Plaice Fillets 500G,https://www.tesco.com/groceries/en-GB/products/305731289,1687614700.0696309,"['£5.25', '£10.50/kg']",5.25,£10.50/kg
4543,Tesco Lemon Sorbet 500Ml,https://www.tesco.com/groceries/en-GB/products/291631516,1687614700.1358788,"['£2.50', '£0.50/100ml']",2.5,£0.50/100ml
4544,Birds Eye Traditional Beef Dinner 400G,https://www.tesco.com/groceries/en-GB/products/279249970,1687614700.200927,"['£3.00', '£7.50/kg']",3.0,£7.50/kg
4545,Linda Mccartney 6 Vegetarian Chorizo & Red Pepper Sausages 270G,https://www.tesco.com/groceries/en-GB/products/305055589,1687614700.309793,"['£2.50', '£9.26/kg']",2.5,£9.26/kg
4546,Pukka Steak Microwavable Pies 2 Pack,https://www.tesco.com/groceries/en-GB/products/313958407,1687614700.39742,"['£3.25', '£1.62/each']",3.25,£1.62/each
4547,Strong Roots Garlic Roasted Sweet Potato 500G,https://www.tesco.com/groceries/en-GB/products/296010777,1687614700.466253,"['£3.30', '£6.60/kg']",3.3,£6.60/kg
4548,Tesco 8 Mini Salted Caramel Tarts 160G,https://www.tesco.com/groceries/en-GB/products/312829666,1687614700.536789,"['£3.00', '£1.88/100g']",3.0,£1.88/100g
4549,Tesco Southern Fried Chicken Breast 650G,https://www.tesco.com/groceries/en-GB/products/310178252,1687614700.60381,"['£5.00', '£7.69/kg']",5.0,£7.69/kg
4550,Cadbury Darkmilk Ice Cream Sticks 4X90ml,https://www.tesco.com/groceries/en-GB/products/311219664,1687614700.674459,"['£3.50', '£0.97/100ml']",3.5,£0.97/100ml
4551,Swedish Glace Raspberry Soy Ice Cream 750Ml,https://www.tesco.com/groceries/en-GB/products/308470236,1687614700.766554,"['£2.50', '£0.33/100ml']",2.5,£0.33/100ml
4552,Beyond Meat Chilli & Coriander Rice 350G,https://www.tesco.com/groceries/en-GB/products/314107538,1687614700.835135,"['£3.00', '£8.57/kg']",3.0,£8.57/kg
4553,Tesco Mango Sorbet 500Ml,https://www.tesco.com/groceries/en-GB/products/286715022,1687614700.901819,"['£2.50', '£0.50/100ml']",2.5,£0.50/100ml
4554,Oreo Stick Sandwich 4X75ml,https://www.tesco.com/groceries/en-GB/products/305941871,1687614700.968363,"['£3.50', '£1.17/100ml']",3.5,£1.17/100ml
4555,Tesco Sliced Red Onions 500G,https://www.tesco.com/groceries/en-GB/products/281976296,1687614701.0566778,"['£1.30', '£2.60/kg']",1.3,£2.60/kg
4556,Beyond Meat Plant-Based Keema Curry & Rice 350G,https://www.tesco.com/groceries/en-GB/products/314115047,1687614701.122868,"['£3.00', '£8.57/kg']",3.0,£8.57/kg
4557,Tesco Plant Chef No Steak Pie 568G,https://www.tesco.com/groceries/en-GB/products/306928598,1687614701.194286,"['£2.60', '£0.46/100g']",2.6,£0.46/100g
4558,Del Monte Raspberry Iced Smoothie 3 X90ml,https://www.tesco.com/groceries/en-GB/products/258849770,1687614701.2870028,"['£2.00', '£0.74/100ml']",2.0,£0.74/100ml
4559,Beyond Meat Plant-Based Spaghetti Bolognese 350G,https://www.tesco.com/groceries/en-GB/products/313734528,1687614701.3750248,"['£3.00', '£8.57/kg']",3.0,£8.57/kg
4560,Tesco Minced Beef & Onion 750G,https://www.tesco.com/groceries/en-GB/products/309200544,1687614701.4437099,"['£4.40', '£5.87/kg']",4.4,£5.87/kg
4561,Tesco Plant Chef Breaded Nuggets 320G,https://www.tesco.com/groceries/en-GB/products/305727843,1687614701.515241,"['£2.00', '£6.25/kg']",2.0,£6.25/kg
4562,Acre Lane 2 Lamb Shanks In Mint Gravy 800G,https://www.tesco.com/groceries/en-GB/products/304799925,1687614701.617973,"['£7.25', '£9.06/kg']",7.25,£9.06/kg
4563,Shana Plain Multipack Paratha 5 Pack 1.2G,https://www.tesco.com/groceries/en-GB/products/293467212,1687614701.684814,"['£3.95', '£3.29/kg']",3.95,£3.29/kg
4564,Tesco 10 Waffle Cones,https://www.tesco.com/groceries/en-GB/products/283645915,1687614701.754091,"['£1.30', '£0.13/each']",1.3,£0.13/each
4565,Youngs Calamari 250G,https://www.tesco.com/groceries/en-GB/products/274974061,1687614701.8273091,"['£4.00', '£16.00/kg']",4.0,£16.00/kg
4566,Birdseye Lightly Dusted 2 Fish Fillets Lemon & Pepper 280G,https://www.tesco.com/groceries/en-GB/products/308093400,1687614701.9235148,"['£4.00', '£14.29/kg']",4.0,£14.29/kg
4567,Goodlife Mushroom & Spinach Kievs 2 Pack 250G,https://www.tesco.com/groceries/en-GB/products/307145439,1687614701.9984798,"['£3.20', '£12.80/kg']",3.2,£12.80/kg
4568,Birds Eye Chicken Shop Salt & Pepper Chicken Goujons 325G,https://www.tesco.com/groceries/en-GB/products/311222014,1687614702.0652921,"['£4.10', '£12.62/kg']",4.1,£12.62/kg
4569,Tesco 2 Steak & Craft Ale Pies 440G,https://www.tesco.com/groceries/en-GB/products/295543270,1687614702.154019,"['£3.65', '£0.83/100g']",3.65,£0.83/100g
4570,Chicago Town Vegan Crust Pizza Bbq Jackfruit 490G,https://www.tesco.com/groceries/en-GB/products/304392732,1687614702.222595,"['£4.00', '£0.82/100g']",4.0,£0.82/100g
4571,Chicago Town Vegan Stuffed Crust Bacn Mushroom Pizza 500G,https://www.tesco.com/groceries/en-GB/products/308114262,1687614708.869044,"['£4.00', '£0.80/100g']",4.0,£0.80/100g
4572,English Cheesecake Company Ltd 6 Cookies & Cream Cheesecake Bite 225G,https://www.tesco.com/groceries/en-GB/products/312856155,1687614708.9930549,"['£4.30', '£1.91/100g']",4.3,£1.91/100g
4573,Genius Gluten Free 2 Steak Pies 320G,https://www.tesco.com/groceries/en-GB/products/287258964,1687614709.120977,"['£3.60', '£1.12/100g']",3.6,£1.12/100g
4574,Ben & Jerry's Oh My Banoffee Pie Ice Cream 427Ml,https://www.tesco.com/groceries/en-GB/products/310184584,1687614709.22424,"['£5.40', '£1.26/100ml']",5.4,£1.26/100ml
4575,Tesco American Southern Fried Chicken Wings 1Kg,https://www.tesco.com/groceries/en-GB/products/289805988,1687614709.319647,"['£4.50', '£4.50/kg']",4.5,£4.50/kg
4576,Quorn Patties 168G,https://www.tesco.com/groceries/en-GB/products/293795249,1687614709.41253,"['£2.65', '£15.77/kg']",2.65,£15.77/kg
4577,Magnum Mini Classic & Mint Ice Cream 6X 55Ml,https://www.tesco.com/groceries/en-GB/products/299955178,1687614709.505209,"['£4.50', '£1.36/100ml']",4.5,£1.36/100ml
4578,Tesco Cooked & Peeled King Prawns 200G,https://www.tesco.com/groceries/en-GB/products/297648931,1687614709.628764,"['£3.70', '£1.85/100g']",3.7,£1.85/100g
4579,Tesco 4 Maple & Pecan Plaits 350G,https://www.tesco.com/groceries/en-GB/products/305945135,1687614709.7793999,"['£2.60', '£0.74/100g']",2.6,£0.74/100g
4580,Tesco Berry Smoothie Mix 500G,https://www.tesco.com/groceries/en-GB/products/307754409,1687614709.882456,"['£2.60', '£5.20/kg']",2.6,£5.20/kg
4581,"Goodlife Falafel Lemon, Cumin & Coriander 14 Pack 280G",https://www.tesco.com/groceries/en-GB/products/305040749,1687614710.011073,"['£2.60', '£9.29/kg']",2.6,£9.29/kg
4582,Raw Headless King Prawns 275G,https://www.tesco.com/groceries/en-GB/products/268427511,1687614710.11327,"['£4.10', '£14.91/kg']",4.1,£14.91/kg
4583,Haagen-Dazs Cookies & Cream Ice Cream 460Ml,https://www.tesco.com/groceries/en-GB/products/300111358,1687614710.219098,"['£5.15', '£1.12/100ml']",5.15,£1.12/100ml
4584,Birds Eye Green Cuisine Fishless Fingers 12 Pack 336G,https://www.tesco.com/groceries/en-GB/products/310124535,1687614710.325558,"['£3.00', '£8.93/kg']",3.0,£8.93/kg
4585,Whitby Seafoods Wholetail Gluten Free Scampi 200G,https://www.tesco.com/groceries/en-GB/products/313371755,1687614710.462548,"['£3.75', '£18.75/kg']",3.75,£18.75/kg
4586,Tesco 4 Cheese & Vegetable Pies 568G,https://www.tesco.com/groceries/en-GB/products/299390131,1687614710.5664551,"['£2.50', '£0.44/100g']",2.5,£0.44/100g
4587,Little Moons 6 Passion Fruit Mango Treats 192G,https://www.tesco.com/groceries/en-GB/products/307741269,1687614710.6634262,"['£5.00', '£2.60/100g']",5.0,£2.60/100g
4588,Quorn Vegetarian Chicken & Leek Family Pie 680G,https://www.tesco.com/groceries/en-GB/products/313952310,1687614710.7668889,"['£3.75', '£5.52/kg']",3.75,£5.52/kg
4589,Birds Eye Traditional Chicken Dinner 400G,https://www.tesco.com/groceries/en-GB/products/279250155,1687614710.8686862,"['£3.00', '£7.50/kg']",3.0,£7.50/kg
4590,Chicago Town Deep Dish Peppered Cheesesteak Pizza 2 X 160G,https://www.tesco.com/groceries/en-GB/products/312346085,1687614710.96397,"['£2.50', '£0.78/100g']",2.5,£0.78/100g
4591,Tesco Vegetable & Chicken Fajita Mix 700G,https://www.tesco.com/groceries/en-GB/products/305831287,1687614711.06263,"['£3.00', '£4.29/kg']",3.0,£4.29/kg
4592,Linda Mccartney 2 Vegetarian Chicken & Mushroom Pies 380G,https://www.tesco.com/groceries/en-GB/products/312570740,1687614711.1573288,"['£2.50', '£0.66/100g']",2.5,£0.66/100g
4593,Weight Watchers Chicken Supreme 350G,https://www.tesco.com/groceries/en-GB/products/304815527,1687614711.309577,"['£2.50', '£7.14/kg']",2.5,£7.14/kg
4594,Holland's Steak & Gravy Pies 2X220g,https://www.tesco.com/groceries/en-GB/products/311674437,1687614711.412889,"['£3.25', '£0.74/100g']",3.25,£0.74/100g
4595,Pukka 4 Sausage Rolls 360G,https://www.tesco.com/groceries/en-GB/products/312343981,1687614711.545262,"['£2.75', '£0.76/100g']",2.75,£0.76/100g
4596,Tesco Thai Green Chicken Curry 700G,https://www.tesco.com/groceries/en-GB/products/299531795,1687614711.676766,"['£3.00', '£4.29/kg']",3.0,£4.29/kg
4597,Tesco 2 Bbq Chicken Bakes 280G,https://www.tesco.com/groceries/en-GB/products/299390154,1687614711.774694,"['£1.45', '£0.52/100g']",1.45,£0.52/100g
4598,Linda Mccartney Bbq Pulled Pork Burger 227G,https://www.tesco.com/groceries/en-GB/products/291892552,1687614711.8890612,"['£2.50', '£11.01/kg']",2.5,£11.01/kg
4599,Tesco Plant Chef Sweet Potato & Chickpea Tikka Masala 400G,https://www.tesco.com/groceries/en-GB/products/305974843,1687614712.061955,"['£1.70', '£4.25/kg']",1.7,£4.25/kg
4600,Tesco Plant Chef 8 Fish Free Bites & Chips 310G,https://www.tesco.com/groceries/en-GB/products/312208635,1687614712.228956,"['£3.50', '£11.29/kg']",3.5,£11.29/kg
4601,Tesco Cooked Whole Shell Prawns 500G,https://www.tesco.com/groceries/en-GB/products/304416654,1687614712.353528,"['£4.95', '£9.90/kg']",4.95,£9.90/kg
4602,Ben & Jerry's Caramel Brownie Party Ice Cream 465Ml,https://www.tesco.com/groceries/en-GB/products/310144275,1687614712.44751,"['£5.00', '£1.08/100ml']",5.0,£1.08/100ml
4603,Haagen-Dazs Caramel Mini Cups 4 X 95Ml,https://www.tesco.com/groceries/en-GB/products/303106101,1687614712.5805922,"['£5.35', '£1.41/100ml']",5.35,£1.41/100ml
4604,Itsu Veggie Crystal Rolls 200G,https://www.tesco.com/groceries/en-GB/products/312832045,1687614712.7042718,"['£4.25', '£21.25/kg']",4.25,£21.25/kg
4605,Genius Gluten Free Chicken & Gravy Pies 320G,https://www.tesco.com/groceries/en-GB/products/285811946,1687614712.827168,"['£3.70', '£1.16/100g']",3.7,£1.16/100g
4606,Magnum Vegan Almond Ice Cream 270Ml,https://www.tesco.com/groceries/en-GB/products/301785981,1687614712.9245539,"['£3.75', '£1.39/100ml']",3.75,£1.39/100ml
4607,Zizzi Vegan Rainbow Lasagne 400G,https://www.tesco.com/groceries/en-GB/products/311957832,1687614713.022465,"['£3.50', '£8.75/kg']",3.5,£8.75/kg
4608,Itsu Veggie 6 Bao Buns 270G,https://www.tesco.com/groceries/en-GB/products/304400429,1687614713.1142972,"['£4.25', '£15.74/kg']",4.25,£15.74/kg
4609,Tesco Finest Alphonso Mango & Passion Fruit Coulis 275G,https://www.tesco.com/groceries/en-GB/products/302707768,1687614713.240414,"['£2.65', '£0.96/100g']",2.65,£0.96/100g
4610,Tesco Pork Joint With Crackling 800G,https://www.tesco.com/groceries/en-GB/products/309182529,1687614713.3897989,"['£5.80', '£7.25/kg']",5.8,£7.25/kg
4611,Tesco 2 Boneless Seabass Fillets 240G,https://www.tesco.com/groceries/en-GB/products/305529415,1687614713.485755,"['£4.00', '£16.67/kg']",4.0,£16.67/kg
4612,Carte Dor Madagascan Vanilla Cinnamon Biscuit 900Ml,https://www.tesco.com/groceries/en-GB/products/312360171,1687614713.5782468,"['£3.75', '£0.42/100ml']",3.75,£0.42/100ml
4613,Cornetto Soft Cookie & Chocolate 140Ml X 4,https://www.tesco.com/groceries/en-GB/products/310153609,1687614713.701445,"['£3.50', '£0.62/100ml']",3.5,£0.62/100ml
4614,Kirsty's Vegan Mac & Cheeze 275G,https://www.tesco.com/groceries/en-GB/products/312841944,1687614713.8232472,"['£2.80', '£10.18/kg']",2.8,£10.18/kg
4615,Tesco Finest Cornish Sea Salted Caramel Ice Cream 480Ml,https://www.tesco.com/groceries/en-GB/products/303007691,1687614713.9219751,"['£3.00', '£0.62/100ml']",3.0,£0.62/100ml
4616,Tesco Skin On Cod Fillets 540G,https://www.tesco.com/groceries/en-GB/products/306811655,1687614714.02953,"['£5.25', '£9.72/kg']",5.25,£9.72/kg
4617,Birds Eye Chicken Shop Hot & Fiery Onion Rings 450G,https://www.tesco.com/groceries/en-GB/products/309475356,1687614714.120417,"['£2.30', '£5.11/kg']",2.3,£5.11/kg
4618,Tesco Beef Brisket In Gravy 400G,https://www.tesco.com/groceries/en-GB/products/299584449,1687614714.2190342,"['£4.65', '£11.62/kg']",4.65,£11.62/kg
4619,Cadbury Caramel Ice Cream 480Ml,https://www.tesco.com/groceries/en-GB/products/305735919,1687614719.863372,"['£3.50', '£0.73/100ml']",3.5,£0.73/100ml
4620,Strong Roots Spinach Bites 308G,https://www.tesco.com/groceries/en-GB/products/307349446,1687614720.053832,"['£3.30', '£10.71/kg']",3.3,£10.71/kg
4621,This Isn't Chicken Southern Fried Tenders 240G,https://www.tesco.com/groceries/en-GB/products/314414693,1687614720.127448,"['£3.00', '£12.50/kg']",3.0,£12.50/kg
4622,Tesco Chicken & Chorizo Paella 700G,https://www.tesco.com/groceries/en-GB/products/308091581,1687614720.197524,"['£3.00', '£0.43/100g']",3.0,£0.43/100g
4623,Halo Top Gooey Brownie Stick 3X100ml,https://www.tesco.com/groceries/en-GB/products/310169770,1687614720.266321,"['£4.00', '£1.33/100ml']",4.0,£1.33/100ml
4624,Swedish Glace Chocolate Non Dairy Ice Cream 750Ml,https://www.tesco.com/groceries/en-GB/products/291844921,1687614720.335861,"['£2.50', '£0.33/100ml']",2.5,£0.33/100ml
4625,Dopsu No Beef Pieces 280G,https://www.tesco.com/groceries/en-GB/products/310093910,1687614720.406166,"['£2.40', '£8.57/kg']",2.4,£8.57/kg
4626,Birds Eye Green Cuisine 2 Chicken Free Burgers 200G,https://www.tesco.com/groceries/en-GB/products/309188448,1687614720.480482,"['£2.40', '£12.00/kg']",2.4,£12.00/kg
4627,Weight Watchers Cottage Pie 350G,https://www.tesco.com/groceries/en-GB/products/304815359,1687614720.554904,"['£2.50', '£7.14/kg']",2.5,£7.14/kg
4628,Haagen Dazs Salted Caramel Ice Cream Stick Bar 3X80ml,https://www.tesco.com/groceries/en-GB/products/305833135,1687614720.6243148,"['£4.20', '£1.75/100ml']",4.2,£1.75/100ml
4629,Askeys Treat Chocolate Chunk Crackin 225G,https://www.tesco.com/groceries/en-GB/products/251085203,1687614720.6928608,"['£1.50', '£0.67/100g']",1.5,£0.67/100g
4630,Rowntree's YO'GEES 6X55ml,https://www.tesco.com/groceries/en-GB/products/312840507,1687614720.771609,"['£2.50', '£0.76/100ml']",2.5,£0.76/100ml
4631,Tesco Calorie Controlled Lasagne 350G,https://www.tesco.com/groceries/en-GB/products/311266123,1687614720.873739,"['£1.70', '£4.86/kg']",1.7,£4.86/kg
4632,Tesco Beautifully Balanced Chicken & Sweet Potato Katsu Curry 400G,https://www.tesco.com/groceries/en-GB/products/311208815,1687614720.9444659,"['£2.30', '£5.75/kg']",2.3,£5.75/kg
4633,Birds Eye Green Cuisine Chicken Free Southern Fried Strips 210G,https://www.tesco.com/groceries/en-GB/products/310173580,1687614721.0162728,"['£3.00', '£14.29/kg']",3.0,£14.29/kg
4634,Cofresh Tandoori Garlic Naan 4 Pieces 340G,https://www.tesco.com/groceries/en-GB/products/311263915,1687614721.082761,"['£1.60', '£0.47/100g']",1.6,£0.47/100g
4635,Tesco Chicken & Prawn Noodles 700G,https://www.tesco.com/groceries/en-GB/products/299389970,1687614721.149589,"['£3.00', '£4.29/kg']",3.0,£4.29/kg
4636,Tesco Lamb Loin Chops 550G,https://www.tesco.com/groceries/en-GB/products/308110479,1687614721.216341,"['£6.80', '£12.36/kg']",6.8,£12.36/kg
4637,The Gym Kitchen Chilli Con Carne 400G,https://www.tesco.com/groceries/en-GB/products/310163592,1687614721.2823749,"['£2.50', '£6.25/kg']",2.5,£6.25/kg
4638,Tesco Plant Chef Thai Inspired Green Vegetable Curry 400G,https://www.tesco.com/groceries/en-GB/products/306503339,1687614721.353607,"['£1.70', '£4.25/kg']",1.7,£4.25/kg
4639,Birds Eye 4 Battered Haddock Fillets 440G,https://www.tesco.com/groceries/en-GB/products/303334308,1687614721.4463081,"['£6.00', '£13.64/kg']",6.0,£13.64/kg
4640,Tesco Free From Southern Fried Chicken Steaks 380G,https://www.tesco.com/groceries/en-GB/products/301795807,1687614721.5136771,"['£4.15', '£1.09/100g']",4.15,£1.09/100g
4641,Haagen-Dazs Vanilla Ice Cream Collection Mini Cups 4X95ml,https://www.tesco.com/groceries/en-GB/products/304790641,1687614721.5879831,"['£5.35', '£1.41/100ml']",5.35,£1.41/100ml
4642,Tesco Cooked Mussels 400G,https://www.tesco.com/groceries/en-GB/products/289840231,1687614721.679654,"['£3.00', '£7.50/kg']",3.0,£7.50/kg
4643,Youngs Chip Shop Lighter 2 Large Cod Fillets 220G,https://www.tesco.com/groceries/en-GB/products/305732289,1687614721.787827,"['£3.50', '£15.91/kg']",3.5,£15.91/kg
4644,Itsu Teriyaki Chicken 6 Bao Buns 270G,https://www.tesco.com/groceries/en-GB/products/305831523,1687614721.8585851,"['£4.25', '£15.74/kg']",4.25,£15.74/kg
4645,Nuii Salted Caramel Macadamia Ice Cream Sticks 3X90ml,https://www.tesco.com/groceries/en-GB/products/303004233,1687614721.952199,"['£4.00', '£1.48/100ml']",4.0,£1.48/100ml
4646,Snacksters Classic Breakfast Wrap 163G,https://www.tesco.com/groceries/en-GB/products/311671242,1687614722.043932,"['£1.65', '£10.12/kg']",1.65,£10.12/kg
4647,Magnum Mini Collection Cookie Mix 6 Pack 330Ml,https://www.tesco.com/groceries/en-GB/products/310130959,1687614722.112501,"['£4.50', '£1.36/100ml']",4.5,£1.36/100ml
4648,Beyond Meat Plant Based Sausage 4X50g,https://www.tesco.com/groceries/en-GB/products/312982990,1687614722.205943,"['£4.00', '£20.00/kg']",4.0,£20.00/kg
4649,Strong Roots The Pumpkin & Spinach Burger 300G,https://www.tesco.com/groceries/en-GB/products/307364859,1687614722.278017,"['£3.30', '£11.00/kg']",3.3,£11.00/kg
4650,Ben & Jerry's Phish Food Non Dairy Ice Cream 465Ml,https://www.tesco.com/groceries/en-GB/products/312363692,1687614722.3675451,"['£5.00', '£1.08/100ml']",5.0,£1.08/100ml
4651,Schar Gluten Free Pain Au Chocolat 4 Pack 260G,https://www.tesco.com/groceries/en-GB/products/306945168,1687614722.435085,"['£3.20', '£1.23/100g']",3.2,£1.23/100g
4652,Pukka Microwave Chicken & Bacon Pie 2 Pack,https://www.tesco.com/groceries/en-GB/products/309788850,1687614722.5028968,"['£3.25', '£1.62/each']",3.25,£1.62/each
4653,Ben & Jerry's Non Dairy Chocolate Fudge Brownie Ice Cream 465Ml,https://www.tesco.com/groceries/en-GB/products/305957392,1687614722.571987,"['£5.00', '£1.08/100ml']",5.0,£1.08/100ml
4654,Chicago Town Deep Dish Picante N'duja Pizza 2 X 153G,https://www.tesco.com/groceries/en-GB/products/312356361,1687614722.665798,"['£2.50', '£0.82/100g']",2.5,£0.82/100g
4655,Dr Oetker Ristorante Vegan Pepperoni Salami Pizza 295G,https://www.tesco.com/groceries/en-GB/products/314102780,1687614722.732727,"['£3.25', '£11.02/kg']",3.25,£11.02/kg
4656,Pukka Vegan Minced Steak & Onion 2Pack,https://www.tesco.com/groceries/en-GB/products/310150296,1687614722.842496,"['£3.25', '£1.62/each']",3.25,£1.62/each
4657,Gosh! Veggie Cocktail Sausages 304G,https://www.tesco.com/groceries/en-GB/products/313186977,1687614722.911798,"['£2.50', '£8.22/kg']",2.5,£8.22/kg
4658,Kelly's Salted Caramel 950Ml,https://www.tesco.com/groceries/en-GB/products/293795480,1687614723.0049868,"['£4.00', '£0.42/100ml']",4.0,£0.42/100ml
4659,Tesco Cherry And Chocolate Ice Cream 900Ml,https://www.tesco.com/groceries/en-GB/products/312095677,1687614723.0801249,"['£2.30', '£0.26/100ml']",2.3,£0.26/100ml
4660,Strong Roots Mixed Root Vegetable Fries 500G,https://www.tesco.com/groceries/en-GB/products/299917869,1687614723.159783,"['£3.30', '£6.60/kg']",3.3,£6.60/kg
4661,Cadbury Dairy Milk Ice Cream Tub 480Ml,https://www.tesco.com/groceries/en-GB/products/308102967,1687614723.228391,"['£3.50', '£0.73/100ml']",3.5,£0.73/100ml
4662,Acre Lane 2 Slow Cooked Duck Legs In Orange Sauce 465G,https://www.tesco.com/groceries/en-GB/products/302295925,1687614723.320395,"['£4.70', '£10.11/kg']",4.7,£10.11/kg
4663,Magnum 12 Bites Almond White Chocolate I/Cream 140Ml,https://www.tesco.com/groceries/en-GB/products/308467327,1687614723.386661,"['£3.50', '£2.50/100ml']",3.5,£2.50/100ml
4664,Nestle Extreme Salted Caramel White Chocolate 4X120ml,https://www.tesco.com/groceries/en-GB/products/299388866,1687614723.465318,"['£3.50', '£0.73/100ml']",3.5,£0.73/100ml
4665,Quorn Vegetarian Steak Strips 500G,https://www.tesco.com/groceries/en-GB/products/312985537,1687614723.561685,"['£3.00', '£6.00/kg']",3.0,£6.00/kg
4666,Tesco Beautifully Balanced Naked Burrito Bowl 400G,https://www.tesco.com/groceries/en-GB/products/311212648,1687614723.6282518,"['£2.30', '£5.75/kg']",2.3,£5.75/kg
4667,Pukka Vegan Smoky Cheddar Flavour & Onion Bakes 2 Pack 278G,https://www.tesco.com/groceries/en-GB/products/313007937,1687614729.860995,"['£2.75', '£9.89/kg']",2.75,£9.89/kg
4668,Snacksters Xl Doner Kebab 172G,https://www.tesco.com/groceries/en-GB/products/308832828,1687614729.932353,"['£1.80', '£10.46/kg']",1.8,£10.46/kg
4669,Tesco Chocolate Fudge Brownie Ice Cream 480Ml,https://www.tesco.com/groceries/en-GB/products/306954065,1687614730.003542,"['£2.40', '£0.50/100ml']",2.4,£0.50/100ml
4670,Del Monte Mango Iced Smoothie 3 X 90Ml,https://www.tesco.com/groceries/en-GB/products/258849793,1687614730.082711,"['£2.00', '£0.74/100ml']",2.0,£0.74/100ml
4671,Oumph! Plant-Based Kebab Doner Style 280G,https://www.tesco.com/groceries/en-GB/products/309742714,1687614730.1608331,"['£3.50', '£12.50/kg']",3.5,£12.50/kg
4672,Linda Mccartney Vegetarian Shredded Hoisin Duck 300G,https://www.tesco.com/groceries/en-GB/products/293587968,1687614730.227488,"['£2.50', '£8.33/kg']",2.5,£8.33/kg
4673,Linda Mccartneys Vegemince 500G,https://www.tesco.com/groceries/en-GB/products/307360875,1687614730.293526,"['£3.30', '£6.60/kg']",3.3,£6.60/kg
4674,The Gym Kitchen Beef Lasagne 400G,https://www.tesco.com/groceries/en-GB/products/310146434,1687614730.361137,"['£2.50', '£6.25/kg']",2.5,£6.25/kg
4675,Tesco Beautifully Balanced Chilli Chicken Chow Mein 400G,https://www.tesco.com/groceries/en-GB/products/311218861,1687614730.428457,"['£2.30', '£5.75/kg']",2.3,£5.75/kg
4676,Tesco Finest Whole Raw Black Tiger Prawns 300G,https://www.tesco.com/groceries/en-GB/products/312110502,1687614730.49591,"['£8.70', '£29.00/kg']",8.7,£29.00/kg
4677,Mr Prawn Cooked & Peeled Prawns 100/150 350G,https://www.tesco.com/groceries/en-GB/products/280379486,1687614730.595513,"['£4.70', '£1.34/100g']",4.7,£1.34/100g
4678,Ben & Jerry's Baked Alaska Vanilla Ice Cream 465Ml,https://www.tesco.com/groceries/en-GB/products/305949505,1687614730.665801,"['£5.00', '£1.08/100ml']",5.0,£1.08/100ml
4679,Tesco Hake Fillets 500G,https://www.tesco.com/groceries/en-GB/products/284754560,1687614730.763235,"['£4.00', '£8.00/kg']",4.0,£8.00/kg
4680,Lotus Biscoff Mini Ice Cream Sticks 6X60ml,https://www.tesco.com/groceries/en-GB/products/308461610,1687614730.833215,"['£4.50', '£1.25/100ml']",4.5,£1.25/100ml
4681,Linda Mccartney 6 Vegetarian Sausage Rolls 342G,https://www.tesco.com/groceries/en-GB/products/264259612,1687614730.901429,"['£2.50', '£7.31/kg']",2.5,£7.31/kg
4682,Itsu Teriyaki Chick'n Vegan Gyoza 240G,https://www.tesco.com/groceries/en-GB/products/307349671,1687614730.978569,"['£4.25', '£17.71/kg']",4.25,£17.71/kg
4683,Tesco Raw Squid Rings 300G,https://www.tesco.com/groceries/en-GB/products/290017969,1687614731.0705678,"['£5.10', '£17.00/kg']",5.1,£17.00/kg
4684,Quorn Vegetarian Beef Roast 400G,https://www.tesco.com/groceries/en-GB/products/310164654,1687614731.139123,"['£3.75', '£9.38/kg']",3.75,£9.38/kg
4685,Magnum Vegan Sea Salt Caramel Ice Cream 3 X 90Ml,https://www.tesco.com/groceries/en-GB/products/307754070,1687614731.208162,"['£3.75', '£1.39/100ml']",3.75,£1.39/100ml
4686,Ben & Jerry's Sundae Hazel -Nuttin But Chocolate 427Ml,https://www.tesco.com/groceries/en-GB/products/310182237,1687614731.275389,"['£5.40', '£1.26/100ml']",5.4,£1.26/100ml
4687,Zizzi Vegan Jackfruit Pepperoni Pizza 400G,https://www.tesco.com/groceries/en-GB/products/311427786,1687614731.343646,"['£4.00', '£1.00/100g']",4.0,£1.00/100g
4688,Wicked Kitchen Mint Chocolate Chip Ice Dream Treat 500Ml,https://www.tesco.com/groceries/en-GB/products/307133868,1687614731.4103098,"['£3.00', '£0.60/100ml']",3.0,£0.60/100ml
4689,Strong Roots Crispy Veg. Nuggets 300G,https://www.tesco.com/groceries/en-GB/products/311265723,1687614731.482039,"['£3.30', '£11.00/kg']",3.3,£11.00/kg
4690,Pukka Beef & Vegetable Puff Pastry Pies 4 Pack,https://www.tesco.com/groceries/en-GB/products/311216644,1687614731.6101189,"['£3.50', '£0.88/each']",3.5,£0.88/each
4691,Birds Eye Fish Nuggets 490G,https://www.tesco.com/groceries/en-GB/products/302277878,1687614731.699209,"['£3.80', '£7.76/kg']",3.8,£7.76/kg
4692,Cornetto Vanilla Gluten Free Soy Ice Cream Cone 4X90ml,https://www.tesco.com/groceries/en-GB/products/299947597,1687614731.768665,"['£3.50', '£0.97/100ml']",3.5,£0.97/100ml
4693,Schar Gluten Free Mini Calzone Bites 250G,https://www.tesco.com/groceries/en-GB/products/314307146,1687614731.8425112,"['£3.50', '£14.00/kg']",3.5,£14.00/kg
4694,Zizzi Chorizo Carbonara 400G,https://www.tesco.com/groceries/en-GB/products/311219791,1687614731.9111621,"['£3.75', '£9.38/kg']",3.75,£9.38/kg
4695,Whitby Seafoods Gluten Free Cod Goujons 225G,https://www.tesco.com/groceries/en-GB/products/313378537,1687614731.9794612,"['£3.20', '£14.22/kg']",3.2,£14.22/kg
4696,Zizzi Casareccia Pollo Piccante 375G,https://www.tesco.com/groceries/en-GB/products/311446247,1687614732.0462441,"['£3.75', '£10.00/kg']",3.75,£10.00/kg
4697,Chicago Town Crispy Thin Loaded Cheese Pizza 439G,https://www.tesco.com/groceries/en-GB/products/312831259,1687614732.120554,"['£4.00', '£0.91/100g']",4.0,£0.91/100g
4698,Quorn Uniquorns 240G,https://www.tesco.com/groceries/en-GB/products/312349992,1687614732.187329,"['£2.65', '£11.04/kg']",2.65,£11.04/kg
4699,Zizzi Beef Lasagne 400G,https://www.tesco.com/groceries/en-GB/products/311212850,1687614732.253613,"['£3.75', '£9.38/kg']",3.75,£9.38/kg
4700,Cadbury Boost Ice Cream Sticks 4X90ml,https://www.tesco.com/groceries/en-GB/products/307760429,1687614732.320802,"['£3.50', '£0.97/100ml']",3.5,£0.97/100ml
4701,Halo Top Sea Salt Caramel Sticks 3 X 100Ml,https://www.tesco.com/groceries/en-GB/products/303105966,1687614732.4156811,"['£4.00', '£1.33/100ml']",4.0,£1.33/100ml
4702,Halo Top Peanut Butter Swirl Sticks 3 X 100Ml,https://www.tesco.com/groceries/en-GB/products/303105989,1687614732.504763,"['£4.00', '£1.33/100ml']",4.0,£1.33/100ml
4703,Linda Mccartney 2 Vegetarian Quarter Pounder Burgers 227G,https://www.tesco.com/groceries/en-GB/products/273128190,1687614732.582731,"['£2.50', '£11.01/kg']",2.5,£11.01/kg
4704,Snacksters The Quarter Pound Cheese Burger 176G,https://www.tesco.com/groceries/en-GB/products/311253680,1687614732.7031329,"['£1.80', '£10.23/kg']",1.8,£10.23/kg
4705,Holland's Chicken & Gravy Pies 2X220g,https://www.tesco.com/groceries/en-GB/products/310845125,1687614732.779666,"['£3.25', '£0.74/100g']",3.25,£0.74/100g
4706,Tesco Finest Pink Lemonade Lollies 4X73ml,https://www.tesco.com/groceries/en-GB/products/310116614,1687614732.8849778,"['£2.50', '£0.86/100ml']",2.5,£0.86/100ml
4707,Askeys Cup Cornets 21'S,https://www.tesco.com/groceries/en-GB/products/259834797,1687614732.958935,"['£1.70', '£0.08/each']",1.7,£0.08/each
4708,Snacksters Chipotle Chicken Burrito 210G,https://www.tesco.com/groceries/en-GB/products/311671576,1687614733.0461261,"['£1.70', '£8.10/kg']",1.7,£8.10/kg
4709,Tesco Free From 8 Thick Pork Sausages 454G,https://www.tesco.com/groceries/en-GB/products/267244423,1687614733.1178648,"['£2.25', '£4.96/kg']",2.25,£4.96/kg
4710,Snacksters Big Stack Burger 204G,https://www.tesco.com/groceries/en-GB/products/308449919,1687614733.1977558,"['£1.79', '£8.78/kg']",1.79,£8.78/kg
4711,The Gym Kitchen Bbq Chicken & Bulgur Wheat 400G,https://www.tesco.com/groceries/en-GB/products/311205260,1687614733.271353,"['£2.50', '£6.25/kg']",2.5,£6.25/kg
4712,Tesco Caramel Biscuit Gateau Bar 400G,https://www.tesco.com/groceries/en-GB/products/304399460,1687614733.366457,"['£2.45', '£0.61/100g']",2.45,£0.61/100g
4713,Tesco Piri Piri Chicken With Spicy Rice 400G,https://www.tesco.com/groceries/en-GB/products/305828787,1687614733.65803,"['£1.75', '£4.38/kg']",1.75,£4.38/kg
4714,Tesco Chicken Vindaloo With Pilau Rice 400G,https://www.tesco.com/groceries/en-GB/products/305833832,1687614733.728988,"['£1.75', '£4.38/kg']",1.75,£4.38/kg
4715,Halo Top Peanut Butter Cup Ice Cream 473Ml,https://www.tesco.com/groceries/en-GB/products/299443330,1687614739.990975,"['£5.25', '£1.11/100ml']",5.25,£1.11/100ml
4716,Halo Top Chocolate Chip Cookie Dough Ice Cream 473Ml,https://www.tesco.com/groceries/en-GB/products/299443290,1687614740.089986,"['£5.25', '£1.11/100ml']",5.25,£1.11/100ml
4717,Nuii Dark Chocolate & Berry Ice Cream Sticks 3X90ml,https://www.tesco.com/groceries/en-GB/products/303004256,1687614740.184671,"['£4.00', '£1.48/100ml']",4.0,£1.48/100ml
4718,Youngs Gastro Cod Parmesan Parsley 2 F/Cakes 270G,https://www.tesco.com/groceries/en-GB/products/312714076,1687614740.284555,"['£3.95', '£14.63/kg']",3.95,£14.63/kg
4719,Nuii New York Cookies & Cream Ice Cream 3X90ml,https://www.tesco.com/groceries/en-GB/products/311266209,1687614740.3593001,"['£4.00', '£1.48/100ml']",4.0,£1.48/100ml
4720,Vfc Original Recipe Vegan Crispy Popcorn Chicken 220G,https://www.tesco.com/groceries/en-GB/products/312584689,1687614740.45278,"['£3.00', '£13.64/kg']",3.0,£13.64/kg
4721,Vfc 2 Original Recipe Vegan Crispy Chicken Fillets 190G,https://www.tesco.com/groceries/en-GB/products/312992373,1687614740.520994,"['£3.00', '£15.79/kg']",3.0,£15.79/kg
4722,Haagen-Dazs Caramel Swirl Gelato 4X95ml,https://www.tesco.com/groceries/en-GB/products/303066907,1687614740.588972,"['£5.35', '£1.41/100ml']",5.35,£1.41/100ml
4723,Haagen Dazs Creamy Fudge Brownie Mini Gelato 4X95ml,https://www.tesco.com/groceries/en-GB/products/310683811,1687614740.687618,"['£5.35', '£1.41/100ml']",5.35,£1.41/100ml
4724,Mighty Salted Caramel Brownie Plant-Based Ice Cream 460Ml,https://www.tesco.com/groceries/en-GB/products/312558646,1687614740.758327,"['£4.50', '£0.98/100ml']",4.5,£0.98/100ml
4725,Kirsty's Chinese Style Vegetables 300G,https://www.tesco.com/groceries/en-GB/products/312986254,1687614740.859128,"['£2.80', '£9.33/kg']",2.8,£9.33/kg
4726,Little Moons Golden Blond Chocolate Ice Cream 6X32g,https://www.tesco.com/groceries/en-GB/products/312213527,1687614740.928745,"['£5.00', '£2.60/100g']",5.0,£2.60/100g
4727,Oppo Double Chocolate Brownie Ice Cream 475Ml,https://www.tesco.com/groceries/en-GB/products/311688522,1687614740.999804,"['£5.00', '£1.05/100ml']",5.0,£1.05/100ml
4728,Ben & Jerry's Netflix & Chilll'd Peanut Butter Non Dairy 465Ml,https://www.tesco.com/groceries/en-GB/products/310113836,1687614741.069858,"['£5.00', '£1.08/100ml']",5.0,£1.08/100ml
4729,Zizzi Rigatoni Della Casa 400G,https://www.tesco.com/groceries/en-GB/products/311223186,1687614741.141631,"['£3.75', '£9.38/kg']",3.75,£9.38/kg
4730,Chicago Town Crispy Thin Sausage & Pepperoni Pizza 431G,https://www.tesco.com/groceries/en-GB/products/312586140,1687614741.210025,"['£4.00', '£0.93/100g']",4.0,£0.93/100g
4731,Jude's Plant-Based Salted Caramel & Chocolate Ice Cream 4X85ml,https://www.tesco.com/groceries/en-GB/products/312101703,1687614741.278239,"['£4.80', '£1.41/100ml']",4.8,£1.41/100ml
4732,Toblerone Chocolate Cheesecake 430G,https://www.tesco.com/groceries/en-GB/products/306499367,1687614741.373236,"['£3.60', '£0.84/100g']",3.6,£0.84/100g
4733,Acre Lane Kitchen Sweet & Sticky Bbq Pork Ribs 450G,https://www.tesco.com/groceries/en-GB/products/313170843,1687614741.44158,"['£3.60', '£8.00/kg']",3.6,£8.00/kg
4734,Extreme Raspberry With Cream 250Ml,https://www.tesco.com/groceries/en-GB/products/309160020,1687614741.508811,"['£3.50', '£0.73/100ml']",3.5,£0.73/100ml
4735,Nestle Carnation Original Drizzle 450G,https://www.tesco.com/groceries/en-GB/products/306405480,1687614741.600209,"['£2.70', '£0.60/100g']",2.7,£0.60/100g
4736,Quorn Takeaway 2 Spicy Buffalo Fillets 200G,https://www.tesco.com/groceries/en-GB/products/312990559,1687614741.672179,"['£3.00', '£15.00/kg']",3.0,£15.00/kg
4737,Quorn Takeaway Sticky Bbq Wings 263G,https://www.tesco.com/groceries/en-GB/products/311428641,1687614741.743979,"['£3.00', '£11.41/kg']",3.0,£11.41/kg
4738,Carousel Oyster Delights 6S,https://www.tesco.com/groceries/en-GB/products/282011636,1687614741.815626,"['£2.00', '£0.33/each']",2.0,£0.33/each
4739,Snacksters Double Sausage Stack 195G,https://www.tesco.com/groceries/en-GB/products/308831841,1687614741.8908439,"['£1.79', '£9.18/kg']",1.79,£9.18/kg
4740,Snacksters Deli Cheese & Ham Panini 180G,https://www.tesco.com/groceries/en-GB/products/311679153,1687614741.9619389,"['£1.70', '£9.44/kg']",1.7,£9.44/kg
4741,Joseph Joseph Easy Release Ice Cube Tray,https://www.tesco.com/groceries/en-GB/products/312580313,1687614742.030134,"['£10.00', '£10.00/each']",10.0,£10.00/each
4742,Core Kitchen Ice Lolly Moulds 4 Piece,https://www.tesco.com/groceries/en-GB/products/313516689,1687614742.099144,"['£7.00', '£1.75/each']",7.0,£1.75/each
4743,Ben And Jerry's Netflix & Chilld Ice Cream 465Ml,https://www.tesco.com/groceries/en-GB/products/305519312,1687614742.170505,"['£5.00', '£1.08/100ml']",5.0,£1.08/100ml
4744,English Cheesecake Company Ltd Cheesecake Chocolate Fudge & Cookie Dough390g,https://www.tesco.com/groceries/en-GB/products/312222257,1687614742.264725,"['£4.85', '£1.24/100g']",4.85,£1.24/100g
4745,English Cheesecake Company Ltd Strawberry & Cream Frozen Cheesecake 350G,https://www.tesco.com/groceries/en-GB/products/312577370,1687614742.332486,"['£4.85', '£1.39/100g']",4.85,£1.39/100g
4746,Ben & Jerry's Sundae Berry Revolutionary Non Dairy 427Ml,https://www.tesco.com/groceries/en-GB/products/310699240,1687614742.405348,"['£4.75', '£1.11/100ml']",4.75,£1.11/100ml
4747,Haagen Dazs Gelato Creamy Fudge Brownie Ice Cream 460Ml,https://www.tesco.com/groceries/en-GB/products/310696208,1687614742.472522,"['£5.10', '£1.11/100ml']",5.1,£1.11/100ml
4748,Lotus Biscoff White Chocolate Ice Cream Sticks 3X90ml,https://www.tesco.com/groceries/en-GB/products/308088891,1687614742.5627441,"['£4.50', '£1.67/100ml']",4.5,£1.67/100ml
4749,Pret Berries & Cherries Smoothie Mix 400G,https://www.tesco.com/groceries/en-GB/products/312581208,1687614742.652417,"['£3.50', '£8.75/kg']",3.5,£8.75/kg
4750,Halo Top Strawberry Cheesecake Ice Cream 473Ml,https://www.tesco.com/groceries/en-GB/products/304780329,1687614742.750859,"['£5.25', '£1.11/100ml']",5.25,£1.11/100ml
4751,Halo Top Cookies & Cream Ice Cream 473Ml,https://www.tesco.com/groceries/en-GB/products/310111850,1687614742.842027,"['£5.25', '£1.11/100ml']",5.25,£1.11/100ml
4752,Acre Lane Kitchen 2 Gammon Shanks Honey Mustard Sauce 500G,https://www.tesco.com/groceries/en-GB/products/312990006,1687614742.9326851,"['£4.50', '£9.00/kg']",4.5,£9.00/kg
4753,Doughlicious Dough.Chi Strawberry Eton Mess 6 Pieces 204G,https://www.tesco.com/groceries/en-GB/products/312840945,1687614742.9996579,"['£4.50', '£2.21/100g']",4.5,£2.21/100g
4754,Doughlicious Dough.Chi Chocolate Chip 6 Pieces 204G,https://www.tesco.com/groceries/en-GB/products/312559138,1687614743.104584,"['£4.50', '£2.21/100g']",4.5,£2.21/100g
4755,Doughlicious Dough.Chi Chocolate Truffle Dessert 6X34g,https://www.tesco.com/groceries/en-GB/products/312560084,1687614743.214017,"['£4.50', '£2.21/100g']",4.5,£2.21/100g
4756,Haagen Dazs Caramel Swirl Gelato 460Ml,https://www.tesco.com/groceries/en-GB/products/310173113,1687614743.306377,"['£5.10', '£1.11/100ml']",5.1,£1.11/100ml
4757,Soupologie Pea & Leek Souper Cubes Soup 6X150g,https://www.tesco.com/groceries/en-GB/products/311436412,1687614743.4012978,"['£3.50', '£3.89/kg']",3.5,£3.89/kg
4758,Oppo Brothers 12 Salted Caramel Ice Cream Balls 168Ml,https://www.tesco.com/groceries/en-GB/products/311250357,1687614743.46786,"['£5.00', '£2.98/100ml']",5.0,£2.98/100ml
4759,Doughlicious Ready To Bake Salted Caramel & Dark Chocolate Cookies 204G,https://www.tesco.com/groceries/en-GB/products/312585400,1687614743.563257,"['£3.00', '£1.47/100g']",3.0,£1.47/100g
4760,Lewis Capaldi Big Sexy Cheesy One Pizza 450G,https://www.tesco.com/groceries/en-GB/products/312701673,1687614743.631447,"['£4.00', '£0.89/100g']",4.0,£0.89/100g
4761,Itsu Umami Meatballs & Hoisin Glaze 261G,https://www.tesco.com/groceries/en-GB/products/312208226,1687614743.699017,"['£4.25', '£4.25/each']",4.25,£4.25/each
4762,Kirsty's Luxury Carrot Cake 180G,https://www.tesco.com/groceries/en-GB/products/310119571,1687614743.792453,"['£3.30', '£18.33/kg']",3.3,£18.33/kg
4763,Coconut Collaborative Chocolate Caramel Sticks 3X85ml,https://www.tesco.com/groceries/en-GB/products/312583448,1687614749.6784031,"['£3.50', '£1.37/100ml']",3.5,£1.37/100ml
4764,The Coconut Collaborative Chocolate Dipped Vanilla Sticks 3X85ml,https://www.tesco.com/groceries/en-GB/products/312841783,1687614749.779457,"['£3.50', '£1.37/100ml']",3.5,£1.37/100ml
4765,Mighty Double Choc Pretzel Plant-Based Ice Cream 460Ml,https://www.tesco.com/groceries/en-GB/products/312716736,1687614749.874814,"['£4.50', '£0.98/100ml']",4.5,£0.98/100ml
4766,Doughlicious Ready To Bake Chocolate Chip Cookies 6 Pieces 204G,https://www.tesco.com/groceries/en-GB/products/312720742,1687614749.9721742,"['£3.00', '£1.47/100g']",3.0,£1.47/100g
4767,Oppo Chocolate Chip Cookie Dough Ice Cream 475Ml,https://www.tesco.com/groceries/en-GB/products/312558174,1687614750.0478988,"['£5.00', '£1.05/100ml']",5.0,£1.05/100ml
4768,Gosh! Sweet Potato Bites 308G,https://www.tesco.com/groceries/en-GB/products/313011877,1687614750.201149,"['£2.50', '£8.12/kg']",2.5,£8.12/kg
4769,Oppo Double Salted Caramel Swirl Ice Cream 475Ml,https://www.tesco.com/groceries/en-GB/products/311798213,1687614750.299136,"['£5.00', '£1.05/100ml']",5.0,£1.05/100ml
4770,Soupologie Carrot & Turmeric Souper Cubes Soup 6X150g,https://www.tesco.com/groceries/en-GB/products/311808537,1687614750.3720388,"['£3.50', '£3.89/kg']",3.5,£3.89/kg
4771,Snickers Dessert Sauce 270G,https://www.tesco.com/groceries/en-GB/products/311936287,1687614750.4705548,"['£2.10', '£0.78/100g']",2.1,£0.78/100g
4772,Halo Top Plant Based Fudge Brwnie Vanilla Ice Cream 473Ml,https://www.tesco.com/groceries/en-GB/products/312856077,1687614750.537936,"['£5.00', '£1.06/100ml']",5.0,£1.06/100ml
4773,Halo Top Plant Based Triple Chocolate Cake Ice Cream 473Ml,https://www.tesco.com/groceries/en-GB/products/312578069,1687614750.6293151,"['£5.00', '£1.06/100ml']",5.0,£1.06/100ml
4774,Halo Top Plant-Based Salted Caramel Pecan Ice Cream 473Ml,https://www.tesco.com/groceries/en-GB/products/312838816,1687614750.721832,"['£5.00', '£1.06/100ml']",5.0,£1.06/100ml
4775,Fry's Plant-Based Popcorn Chick'n 300G,https://www.tesco.com/groceries/en-GB/products/311788571,1687614750.816703,"['£3.00', '£10.00/kg']",3.0,£10.00/kg
4776,Jude's Plant-Based Salted Caramel Ice Cream 3X80ml,https://www.tesco.com/groceries/en-GB/products/312842799,1687614750.9086661,"['£3.95', '£1.65/100ml']",3.95,£1.65/100ml
4777,Pukka 2 Sausage & Bean Bakes 306G,https://www.tesco.com/groceries/en-GB/products/312567883,1687614750.998973,"['£2.75', '£0.90/100g']",2.75,£0.90/100g
4778,Wicked Kitchen Chocolate & Almond Sticks 3X100ml,https://www.tesco.com/groceries/en-GB/products/308082119,1687614751.0699341,"['£3.00', '£1.00/100ml']",3.0,£1.00/100ml
4779,The Gym Kitchen Tandoori Chicken Pizza 230G,https://www.tesco.com/groceries/en-GB/products/311206852,1687614751.137429,"['£2.90', '£1.26/100g']",2.9,£1.26/100g
4780,Wicked Kitchen Birthday Cake Ice Dream Treat 500Ml,https://www.tesco.com/groceries/en-GB/products/308103769,1687614751.205012,"['£3.00', '£0.60/100ml']",3.0,£0.60/100ml
4781,Wicked Kitchen Berry White Sticks 3X100ml,https://www.tesco.com/groceries/en-GB/products/308090017,1687614751.280892,"['£3.00', '£1.00/100ml']",3.0,£1.00/100ml
4782,"Tesco Burgers, Sausages & Drumsticks 1.8Kg",https://www.tesco.com/groceries/en-GB/products/313388989,1687614751.3476748,"['£6.00', '£3.33/kg']",6.0,£3.33/kg
4783,Almondy Daim Chocolate Cake 400G,https://www.tesco.com/groceries/en-GB/products/262780947,1687614751.452831,"['£4.00', '£1.00/100g']",4.0,£1.00/100g
4784,Tesco Fire Pit 4 Spicy Beef Kofta Kebabs 240G,https://www.tesco.com/groceries/en-GB/products/310118140,1687614751.520622,"['£3.50', '£14.58/kg']",3.5,£14.58/kg
4785,Tesco Raw Chilli & Lime Marinated King Prawns 200G,https://www.tesco.com/groceries/en-GB/products/309182846,1687614751.6132522,"['£3.50', '£17.50/kg']",3.5,£17.50/kg
4786,Ben & Jerry's Lighten Up Chocolate Cookie Dough 465Ml,https://www.tesco.com/groceries/en-GB/products/313613127,1687614751.679879,"['£5.00', '£1.08/100ml']",5.0,£1.08/100ml
4787,Walls Magnum Mint 100Ml,https://www.tesco.com/groceries/en-GB/products/298961575,1687614751.752702,"['£2.00', '£2.00/100ml']",2.0,£2.00/100ml
4788,Magnum Double Gold Caramel Billionaire 85Ml,https://www.tesco.com/groceries/en-GB/products/308088089,1687614751.822835,"['£2.30', '£2.71/100ml']",2.3,£2.71/100ml
4789,Tesco Cooked Sliced Chicken 340G,https://www.tesco.com/groceries/en-GB/products/290883893,1687614751.890142,"['£2.65', '£0.78/100g']",2.65,£0.78/100g
4790,Tesco Fire Pit Chinese Style Pork Loin Steaks 400G,https://www.tesco.com/groceries/en-GB/products/310137595,1687614751.958703,"['£3.50', '£8.75/kg']",3.5,£8.75/kg
4791,Tesco Fire Pit Spiced Maple Pork Belly 300G,https://www.tesco.com/groceries/en-GB/products/309461672,1687614752.049068,"['£3.50', '£11.67/kg']",3.5,£11.67/kg
4792,Viennetta Birthday Cake 650Ml,https://www.tesco.com/groceries/en-GB/products/310657780,1687614752.1457322,"['£2.00', '£0.31/100ml']",2.0,£0.31/100ml
4793,The Gym Kitchen Mighty Meat Pizza 230G,https://www.tesco.com/groceries/en-GB/products/311270388,1687614752.2140741,"['£2.90', '£1.26/100g']",2.9,£1.26/100g
4794,Tesco Plant Chef 2 Meat-Free No-Ckn Garlic Kievs 280G,https://www.tesco.com/groceries/en-GB/products/313167220,1687614752.282474,"['£2.30', '£8.21/kg']",2.3,£8.21/kg
4795,Tesco Hot Chocolate Fudge Cake 450G,https://www.tesco.com/groceries/en-GB/products/259300185,1687614752.400361,"['£1.85', '£0.41/100g']",1.85,£0.41/100g
4796,Ben & Jerrys Cookies & Brownies Ice Cream 4X100ml,https://www.tesco.com/groceries/en-GB/products/313516793,1687614752.474751,"['£5.35', '£1.34/100ml']",5.35,£1.34/100ml
4797,Ben & Jerry's Cookie Dulce Dough Ice Cream 4 X 100Ml,https://www.tesco.com/groceries/en-GB/products/313623147,1687614752.545501,"['£5.35', '£1.34/100ml']",5.35,£1.34/100ml
4798,Oppo Salted Caramel Biscuit Crunch Ice Cream Sticks 3 X 80Ml,https://www.tesco.com/groceries/en-GB/products/313744205,1687614752.611913,"['£4.80', '£2.00/100ml']",4.8,£2.00/100ml
4799,Ferrero Rocher Classic Ice Cream Sticks 4 X 70Ml,https://www.tesco.com/groceries/en-GB/products/312828235,1687614752.701706,"['£5.00', '£1.79/100ml']",5.0,£1.79/100ml
4800,Little Moons Mochi Sorbet Very Berry 6X32g,https://www.tesco.com/groceries/en-GB/products/312846455,1687614752.798133,"['£5.00', '£2.60/100g']",5.0,£2.60/100g
4801,Little Moons Mochi Sorbet Pineapple 6X32g,https://www.tesco.com/groceries/en-GB/products/313522111,1687614752.8718379,"['£5.00', '£2.60/100g']",5.0,£2.60/100g
4802,Ferrero Rocher Dark Ice Cream Sticks 4 X 70Ml,https://www.tesco.com/groceries/en-GB/products/313506747,1687614752.9389172,"['£5.00', '£1.79/100ml']",5.0,£1.79/100ml
4803,Ben & Jerry's Sundae Choco Lotto Cheesecake Ice Cream 427Ml,https://www.tesco.com/groceries/en-GB/products/313381484,1687614753.030472,"['£5.40', '£1.26/100ml']",5.4,£1.26/100ml
4804,Lotus Biscoff White Mini Ice Cream Sticks 6 X 60Ml,https://www.tesco.com/groceries/en-GB/products/313953349,1687614753.099565,"['£4.50', '£1.25/100ml']",4.5,£1.25/100ml
4805,Ben & Jerry's Light Vanilla Fudge Brownie 465Ml,https://www.tesco.com/groceries/en-GB/products/313518140,1687614753.232633,"['£5.00', '£1.08/100ml']",5.0,£1.08/100ml
4806,Haagen Dazs Macaron Double Chocolate Ice Cream 420Ml,https://www.tesco.com/groceries/en-GB/products/313517095,1687614753.312345,"['£5.15', '£1.23/100ml']",5.15,£1.23/100ml
4807,Haagen Dazs Macaron Strawberry Raspberry Ice Cream 420Ml,https://www.tesco.com/groceries/en-GB/products/313744551,1687614753.383005,"['£5.15', '£1.23/100ml']",5.15,£1.23/100ml
4808,Haagen Dazs Gelato Chocolate Drizzle Ice Cream 460Ml,https://www.tesco.com/groceries/en-GB/products/312703705,1687614753.454467,"['£5.10', '£1.11/100ml']",5.1,£1.11/100ml
4809,Cadbury Caramilk Ice Cream 480Ml,https://www.tesco.com/groceries/en-GB/products/313735723,1687614753.57214,"['£3.50', '£0.73/100ml']",3.5,£0.73/100ml
4810,Diggers Salt Ch C Shredded Chicken 320G,https://www.tesco.com/groceries/en-GB/products/302087803,1687614753.7519848,"['£3.00', '£9.38/kg']",3.0,£9.38/kg
4811,Tesco Finest Belgian Chocolate Ice Cream 480Ml,https://www.tesco.com/groceries/en-GB/products/313843284,1687614760.073796,"['£3.00', '£0.62/100ml']",3.0,£0.62/100ml
4812,Tesco Southern Fried Chicken Breast Strips 400G,https://www.tesco.com/groceries/en-GB/products/313511579,1687614760.1469681,"['£3.75', '£9.38/kg']",3.75,£9.38/kg
4813,Cadbury Caramilk Ice Cream Sticks 4 X 90Ml,https://www.tesco.com/groceries/en-GB/products/313173195,1687614760.21758,"['£3.50', '£0.97/100ml']",3.5,£0.97/100ml
4814,Jahan Frozen Hot & Spicy Chicken Strips 500G,https://www.tesco.com/groceries/en-GB/products/310689177,1687614760.317471,"['£3.10', '£6.20/kg']",3.1,£6.20/kg
4815,Mini Milk Ice Cream Lollies 10 X 35Ml,https://www.tesco.com/groceries/en-GB/products/313743212,1687614760.390686,"['£2.40', '£0.69/100ml']",2.4,£0.69/100ml
4816,Rowntree's Fruit Twisties Ice Lollies 4X70ml,https://www.tesco.com/groceries/en-GB/products/313757265,1687614760.48293,"['£2.50', '£0.89/100ml']",2.5,£0.89/100ml
4818,Twister 6 Mini Pineapple I/Cream Lollies 300Ml,https://www.tesco.com/groceries/en-GB/products/313376986,1687614760.683636,"['£2.40', '£0.80/100ml']",2.4,£0.80/100ml
4819,Oreo Ice Cream Cones 4 Pack 400Ml,https://www.tesco.com/groceries/en-GB/products/313738501,1687614760.77494,"['£3.25', '£0.81/100ml']",3.25,£0.81/100ml
4820,Swizzels Refreshers Lemon Lollies 4X65ml,https://www.tesco.com/groceries/en-GB/products/313743402,1687614760.848323,"['£2.50', '£0.96/100ml']",2.5,£0.96/100ml
4821,Twister Peek Peek A Blue Ice Lollies 4X70ml,https://www.tesco.com/groceries/en-GB/products/313742173,1687614760.943846,"['£2.40', '£0.86/100ml']",2.4,£0.86/100ml
4822,Twister 4 Fruit Zingerrr I/Cream Lollies 280Ml,https://www.tesco.com/groceries/en-GB/products/313624048,1687614761.03504,"['£2.40', '£0.86/100ml']",2.4,£0.86/100ml
4823,Calippo 5 Mini Orange Lemon Lime Lollies 400Ml,https://www.tesco.com/groceries/en-GB/products/313748633,1687614761.127031,"['£2.40', '£0.60/100ml']",2.4,£0.60/100ml
4824,Swizzels Love Hearts Lollies 4X65ml,https://www.tesco.com/groceries/en-GB/products/300327719,1687614761.2228851,"['£2.50', '£9.62/100ml']",2.5,£9.62/100ml
4825,Calippo Cola Ice Lollies 5 X 80Ml,https://www.tesco.com/groceries/en-GB/products/313607639,1687614761.31528,"['£2.40', '£0.60/100ml']",2.4,£0.60/100ml
4826,Tesco Plant Chef 4 Meat-Free Hot Dogs 280G,https://www.tesco.com/groceries/en-GB/products/311679017,1687614761.4069,"['£1.75', '£7.29/kg']",1.75,£7.29/kg
4827,Tesco Finest Roasted Pistachio Ice Cream 480Ml,https://www.tesco.com/groceries/en-GB/products/313512739,1687614761.496364,"['£3.00', '£0.62/100ml']",3.0,£0.62/100ml
4828,Cadbury Chocolate Top Ice Cream Cones 4 X 100Ml,https://www.tesco.com/groceries/en-GB/products/313836713,1687614761.564178,"['£3.25', '£0.81/100ml']",3.25,£0.81/100ml
4829,Ferrero Raffaello Ice Cream Sticks 4 X 70Ml,https://www.tesco.com/groceries/en-GB/products/313515644,1687614761.634743,"['£5.00', '£1.79/100ml']",5.0,£1.79/100ml
4830,Magnum White Chocolate Mango & Coconut Ice Cream 3X85ml,https://www.tesco.com/groceries/en-GB/products/313606462,1687614761.729606,"['£4.00', '£1.57/100ml']",4.0,£1.57/100ml
4831,Magnum Double Choc Caramel Popcorn Ice Cream 3X85ml,https://www.tesco.com/groceries/en-GB/products/313383096,1687614761.8027709,"['£4.00', '£1.57/100ml']",4.0,£1.57/100ml
4832,Tesco Strawberries & Blueberries 400G,https://www.tesco.com/groceries/en-GB/products/313187432,1687614761.87044,"['£2.40', '£6.00/kg']",2.4,£6.00/kg
4833,Magnum White Chocolate Ice Cream Sticks 3X100ml,https://www.tesco.com/groceries/en-GB/products/313755964,1687614761.939198,"['£3.25', '£1.08/100ml']",3.25,£1.08/100ml
4834,Magnum Mini Double Chocolate & Caramel Ice Cream Stick 6X55ml,https://www.tesco.com/groceries/en-GB/products/313738109,1687614762.047629,"['£4.50', '£1.36/100ml']",4.5,£1.36/100ml
4835,Magnum 6 Mini Double Caramel Almond & Billionaire 330Ml,https://www.tesco.com/groceries/en-GB/products/313168213,1687614762.151882,"['£4.50', '£1.36/100ml']",4.5,£1.36/100ml
4836,Magnum Mint Ice Cream Sticks 3 X 100Ml,https://www.tesco.com/groceries/en-GB/products/313755146,1687614762.252099,"['£3.25', '£1.08/100ml']",3.25,£1.08/100ml
4837,Itsu Salted Caramel Bao Buns 4 X 45G,https://www.tesco.com/groceries/en-GB/products/313852739,1687614762.355422,"['£3.50', '£1.94/100g']",3.5,£1.94/100g
4838,Magnum Classic Ice Cream Sticks 3 X 100Ml,https://www.tesco.com/groceries/en-GB/products/313734690,1687614762.451982,"['£3.25', '£1.08/100ml']",3.25,£1.08/100ml
4839,Magnum Salted Caramel Ice Cream Sticks 3 X 100Ml,https://www.tesco.com/groceries/en-GB/products/313752633,1687614762.547969,"['£3.25', '£1.08/100ml']",3.25,£1.08/100ml
4840,Itsu Chocolate Bao Buns 4 X 45G,https://www.tesco.com/groceries/en-GB/products/313757985,1687614762.67156,"['£3.50', '£1.94/100g']",3.5,£1.94/100g
4841,Cornetto Ice Cream Soft Caramel & Hazelnut 4X140ml,https://www.tesco.com/groceries/en-GB/products/313508048,1687614762.837248,"['£3.50', '£0.62/100ml']",3.5,£0.62/100ml
4842,Tesco Fire Pit 10 Jumbo Pork Sausages 800G,https://www.tesco.com/groceries/en-GB/products/313182103,1687614762.9575932,"['£3.50', '£4.38/kg']",3.5,£4.38/kg
4843,Nuii Milk Chocolate & Italian Roasted Hazelnut 3 Pack 270Ml,https://www.tesco.com/groceries/en-GB/products/313747421,1687614763.0541818,"['£4.00', '£1.48/100ml']",4.0,£1.48/100ml
4844,Diggerscrispy Shredded Chicken 320G,https://www.tesco.com/groceries/en-GB/products/294270500,1687614763.209245,"['£3.00', '£9.38/kg']",3.0,£9.38/kg
4845,Birds Eye 4 Crispy Pancakes Tomato & Mozzarella 250G,https://www.tesco.com/groceries/en-GB/products/313003259,1687614763.281881,"['£2.20', '£8.80/kg']",2.2,£8.80/kg
4846,Extreme Chocolate & Brownie Cookie Cones 4 X 110Ml,https://www.tesco.com/groceries/en-GB/products/313372077,1687614763.349396,"['£4.25', '£0.97/100ml']",4.25,£0.97/100ml
4847,Nuii Mini Adventure Pecan & Cookies & Cream 6 Pack 330Ml,https://www.tesco.com/groceries/en-GB/products/313617506,1687614763.441869,"['£4.50', '£1.36/100ml']",4.5,£1.36/100ml
4848,Nuii Adventure Australian Macadamia & Nordic Berry 6 Pack 330Ml,https://www.tesco.com/groceries/en-GB/products/313506027,1687614763.532973,"['£4.50', '£1.36/100ml']",4.5,£1.36/100ml
4849,Diggers Batter Chicken Balls 320G,https://www.tesco.com/groceries/en-GB/products/291894112,1687614763.628105,"['£3.00', '£8.82/kg']",3.0,£8.82/kg
4850,Haagen Dazs Macaron Strawberry Raspberry Ice Cream 3 X 80Ml,https://www.tesco.com/groceries/en-GB/products/313507769,1687614763.697222,"['£4.20', '£1.75/100ml']",4.2,£1.75/100ml
4851,Mccain Naked Oven Chips Crinkle Cut 900G,https://www.tesco.com/groceries/en-GB/products/312832500,1687614763.7732291,"['£1.95', '£2.17/kg']",1.95,£2.17/kg
4852,Tesco Mini S'mores Cheesecakes 2X80g,https://www.tesco.com/groceries/en-GB/products/313373246,1687614763.843429,"['£2.75', '£1.72/100g']",2.75,£1.72/100g
4853,Tesco Fire Pit 4 Smoky Beef Burgers 454G,https://www.tesco.com/groceries/en-GB/products/313369914,1687614763.936915,"['£3.50', '£7.71/kg']",3.5,£7.71/kg
4854,Tesco Plant Chef 2 Meat Free No-Chicken Breasts 180G,https://www.tesco.com/groceries/en-GB/products/313175285,1687614764.031083,"['£1.75', '£9.72/kg']",1.75,£9.72/kg
4855,The Gym Kitchen Salmon Linguine 400G,https://www.tesco.com/groceries/en-GB/products/313733443,1687614764.122323,"['£2.50', '£6.25/kg']",2.5,£6.25/kg
4856,Haagen Dazs Pierre Herme Macaron Collection 4X95ml,https://www.tesco.com/groceries/en-GB/products/314317756,1687614764.190441,"['£5.35', '£5.35/each']",5.35,£5.35/each
4857,Tesco 6 Mini Danish Pastry Selection 235G,https://www.tesco.com/groceries/en-GB/products/306497058,1687614764.28119,"['£2.75', '£1.17/100g']",2.75,£1.17/100g
4858,Itsu Greens & Tofu Stuffed Pancakes 350G,https://www.tesco.com/groceries/en-GB/products/313835582,1687614764.354303,"['£4.50', '£12.86/kg']",4.5,£12.86/kg
4859,Kellogg's Rice Krispie Squares Marshmallow 4 X 28G,https://www.tesco.com/groceries/en-GB/products/250202649,1687614769.67309,"['£2.00', '£1.79/100g']",2.0,£1.79/100g
4860,Kellogg's Rice Krispie Squares Chocolate 4X36g,https://www.tesco.com/groceries/en-GB/products/264525476,1687614769.7761889,"['£2.00', '£1.39/100g']",2.0,£1.39/100g
4861,Tesco Finest Assorted Cracker For Cheese 250G,https://www.tesco.com/groceries/en-GB/products/257998352,1687614769.883051,"['£3.90', '£1.56/100g']",3.9,£1.56/100g
4863,Peperami Original 5 Pack 5X22.5G,https://www.tesco.com/groceries/en-GB/products/296526864,1687614770.049758,"['£2.75', '£2.44/100g']",2.75,£2.44/100g
4864,Sensations Thai Sweet Chilli 150G,https://www.tesco.com/groceries/en-GB/products/267308049,1687614770.232861,"['£2.25', '£1.50/100g']",2.25,£1.50/100g
4865,Doritos Tangy Cheese Tortilla Chips 180G,https://www.tesco.com/groceries/en-GB/products/296049236,1687614770.30295,"['£2.10', '£1.17/100g']",2.1,£1.17/100g
4866,Mini Babybel Original Cheese Snacks 10X20g 200G,https://www.tesco.com/groceries/en-GB/products/307346979,1687614770.397012,"['£2.59', '£12.95/kg']",2.59,£12.95/kg
4867,Mccoy's Flame Grilled Steak Crisps 6X25g,https://www.tesco.com/groceries/en-GB/products/303485273,1687614770.467245,"['£2.25', '£1.50/100g']",2.25,£1.50/100g
4868,After Eight Mint Dark Chocolate Box 300G,https://www.tesco.com/groceries/en-GB/products/252204546,1687614770.5400121,"['£3.00', '£1.00/100g']",3.0,£1.00/100g
4869,Doritos Chilli Heatwave Tortilla Chips 180G,https://www.tesco.com/groceries/en-GB/products/296049294,1687614770.6167018,"['£2.10', '£1.17/100g']",2.1,£1.17/100g
4870,Doritos Cool Original Tortilla Chips 180G,https://www.tesco.com/groceries/en-GB/products/296049271,1687614770.7088141,"['£2.10', '£1.17/100g']",2.1,£1.17/100g
4871,Walkers Quavers Cheese Snacks 6X16g,https://www.tesco.com/groceries/en-GB/products/312218888,1687614770.797608,"['£1.95', '£2.03/100g']",1.95,£2.03/100g
4872,Tesco Lightly Salted Tortilla Chips 200G,https://www.tesco.com/groceries/en-GB/products/250057901,1687614770.892566,"['£1.10', '£0.55/100g']",1.1,£0.55/100g
4873,Tesco Finest Sea Salt Chardonnay Vinegar Crisps 150G,https://www.tesco.com/groceries/en-GB/products/309482036,1687614770.962079,"['£1.35', '£0.90/100g']",1.35,£0.90/100g
4874,Tesco Finest Mature Cheddar & Onion Crisps 150G,https://www.tesco.com/groceries/en-GB/products/255160730,1687614771.038711,"['£1.35', '£0.90/100g']",1.35,£0.90/100g
4875,Kp Skips Prawn Cocktail Crisps 6 X 13.1G,https://www.tesco.com/groceries/en-GB/products/295709926,1687614771.10587,"['£1.40', '£1.78/100g']",1.4,£1.78/100g
4876,Tesco Finest Lightly Salted Crisps 150G,https://www.tesco.com/groceries/en-GB/products/252688220,1687614771.178725,"['£1.35', '£0.90/100g']",1.35,£0.90/100g
4877,Ritz Crackers 200G,https://www.tesco.com/groceries/en-GB/products/254925421,1687614771.248567,"['£1.25', '£0.62/100g']",1.25,£0.62/100g
4878,Seabrook Sea Salted Potato Crisps 6 X 25G,https://www.tesco.com/groceries/en-GB/products/275594819,1687614771.317973,"['£1.35', '£0.90/100g']",1.35,£0.90/100g
4879,Philadelphia Original Soft Cheese 165G,https://www.tesco.com/groceries/en-GB/products/311678197,1687614771.3863292,"['£2.20', '£13.33/kg']",2.2,£13.33/kg
4880,Cadbury Fingers Milk Chocolate 114G,https://www.tesco.com/groceries/en-GB/products/284384444,1687614771.47815,"['£1.70', '£1.49/100g']",1.7,£1.49/100g
4881,Cadbury Chocolate Mini Rolls 5 Pack,https://www.tesco.com/groceries/en-GB/products/283390081,1687614771.550123,"['£2.35', '£0.47/each']",2.35,£0.47/each
4882,Nestle Kit Kat Chunky Milk Chocolate Bars Multipack 4 X 40g,https://www.tesco.com/groceries/en-GB/products/304390383,1687614771.637941,"['£1.50', '£0.94/100g']",1.5,£0.94/100g
4883,Kit Kat 2 Finger Milk Chocolate Biscuits 9 Pack 186.3G,https://www.tesco.com/groceries/en-GB/products/297556924,1687614771.711311,"['£2.00', '£1.07/100g']",2.0,£1.07/100g
4884,Tesco Sweet & Salted Popcorn 110G,https://www.tesco.com/groceries/en-GB/products/280663792,1687614771.783297,"['£1.25', '£1.14/100g']",1.25,£1.14/100g
4885,Walkers Ready Salted Crisps 6X25g,https://www.tesco.com/groceries/en-GB/products/254926800,1687614771.849345,"['£1.95', '£1.30/100g']",1.95,£1.30/100g
4886,Pom Bear Original Crisps 6 X 13G,https://www.tesco.com/groceries/en-GB/products/302309577,1687614771.944472,"['£1.50', '£1.92/100g']",1.5,£1.92/100g
4887,Fridge Raiders Roast Chicken Bites 3X22.5G,https://www.tesco.com/groceries/en-GB/products/302490020,1687614772.014505,"['£1.60', '£2.37/100g']",1.6,£2.37/100g
4888,Cadbury Brunch Bar Chocolate Chip 5X32g,https://www.tesco.com/groceries/en-GB/products/309470281,1687614772.116118,"['£1.15', '£0.72/100g']",1.15,£0.72/100g
4889,Cadbury Twirl Chocolate Bars Multipack 4 X 34g,https://www.tesco.com/groceries/en-GB/products/266712758,1687614772.194043,"['£1.50', '£1.10/100g']",1.5,£1.10/100g
4890,Tesco Rich Tea Biscuit 300G,https://www.tesco.com/groceries/en-GB/products/295229307,1687614772.261188,"['£0.70', '£0.23/100g']",0.7,£0.23/100g
4891,Tesco Malted Milk Biscuits 200G,https://www.tesco.com/groceries/en-GB/products/255220251,1687614772.328546,"['£0.65', '£0.32/100g']",0.65,£0.32/100g
4892,Tesco Marshmallows 200G,https://www.tesco.com/groceries/en-GB/products/254026955,1687614772.396791,"['£1.10', '£0.55/100g']",1.1,£0.55/100g
4893,Tesco Digestive Biscuits 400G,https://www.tesco.com/groceries/en-GB/products/273331841,1687614772.4630132,"['£0.70', '£0.18/100g']",0.7,£0.18/100g
4894,Terry's Chocolate Orange Milk Chocolate Box 157G,https://www.tesco.com/groceries/en-GB/products/293749766,1687614772.5417962,"['£1.49', '£0.95/100g']",1.49,£0.95/100g
4895,Tesco Original Breadsticks 125G,https://www.tesco.com/groceries/en-GB/products/258083897,1687614772.609706,"['£0.55', '£0.44/100g']",0.55,£0.44/100g
4896,Tesco Ginger Nuts 300G,https://www.tesco.com/groceries/en-GB/products/290329082,1687614772.679567,"['£0.65', '£0.22/100g']",0.65,£0.22/100g
4897,Tesco Dreamy Caramel Chocolate Bars Multipack 6 X 40g,https://www.tesco.com/groceries/en-GB/products/300876915,1687614772.777552,"['£1.30', '£0.54/100g']",1.3,£0.54/100g
4898,Tesco Bourbon Creams Biscuits 296G,https://www.tesco.com/groceries/en-GB/products/290329100,1687614772.844296,"['£0.65', '£0.22/100g']",0.65,£0.22/100g
4899,Stockwell & Co Roasted & Salted Cashews 125G,https://www.tesco.com/groceries/en-GB/products/301970829,1687614772.9141319,"['£1.00', '£8.00/kg']",1.0,£8.00/kg
4900,Stockwell & Co Lightly Salted Tortilla 200G,https://www.tesco.com/groceries/en-GB/products/300273874,1687614772.980754,"['£0.51', '£0.26/100g']",0.51,£0.26/100g
4901,Tesco Milk Chocolate Digestive 300G,https://www.tesco.com/groceries/en-GB/products/254924572,1687614773.049564,"['£0.85', '£0.28/100g']",0.85,£0.28/100g
4902,Ms Molly's Chocolate Digestives Biscuits 300G,https://www.tesco.com/groceries/en-GB/products/299598986,1687614773.1164238,"['£0.75', '£0.25/100g']",0.75,£0.25/100g
4903,Tesco Custard Cream Biscuits 400G,https://www.tesco.com/groceries/en-GB/products/254921258,1687614773.196608,"['£0.65', '£0.16/100g']",0.65,£0.16/100g
4904,Jacobs Biscuits For Cheese 300G,https://www.tesco.com/groceries/en-GB/products/297544472,1687614773.273507,"['£4.00', '£1.33/100g']",4.0,£1.33/100g
4905,Philadelphia Original Soft Cheese 280G,https://www.tesco.com/groceries/en-GB/products/311687892,1687614773.3418381,"['£3.25', '£11.61/kg']",3.25,£11.61/kg
4906,Peperami Mini Original 10X10g,https://www.tesco.com/groceries/en-GB/products/250591613,1687614773.4117131,"['£2.75', '£2.75/100g']",2.75,£2.75/100g
4907,Ferrero Rocher 24 Pieces Boxed Chocolates 300G,https://www.tesco.com/groceries/en-GB/products/254897038,1687614773.483377,"['£9.50', '£3.17/100g']",9.5,£3.17/100g
4908,Tyrrells Crisps Lightlyseasalted Crisps 150G,https://www.tesco.com/groceries/en-GB/products/271208882,1687614773.563394,"['£2.50', '£1.67/100g']",2.5,£1.67/100g
4909,Walkers Quavers Cheese 12X16g,https://www.tesco.com/groceries/en-GB/products/261495152,1687614779.955452,"['£3.25', '£1.69/100g']",3.25,£1.69/100g
4910,Carrs Cheese Melts 150G,https://www.tesco.com/groceries/en-GB/products/251969609,1687614780.037056,"['£2.00', '£1.33/100g']",2.0,£1.33/100g
4911,Walkers Ready Salted Crisps 12 X 25G,https://www.tesco.com/groceries/en-GB/products/299913390,1687614780.10665,"['£3.25', '£1.08/100g']",3.25,£1.08/100g
4912,Walkers Classic Variety Crisps 12 X 25G,https://www.tesco.com/groceries/en-GB/products/299913418,1687614780.173524,"['£3.25', '£1.08/100g']",3.25,£1.08/100g
4913,Mccoy's Salt & Malt Vinegar Crisps 6X25g,https://www.tesco.com/groceries/en-GB/products/303485238,1687614780.244261,"['£2.25', '£1.50/100g']",2.25,£1.50/100g
4914,Mini Babybel Light Cheese Snacks 10 X 20G 200G,https://www.tesco.com/groceries/en-GB/products/307353982,1687614780.311425,"['£2.59', '£12.95/kg']",2.59,£12.95/kg
4915,Mccoy's Classic Variety Crisps 6X25g,https://www.tesco.com/groceries/en-GB/products/303485215,1687614780.383521,"['£2.25', '£1.50/100g']",2.25,£1.50/100g
4916,Discos Assorted Crisps 6X25.5G,https://www.tesco.com/groceries/en-GB/products/300162130,1687614780.459605,"['£1.50', '£0.98/100g']",1.5,£0.98/100g
4917,Walkers Squares Salt & Vinegar Snacks 6X22g,https://www.tesco.com/groceries/en-GB/products/264924240,1687614780.528429,"['£1.95', '£1.48/100g']",1.95,£1.48/100g
4918,Jacob's Mini Cheddars Original 6 X 23G,https://www.tesco.com/groceries/en-GB/products/312985128,1687614780.595001,"['£1.75', '£1.27/100g']",1.75,£1.27/100g
4920,Tesco High Baked Water Biscuits 200G,https://www.tesco.com/groceries/en-GB/products/254925058,1687614780.7549372,"['£1.10', '£0.55/100g']",1.1,£0.55/100g
4921,Tesco Cool Tortilla Chips 200G,https://www.tesco.com/groceries/en-GB/products/250057918,1687614780.8475678,"['£1.10', '£0.55/100g']",1.1,£0.55/100g
4923,Walkers Salt & Vinegar Crisps 6X25g,https://www.tesco.com/groceries/en-GB/products/259738992,1687614780.993784,"['£1.95', '£1.30/100g']",1.95,£1.30/100g
4924,Walkers Cheese & Onion Crisps 6X25g,https://www.tesco.com/groceries/en-GB/products/259738773,1687614781.0849211,"['£1.95', '£1.30/100g']",1.95,£1.30/100g
4925,Cadbury Dairy Milk For Kids 6 Pack 108G,https://www.tesco.com/groceries/en-GB/products/290337849,1687614781.173547,"['£1.25', '£1.16/100g']",1.25,£1.16/100g
4926,Tunnocks Milk Chocolate Caramel Wafer 240G,https://www.tesco.com/groceries/en-GB/products/255526609,1687614781.240617,"['£1.65', '£0.69/100g']",1.65,£0.69/100g
4927,Maltesers Milk Chocolate Box 110G,https://www.tesco.com/groceries/en-GB/products/306503489,1687614781.314404,"['£1.65', '£1.50/100g']",1.65,£1.50/100g
4928,Tunnocks Milk Chocolate Teacakes 6X24g,https://www.tesco.com/groceries/en-GB/products/254923832,1687614781.407279,"['£1.10', '£0.76/100g']",1.1,£0.76/100g
4929,Paterson's Shortbread Fingers 300G,https://www.tesco.com/groceries/en-GB/products/311425074,1687614781.480719,"['£1.25', '£0.42/100g']",1.25,£0.42/100g
4931,Cadbury Mini Fingers Snack Pack 6X19.3G,https://www.tesco.com/groceries/en-GB/products/304403652,1687614781.63669,"['£0.95', '£0.82/100g']",0.95,£0.82/100g
4932,Cadbury Dairy Milk Caramel Chocolate Bars Multipack 4 X 37g,https://www.tesco.com/groceries/en-GB/products/292215265,1687614781.706358,"['£1.50', '£1.01/100g']",1.5,£1.01/100g
4933,Tesco Ready Salted Crisps 6X25g,https://www.tesco.com/groceries/en-GB/products/254926662,1687614781.774121,"['£1.10', '£0.73/100g']",1.1,£0.73/100g
4934,Jammie Dodgers Jam 140 G,https://www.tesco.com/groceries/en-GB/products/278003053,1687614781.87737,"['£0.80', '£0.57/100g']",0.8,£0.57/100g
4935,Tesco Oaty Rounds Biscuits 300G,https://www.tesco.com/groceries/en-GB/products/261856250,1687614781.9713018,"['£0.65', '£0.22/100g']",0.65,£0.22/100g
4936,Tesco Crunchy Caramel Chocolate Bars Multipack 5 X 42g,https://www.tesco.com/groceries/en-GB/products/300876973,1687614782.038406,"['£1.30', '£0.62/100g']",1.3,£0.62/100g
4938,Stockwell & Co. Ready Salted Crisps 6X25g,https://www.tesco.com/groceries/en-GB/products/306663962,1687614782.171447,"['£0.85', '£0.57/100g']",0.85,£0.57/100g
4939,Ms Molly's Dark Chocolate Bar 100G,https://www.tesco.com/groceries/en-GB/products/300795095,1687614782.2424939,"['£0.43', '£0.43/100g']",0.43,£0.43/100g
4940,Ms Molly's Milk Chocolate Bar 100G,https://www.tesco.com/groceries/en-GB/products/300795072,1687614782.32607,"['£0.43', '£0.43/100g']",0.43,£0.43/100g
4941,Grower's Harvest Sultanas 500G,https://www.tesco.com/groceries/en-GB/products/299772320,1687614782.401042,"['£0.95', '£1.90/kg']",0.95,£1.90/kg
4942,Stockwell & Co Roasted & Salted Peanuts 200G,https://www.tesco.com/groceries/en-GB/products/300283810,1687614782.4851031,"['£0.54', '£2.70/kg']",0.54,£2.70/kg
4943,Barber Cream Crackers 300G,https://www.tesco.com/groceries/en-GB/products/307748059,1687614782.5591638,"['£0.65', '£0.22/100g']",0.65,£0.22/100g
4944,Tesco Cheese Twists 125G,https://www.tesco.com/groceries/en-GB/products/256487388,1687614782.6320481,"['£0.75', '£0.60/100g']",0.75,£0.60/100g
4945,Quality Street Mint Matchmakers 120G,https://www.tesco.com/groceries/en-GB/products/301736838,1687614782.706343,"['£1.25', '£1.04/100g']",1.25,£1.04/100g
4946,Lindt Lindor Milk Chocolate Truffles Carton 200G,https://www.tesco.com/groceries/en-GB/products/250265770,1687614782.7758238,"['£6.00', '£3.00/100g']",6.0,£3.00/100g
4947,Walkers Classic Variety Multipack Crisps 32X25g,https://www.tesco.com/groceries/en-GB/products/310099103,1687614782.84981,"['£7.50', '£0.94/100g']",7.5,£0.94/100g
4948,Dairylea Dunkers Jumbo Tubes Cheese Snacks 6 Pack 246G,https://www.tesco.com/groceries/en-GB/products/308849452,1687614782.965991,"['£3.30', '£13.42/kg']",3.3,£13.42/kg
4949,Dairylea Lunchables Ham & Cheese 74.1G,https://www.tesco.com/groceries/en-GB/products/308867509,1687614783.033927,"['£1.60', '£21.59/kg']",1.6,£21.59/kg
4950,Cheestrings 8 Pack Cheddar 160G,https://www.tesco.com/groceries/en-GB/products/273196994,1687614783.1354082,"['£2.49', '£15.56/kg']",2.49,£15.56/kg
4951,Sensations Oven Roast Chicken & Thyme 150G,https://www.tesco.com/groceries/en-GB/products/288016201,1687614783.20458,"['£2.50', '£1.67/100g']",2.5,£1.67/100g
4952,Walkers Cheese & Onion Crisps 12 X 25G,https://www.tesco.com/groceries/en-GB/products/299913355,1687614783.37743,"['£3.25', '£1.08/100g']",3.25,£1.08/100g
4953,Maltesers Gift Box Chocolates 310G,https://www.tesco.com/groceries/en-GB/products/302275689,1687614783.446203,"['£4.00', '£1.29/100g']",4.0,£1.29/100g
4954,Mcvitie's Jaffa Cakes Twin Pack 244G,https://www.tesco.com/groceries/en-GB/products/297544852,1687614783.557794,"['£2.00', '£0.82/100g']",2.0,£0.82/100g
4955,Tuc Cheese Sandwich 150G,https://www.tesco.com/groceries/en-GB/products/254925496,1687614783.628154,"['£1.70', '£1.13/100g']",1.7,£1.13/100g
4956,Tesco Seedless Raisins 500G,https://www.tesco.com/groceries/en-GB/products/254915364,1687614783.698467,"['£1.55', '£3.10/kg']",1.55,£3.10/kg
4957,Kit Kat 2 Finger Milk Chocolate 14 Bar Pack 289.8G,https://www.tesco.com/groceries/en-GB/products/307166184,1687614789.541012,"['£2.50', '£0.86/100g']",2.5,£0.86/100g
4958,Kp Hula Hoops Original 6X24g,https://www.tesco.com/groceries/en-GB/products/287040530,1687614789.624384,"['£2.25', '£1.56/100g']",2.25,£1.56/100g
4960,Walker Monster Munch Pickled Onion Crisp 6X20g,https://www.tesco.com/groceries/en-GB/products/311446627,1687614789.872233,"['£1.95', '£1.62/100g']",1.95,£1.62/100g
4961,Kellogg's Rice Krispie Squares Chocolate 4X36g,https://www.tesco.com/groceries/en-GB/products/264525476,1687614789.9637618,"['£2.00', '£1.39/100g']",2.0,£1.39/100g
4962,Tesco Salt & Pepper Cracker 185G,https://www.tesco.com/groceries/en-GB/products/276885416,1687614790.0670269,"['£1.20', '£0.65/100g']",1.2,£0.65/100g
4963,Nik Naks Nice & Spicy Corn Snacks 6X20g,https://www.tesco.com/groceries/en-GB/products/305036998,1687614790.142559,"['£1.50', '£1.25/100g']",1.5,£1.25/100g
4964,Kellogg's Rice Krispie Squares Marshmallow 4 X 28G,https://www.tesco.com/groceries/en-GB/products/250202649,1687614790.211533,"['£2.00', '£1.79/100g']",2.0,£1.79/100g
4966,Tesco Sea Salt Crackers 185G,https://www.tesco.com/groceries/en-GB/products/294971903,1687614790.3459399,"['£1.20', '£0.65/100g']",1.2,£0.65/100g
4967,Tesco Classic 74% Dark Chocolate 100G,https://www.tesco.com/groceries/en-GB/products/300794885,1687614790.4228559,"['£1.15', '£1.15/100g']",1.15,£1.15/100g
4968,Philadelphia Light Soft Cheese 165G,https://www.tesco.com/groceries/en-GB/products/311786803,1687614790.492991,"['£2.20', '£13.33/kg']",2.2,£13.33/kg
4969,Space Raiders Pickled Onion Flavoured Crisp 6X13g,https://www.tesco.com/groceries/en-GB/products/308827569,1687614790.5846279,"['£1.50', '£1.92/100g']",1.5,£1.92/100g
4970,Smiths Frazzles Crispy Bacon 6 X 18G,https://www.tesco.com/groceries/en-GB/products/310191157,1687614790.65783,"['£1.49', '£1.38/100g']",1.49,£1.38/100g
4971,Smarties Chocolate Multipack 4 X 34G,https://www.tesco.com/groceries/en-GB/products/308846294,1687614790.729259,"['£1.50', '£1.10/100g']",1.5,£1.10/100g
4972,Walkers Prawn Cocktail Crisps 6X25g,https://www.tesco.com/groceries/en-GB/products/256644773,1687614790.797056,"['£1.95', '£1.30/100g']",1.95,£1.30/100g
4973,Cadbury Timeout Wafer Biscuits 6 X 20.2G,https://www.tesco.com/groceries/en-GB/products/309484057,1687614790.885865,"['£1.50', '£1.24/100g']",1.5,£1.24/100g
4974,Haribo Starmix 175G,https://www.tesco.com/groceries/en-GB/products/308482395,1687614790.962209,"['£1.25', '£0.71/100g']",1.25,£0.71/100g
4975,Haribo Tangfastics 175G,https://www.tesco.com/groceries/en-GB/products/308487211,1687614791.0328908,"['£1.25', '£0.71/100g']",1.25,£0.71/100g
4976,Maryland Cookies Chocolate Chip Minis 6 Bags 118.8G,https://www.tesco.com/groceries/en-GB/products/304391537,1687614791.106726,"['£1.25', '£1.05/100g']",1.25,£1.05/100g
4977,Tesco Potato Chips 150G,https://www.tesco.com/groceries/en-GB/products/254973150,1687614791.194898,"['£1.20', '£0.80/100g']",1.2,£0.80/100g
4978,Tesco Jam Sandwich Creams Biscuit 150G,https://www.tesco.com/groceries/en-GB/products/265201408,1687614791.261512,"['£0.65', '£0.43/100g']",0.65,£0.43/100g
4980,Tesco Twirls Salt & Vinegar Snacks 125G,https://www.tesco.com/groceries/en-GB/products/260085466,1687614791.406355,"['£1.20', '£0.96/100g']",1.2,£0.96/100g
4981,Tesco Dark Chocolate Bar 200G,https://www.tesco.com/groceries/en-GB/products/300794948,1687614791.4734,"['£1.20', '£0.60/100g']",1.2,£0.60/100g
4982,Tesco Bunny Bites 6X19g,https://www.tesco.com/groceries/en-GB/products/293193570,1687614791.541176,"['£1.15', '£1.01/100g']",1.15,£1.01/100g
4984,Tesco Milk Chocolate Raisins 200G,https://www.tesco.com/groceries/en-GB/products/300792956,1687614791.6760252,"['£1.10', '£0.55/100g']",1.1,£0.55/100g
4985,Tesco Egg Custard Tarts 4 Pack,https://www.tesco.com/groceries/en-GB/products/257471134,1687614791.7416708,"['£1.25', '£0.31/each']",1.25,£0.31/each
4986,Ms Molly's Digestive 400G,https://www.tesco.com/groceries/en-GB/products/300410563,1687614791.811913,"['£0.55', '£0.14/100g']",0.55,£0.14/100g
4987,Creamfields 15 Cheese Slices 255G,https://www.tesco.com/groceries/en-GB/products/307760874,1687614791.886038,"['£0.83', '£3.26/kg']",0.83,£3.26/kg
4988,Quality Street Matchmakers Zingy Orange Chocolate Box 120G,https://www.tesco.com/groceries/en-GB/products/301736850,1687614791.954656,"['£1.25', '£1.04/100g']",1.25,£1.04/100g
4989,Jacob's Mini Cheddars Original 14 Pack 322G,https://www.tesco.com/groceries/en-GB/products/312721447,1687614792.0230541,"['£3.00', '£0.93/100g']",3.0,£0.93/100g
4990,Kp Original Salted Peanuts 250G,https://www.tesco.com/groceries/en-GB/products/299577245,1687614792.089293,"['£3.00', '£12.00/kg']",3.0,£12.00/kg
4991,Hula Hoops Variety Pack 12X24g,https://www.tesco.com/groceries/en-GB/products/302036830,1687614792.156992,"['£3.50', '£1.22/100g']",3.5,£1.22/100g
4992,Hula Hoops Original Crisps Multipack 12X24g,https://www.tesco.com/groceries/en-GB/products/302036939,1687614792.224975,"['£3.50', '£1.22/100g']",3.5,£1.22/100g
4993,Sensations Lime & Coriander Chutney Poppadoms 82.5G,https://www.tesco.com/groceries/en-GB/products/264339339,1687614792.2975879,"['£2.50', '£3.03/100g']",2.5,£3.03/100g
4994,Dairylea Cheese Slices 18Pack 369G,https://www.tesco.com/groceries/en-GB/products/313521550,1687614792.363841,"['£2.50', '£6.78/kg']",2.5,£6.78/kg
4995,Ferrero Rocher 16 Pieces Boxed Chocolates 200G,https://www.tesco.com/groceries/en-GB/products/254896546,1687614792.469134,"['£5.75', '£2.88/100g']",5.75,£2.88/100g
4996,Tyrrells Sea Salted & Cider Vinegar Crisps 150G,https://www.tesco.com/groceries/en-GB/products/271208916,1687614792.537359,"['£2.50', '£1.67/100g']",2.5,£1.67/100g
4997,Lindt Excellence Dark 70% Cocoa Chocolate Bar 100G,https://www.tesco.com/groceries/en-GB/products/259301725,1687614792.6509728,"['£2.45', '£2.45/100g']",2.45,£2.45/100g
4998,Mcvitie's Milk Chocolate Digestive Biscuit 2 X 266G,https://www.tesco.com/groceries/en-GB/products/313008974,1687614792.7379808,"['£2.65', '£0.50/100g']",2.65,£0.50/100g
4999,Cathedral City Mini Mature Nets 120G,https://www.tesco.com/groceries/en-GB/products/288456745,1687614792.8100932,"['£2.00', '£16.67/kg']",2.0,£16.67/kg
5000,Tesco Biscuits For Cheese 500G,https://www.tesco.com/groceries/en-GB/products/254926040,1687614792.8784509,"['£3.65', '£0.73/100g']",3.65,£0.73/100g
5001,Walkers Sunbites Sun Ripenedsweet Chilli 6 X 25G,https://www.tesco.com/groceries/en-GB/products/264441321,1687614792.945167,"['£1.95', '£1.30/100g']",1.95,£1.30/100g
5002,Walkers Wotsits Cheese Snacks 6X16.5G,https://www.tesco.com/groceries/en-GB/products/254423859,1687614793.028783,"['£1.95', '£1.97/100g']",1.95,£1.97/100g
5003,Kettle Lightly Salted Potato Chips 130G,https://www.tesco.com/groceries/en-GB/products/306500758,1687614793.100336,"['£2.40', '£1.85/100g']",2.4,£1.85/100g
5004,Foxs Chocolate Chocolate Viennese 120G,https://www.tesco.com/groceries/en-GB/products/286519272,1687614793.191848,"['£1.75', '£1.46/100g']",1.75,£1.46/100g
5005,Walkers Sensations Thai Sweet Chilli Crisps 5X25g,https://www.tesco.com/groceries/en-GB/products/305827892,1687614798.320391,"['£1.95', '£1.56/100g']",1.95,£1.56/100g
5006,Tesco Multigrain Cracker 170G,https://www.tesco.com/groceries/en-GB/products/276879764,1687614798.673867,"['£1.20', '£0.71/100g']",1.2,£0.71/100g
5007,Space Raiders Beef Flavoured Corn Snacks 6X13g,https://www.tesco.com/groceries/en-GB/products/308471258,1687614798.9947531,"['£1.50', '£1.92/100g']",1.5,£1.92/100g
5008,Tesco Dry Roasted Peanuts 200G,https://www.tesco.com/groceries/en-GB/products/297508936,1687614799.067691,"['£1.10', '£5.50/kg']",1.1,£5.50/kg
5009,Walkers Less Salt Lightly Salted Crisp 6X25g,https://www.tesco.com/groceries/en-GB/products/311264505,1687614799.1360939,"['£1.95', '£1.30/100g']",1.95,£1.30/100g
5010,Pringles Sour Cream & Onion Crisps 165G,https://www.tesco.com/groceries/en-GB/products/308870356,1687614799.229142,"['£1.95', '£1.18/100g']",1.95,£1.18/100g
5011,Dairylea Cheese Slices 8 Pack 164G,https://www.tesco.com/groceries/en-GB/products/312580707,1687614799.3131561,"['£1.45', '£8.84/kg']",1.45,£8.84/kg
5012,Fox's Mini Party Rings 120G,https://www.tesco.com/groceries/en-GB/products/295065609,1687614799.407307,"['£1.15', '£0.96/100g']",1.15,£0.96/100g
5013,Cheetos Cheese Puffs Snack 6 X 13G,https://www.tesco.com/groceries/en-GB/products/310170698,1687614799.483243,"['£1.49', '£1.91/100g']",1.49,£1.91/100g
5014,Tesco 10 Mild Cheese Slices 200G,https://www.tesco.com/groceries/en-GB/products/254266371,1687614799.5518138,"['£1.30', '£6.50/kg']",1.3,£6.50/kg
5015,Tesco Sweet & Salted Popcorn 6X14g,https://www.tesco.com/groceries/en-GB/products/297512245,1687614799.626553,"['£1.50', '£1.79/100g']",1.5,£1.79/100g
5016,Fox's Rocky Chocolate 8Pk 168G,https://www.tesco.com/groceries/en-GB/products/295065546,1687614799.695648,"['£1.20', '£0.71/100g']",1.2,£0.71/100g
5017,Tesco Mini Poppadoms 70G,https://www.tesco.com/groceries/en-GB/products/264881976,1687614799.764481,"['£1.20', '£1.71/100g']",1.2,£1.71/100g
5018,Tesco Cheese Savouries Snacks 250G,https://www.tesco.com/groceries/en-GB/products/250089080,1687614799.833406,"['£1.00', '£0.40/100g']",1.0,£0.40/100g
5020,Cadbury Animals With Freddo 7 Pack 139.3G,https://www.tesco.com/groceries/en-GB/products/304783949,1687614799.9702709,"['£0.95', '£0.68/100g']",0.95,£0.68/100g
5021,Tesco Salt & Vinegar Crisps 6X25g,https://www.tesco.com/groceries/en-GB/products/254926691,1687614800.038296,"['£1.10', '£0.73/100g']",1.1,£0.73/100g
5022,Fox's Party Rings Biscuits 125G,https://www.tesco.com/groceries/en-GB/products/254921644,1687614800.103949,"['£0.75', '£0.60/100g']",0.75,£0.60/100g
5023,Tesco Variety Crisps 6X25g,https://www.tesco.com/groceries/en-GB/products/254927010,1687614800.192428,"['£1.10', '£0.73/100g']",1.1,£0.73/100g
5024,Tesco Ridge Cut Crisp Meaty Variety 6X30g,https://www.tesco.com/groceries/en-GB/products/300273056,1687614800.259539,"['£1.20', '£0.67/100g']",1.2,£0.67/100g
5025,Tesco Nutty Nougat Caramel Chocolate Bars Multipack 6 X 40g,https://www.tesco.com/groceries/en-GB/products/300876938,1687614800.327039,"['£1.30', '£0.54/100g']",1.3,£0.54/100g
5026,Lyons Viscount Mint Chocolate Biscuit 7 Pack 98G,https://www.tesco.com/groceries/en-GB/products/275216658,1687614800.4020731,"['£0.60', '£0.61/100g']",0.6,£0.61/100g
5027,Ms Molly's White Chocolate Bar 100G,https://www.tesco.com/groceries/en-GB/products/300795187,1687614800.474462,"['£0.43', '£0.43/100g']",0.43,£0.43/100g
5028,Lindt Lindor Assorted Chocolate Truffles 200G,https://www.tesco.com/groceries/en-GB/products/255359133,1687614800.54355,"['£6.00', '£3.00/100g']",6.0,£3.00/100g
5029,Mcvities Rich Tea Twin Pack 2 X 300G,https://www.tesco.com/groceries/en-GB/products/255352138,1687614800.651144,"['£3.00', '£0.50/100g']",3.0,£0.50/100g
5030,Tesco Honey Roast Peanuts & Cashews 200G,https://www.tesco.com/groceries/en-GB/products/304409853,1687614800.72705,"['£2.50', '£12.50/kg']",2.5,£12.50/kg
5031,Celebrations Box Chocolate Bars 385G,https://www.tesco.com/groceries/en-GB/products/309181283,1687614800.799187,"['£5.00', '£1.30/100g']",5.0,£1.30/100g
5032,Tyrrells Crisps Mature Cheddar & Chive 150G,https://www.tesco.com/groceries/en-GB/products/271208951,1687614800.889598,"['£2.50', '£1.67/100g']",2.5,£1.67/100g
5033,Walkers Wotsits Cheese 12X16.5G,https://www.tesco.com/groceries/en-GB/products/261495181,1687614800.980105,"['£3.25', '£1.64/100g']",3.25,£1.64/100g
5034,Tesco Jumbo Roasted Salted Cashew Nuts 150G,https://www.tesco.com/groceries/en-GB/products/297385262,1687614801.047188,"['£2.50', '£16.67/kg']",2.5,£16.67/kg
5035,Carrs Table Water Biscuits 125 G,https://www.tesco.com/groceries/en-GB/products/254925087,1687614801.1186829,"['£1.70', '£1.36/100g']",1.7,£1.36/100g
5036,Belvita Soft Bakes Chocolate Chip 250G,https://www.tesco.com/groceries/en-GB/products/289954626,1687614801.187596,"['£2.50', '£1.00/100g']",2.5,£1.00/100g
5037,Walkers French Fries Ready Salted 6X18g,https://www.tesco.com/groceries/en-GB/products/278583995,1687614801.2543292,"['£1.95', '£1.81/100g']",1.95,£1.81/100g
5038,Walker Sensation Thai Sweet Chilli Nuts 150G,https://www.tesco.com/groceries/en-GB/products/282799976,1687614801.32092,"['£2.50', '£16.67/kg']",2.5,£16.67/kg
5039,Cheestrings Cheddar 4 Pack 80G,https://www.tesco.com/groceries/en-GB/products/273197498,1687614801.394944,"['£1.75', '£21.88/kg']",1.75,£21.88/kg
5040,Mr Kipling Viennese Whirls 6 Pack,https://www.tesco.com/groceries/en-GB/products/252958742,1687614801.46364,"['£2.25', '£0.38/each']",2.25,£0.38/each
5041,Walkers Doritos Tangy Cheese 5X30g,https://www.tesco.com/groceries/en-GB/products/285847633,1687614801.552904,"['£1.95', '£1.30/100g']",1.95,£1.30/100g
5042,Walkers Baked Cheese & Onion Crisps 6 X 22G,https://www.tesco.com/groceries/en-GB/products/311943407,1687614801.6459808,"['£1.95', '£1.48/100g']",1.95,£1.48/100g
5043,Doritos Chilli Heatwave 5X30g,https://www.tesco.com/groceries/en-GB/products/308489347,1687614801.7123709,"['£1.95', '£1.30/100g']",1.95,£1.30/100g
5044,Wheat Crunchies Crispy Bacon 6 X 20G,https://www.tesco.com/groceries/en-GB/products/302302249,1687614801.8228831,"['£1.50', '£1.25/100g']",1.5,£1.25/100g
5045,Walkers French Fries Variety Snacks 6X18g,https://www.tesco.com/groceries/en-GB/products/254928412,1687614801.8966122,"['£1.95', '£1.81/100g']",1.95,£1.81/100g
5046,Tesco Roasted Salted Peanuts 550G,https://www.tesco.com/groceries/en-GB/products/297512084,1687614801.962091,"['£2.00', '£3.64/kg']",2.0,£3.64/kg
5047,Kettle Sea Salt & Balsamic Vinegar Potato Chips 130G,https://www.tesco.com/groceries/en-GB/products/306652664,1687614802.027025,"['£2.40', '£1.85/100g']",2.4,£1.85/100g
5048,Lotus Biscoff Snack Pack 248G,https://www.tesco.com/groceries/en-GB/products/301088337,1687614802.116123,"['£1.70', '£0.68/100g']",1.7,£0.68/100g
5049,Tesco Sweet Chilli Coated Peanuts 200G,https://www.tesco.com/groceries/en-GB/products/265879153,1687614802.218007,"['£1.30', '£6.50/kg']",1.3,£6.50/kg
5050,Tesco Finest Lightly Sea Salted Crinkle Cut Crisps 150G,https://www.tesco.com/groceries/en-GB/products/297048777,1687614802.286434,"['£1.35', '£0.90/100g']",1.35,£0.90/100g
5051,Propercorn Sweet & Salty Popcorn 6X14g,https://www.tesco.com/groceries/en-GB/products/297511920,1687614802.361952,"['£1.90', '£2.26/100g']",1.9,£2.26/100g
5052,Foxs Chocolatey Milk Chocolate Rounds 130G,https://www.tesco.com/groceries/en-GB/products/286541584,1687614802.427371,"['£1.85', '£1.42/100g']",1.85,£1.42/100g
5053,Nestle Aero Peppermint Chocolate Bars Multipack 4 X 27g,https://www.tesco.com/groceries/en-GB/products/268592982,1687614808.3038452,"['£1.50', '£1.39/100g']",1.5,£1.39/100g
5054,Pringles Original Crisps 165G,https://www.tesco.com/groceries/en-GB/products/308856092,1687614808.378241,"['£1.95', '£1.18/100g']",1.95,£1.18/100g
5056,Walkers Variety Crisps 6X25g,https://www.tesco.com/groceries/en-GB/products/254927131,1687614808.52257,"['£1.95', '£1.30/100g']",1.95,£1.30/100g
5057,Fox's Golden Crunch Creams Biscuit 200G,https://www.tesco.com/groceries/en-GB/products/310700320,1687614808.619477,"['£1.25', '£0.62/100g']",1.25,£0.62/100g
5058,Fox's Rocky Caramel 8Pk 168G,https://www.tesco.com/groceries/en-GB/products/295065569,1687614808.709483,"['£1.20', '£0.71/100g']",1.2,£0.71/100g
5059,Snack Organisation Sweet Chilli Cracker 100G,https://www.tesco.com/groceries/en-GB/products/287733802,1687614808.784103,"['£1.00', '£1.00/100g']",1.0,£1.00/100g
5060,Maryland Chocolate Chip Cookies 200G,https://www.tesco.com/groceries/en-GB/products/293418761,1687614808.8616378,"['£1.50', '£0.75/100g']",1.5,£0.75/100g
5062,Tesco Snappy Milk Chocolate Finger Biscuit 8Pk 172G,https://www.tesco.com/groceries/en-GB/products/254581348,1687614809.019076,"['£1.10', '£0.64/100g']",1.1,£0.64/100g
5064,Tesco Rich Tea Finger Biscuits 250G,https://www.tesco.com/groceries/en-GB/products/254922545,1687614809.185059,"['£0.70', '£0.28/100g']",0.7,£0.28/100g
5065,Tesco Milk Chocolate Peanut 200G,https://www.tesco.com/groceries/en-GB/products/300792887,1687614809.257152,"['£1.10', '£0.55/100g']",1.1,£0.55/100g
5066,Tesco Fresh Egg Custard Tarts 2 Pack,https://www.tesco.com/groceries/en-GB/products/257471105,1687614809.3281338,"['£0.85', '£0.42/each']",0.85,£0.42/each
5067,Tesco Milk Chocolate Bar 200G,https://www.tesco.com/groceries/en-GB/products/300794925,1687614809.39697,"['£1.20', '£0.60/100g']",1.2,£0.60/100g
5068,Cadbury Roses 290G,https://www.tesco.com/groceries/en-GB/products/303823260,1687614809.466155,"['£3.00', '£1.03/100g']",3.0,£1.03/100g
5069,Tesco Sesame Breadsticks 125G,https://www.tesco.com/groceries/en-GB/products/265940149,1687614809.543031,"['£0.55', '£0.44/100g']",0.55,£0.44/100g
5070,Ms Molly's Chocolate Chip Cookies 250G,https://www.tesco.com/groceries/en-GB/products/299599000,1687614809.615696,"['£0.49', '£0.20/100g']",0.49,£0.20/100g
5072,Tesco Mixed Nuts 200G,https://www.tesco.com/groceries/en-GB/products/266375033,1687614809.752909,"['£2.75', '£13.75/kg']",2.75,£13.75/kg
5073,Kp Original Salted Peanuts 415G,https://www.tesco.com/groceries/en-GB/products/300201309,1687614809.820957,"['£4.25', '£10.24/kg']",4.25,£10.24/kg
5074,Tesco Walnuts 200G,https://www.tesco.com/groceries/en-GB/products/296546961,1687614809.911604,"['£2.75', '£13.75/kg']",2.75,£13.75/kg
5076,Mcvitie's Jaffa Cakes Triple Pack 30 Cakes,https://www.tesco.com/groceries/en-GB/products/301516189,1687614810.04235,"['£2.75', '£0.09/each']",2.75,£0.09/each
5077,Kit Kat 2 Finger Milk Chocolate 21 Pack 434.7G,https://www.tesco.com/groceries/en-GB/products/292743872,1687614810.136032,"['£3.00', '£0.69/100g']",3.0,£0.69/100g
5078,Tesco Roasted Salted Cashew Nuts 150G,https://www.tesco.com/groceries/en-GB/products/297385240,1687614810.2444139,"['£2.20', '£14.67/kg']",2.2,£14.67/kg
5079,Mccoy's Cheddar & Onion Crisps 6X25g,https://www.tesco.com/groceries/en-GB/products/303485250,1687614810.31388,"['£2.25', '£1.50/100g']",2.25,£1.50/100g
5080,Tesco Sultanas 500G,https://www.tesco.com/groceries/en-GB/products/259169069,1687614810.38208,"['£1.55', '£3.10/kg']",1.55,£3.10/kg
5081,Walkers Baked Variety Crisps 6 X 22G,https://www.tesco.com/groceries/en-GB/products/312106099,1687614810.4535549,"['£1.95', '£1.48/100g']",1.95,£1.48/100g
5082,Tesco Honey Roasted Cashews 150G,https://www.tesco.com/groceries/en-GB/products/297508873,1687614810.521003,"['£2.20', '£14.67/kg']",2.2,£14.67/kg
5083,Walkers Baked Sea Salt 6 X 22G,https://www.tesco.com/groceries/en-GB/products/311687736,1687614810.588371,"['£1.95', '£1.48/100g']",1.95,£1.48/100g
5084,Tesco Finest Root Vegetable With Sea Salt Crisps 125G,https://www.tesco.com/groceries/en-GB/products/309488813,1687614810.654975,"['£1.80', '£1.44/100g']",1.8,£1.44/100g
5085,Nature Valley Crunchy Granola Oats & Honey 5X42g,https://www.tesco.com/groceries/en-GB/products/280447962,1687614810.722983,"['£2.50', '£1.19/100g']",2.5,£1.19/100g
5086,Tesco Original Mini Breadsticks 100G,https://www.tesco.com/groceries/en-GB/products/251697723,1687614810.8104918,"['£1.10', '£1.10/100g']",1.1,£1.10/100g
5087,Barny Chocolate Sponge Bears 5 Pack 125G,https://www.tesco.com/groceries/en-GB/products/306665038,1687614810.88145,"['£1.80', '£1.44/100g']",1.8,£1.44/100g
5088,Tesco Salted Popcorn 85G,https://www.tesco.com/groceries/en-GB/products/300161534,1687614810.975488,"['£1.25', '£1.47/100g']",1.25,£1.47/100g
5089,Tesco Rosemary Cracker 185G,https://www.tesco.com/groceries/en-GB/products/297315951,1687614811.042624,"['£1.20', '£0.65/100g']",1.2,£0.65/100g
5090,Cadbury Dairy Milk Chocolate 180G,https://www.tesco.com/groceries/en-GB/products/311272207,1687614811.1077518,"['£2.00', '£1.11/100g']",2.0,£1.11/100g
5091,Tesco Cheese Puff Snacks 150G,https://www.tesco.com/groceries/en-GB/products/260085915,1687614811.1745431,"['£1.20', '£0.80/100g']",1.2,£0.80/100g
5092,Seriously Strong Cheddar Cheese Spreadable 125G,https://www.tesco.com/groceries/en-GB/products/258805200,1687614811.24614,"['£1.58', '£12.64/kg']",1.58,£12.64/kg
5093,Mcvities Ginger Nuts 250G,https://www.tesco.com/groceries/en-GB/products/268313899,1687614811.339556,"['£1.50', '£0.60/100g']",1.5,£0.60/100g
5094,Tesco Roasted Salted Peanuts 200G,https://www.tesco.com/groceries/en-GB/products/297511989,1687614811.4082198,"['£1.10', '£5.50/kg']",1.1,£5.50/kg
5095,Walkers Roast Chicken Crisps 6X25g,https://www.tesco.com/groceries/en-GB/products/250580505,1687614811.476205,"['£1.95', '£1.30/100g']",1.95,£1.30/100g
5096,Nestle Milkybar White Chocolate Bars Multipack 4 X 25g,https://www.tesco.com/groceries/en-GB/products/272097278,1687614811.564575,"['£1.50', '£1.50/100g']",1.5,£1.50/100g
5097,Pringles Texas Bbq Crisps 165G,https://www.tesco.com/groceries/en-GB/products/310179320,1687614811.650156,"['£1.95', '£1.18/100g']",1.95,£1.18/100g
5098,Tesco Sweet Popcorn 110G,https://www.tesco.com/groceries/en-GB/products/268497375,1687614811.74591,"['£1.25', '£1.14/100g']",1.25,£1.14/100g
5099,Bahlsen Pick Up! Biscuit 5 Pack 140G,https://www.tesco.com/groceries/en-GB/products/277587802,1687614811.817584,"['£1.25', '£0.89/100g']",1.25,£0.89/100g
5100,Tesco Variety Crisps 30X25g,https://www.tesco.com/groceries/en-GB/products/286717417,1687614811.887593,"['£4.20', '£0.56/100g']",4.2,£0.56/100g
5101,Jammie Dodger Minis 6 X 20G,https://www.tesco.com/groceries/en-GB/products/296688337,1687614816.7565749,"['£1.25', '£1.04/100g']",1.25,£1.04/100g
5102,Tesco Salt & Vinegar Rice Cakes 130G,https://www.tesco.com/groceries/en-GB/products/309175544,1687614817.277772,"['£1.25', '£0.96/100g']",1.25,£0.96/100g
5103,Tesco Sweet Shop Mint Humbugs 200G,https://www.tesco.com/groceries/en-GB/products/268379158,1687614817.408957,"['£1.10', '£0.55/100g']",1.1,£0.55/100g
5104,Tesco Strawberry Flavour Laces 75G,https://www.tesco.com/groceries/en-GB/products/257133783,1687614817.477361,"['£0.70', '£0.93/100g']",0.7,£0.93/100g
5105,Walkers Salt & Shake Crisps 6X24g,https://www.tesco.com/groceries/en-GB/products/254926817,1687614817.5437691,"['£1.95', '£1.35/100g']",1.95,£1.35/100g
5106,Cadbury Dairy Milk 110G,https://www.tesco.com/groceries/en-GB/products/284117451,1687614817.631809,"['£1.35', '£1.23/100g']",1.35,£1.23/100g
5107,Fox's Jam Sandwich Cream Biscuit 150G,https://www.tesco.com/groceries/en-GB/products/251576968,1687614817.710585,"['£0.75', '£0.50/100g']",0.75,£0.50/100g
5108,Tesco Jaffa Cakes Twin Pack 282G,https://www.tesco.com/groceries/en-GB/products/300795325,1687614817.78598,"['£1.35', '£0.48/100g']",1.35,£0.48/100g
5109,Tesco Shortcake Biscuits 200G,https://www.tesco.com/groceries/en-GB/products/254922142,1687614817.856066,"['£0.65', '£0.32/100g']",0.65,£0.32/100g
5110,Cadbury Fry's Turkish Delight Chocolate Bars Multipack 3 X 51g,https://www.tesco.com/groceries/en-GB/products/287853222,1687614817.9257522,"['£1.25', '£0.82/100g']",1.25,£0.82/100g
5111,Tesco Bramley Apple Pies 6 Pack,https://www.tesco.com/groceries/en-GB/products/257313927,1687614817.9994261,"['£1.19', '£0.20/each']",1.19,£0.20/each
5112,Tesco Cheese Curls 10 Pack 150G,https://www.tesco.com/groceries/en-GB/products/300595003,1687614818.1086888,"['£1.35', '£0.90/100g']",1.35,£0.90/100g
5113,Galaxy Multipack Chocolate Bars 4 X42g,https://www.tesco.com/groceries/en-GB/products/280036005,1687614818.17787,"['£1.65', '£0.98/100g']",1.65,£0.98/100g
5114,Philadelphia Light Soft Cheese 280G,https://www.tesco.com/groceries/en-GB/products/311436216,1687614818.24752,"['£3.25', '£11.61/kg']",3.25,£11.61/kg
5115,Galaxy Milk Chocolate 360G,https://www.tesco.com/groceries/en-GB/products/300795348,1687614818.315808,"['£4.00', '£1.11/100g']",4.0,£1.11/100g
5116,Tesco Finest Medjool Dates 200G,https://www.tesco.com/groceries/en-GB/products/302676947,1687614818.3836732,"['£2.50', '£12.50/kg']",2.5,£12.50/kg
5117,Penn State Sour Cream & Chive Pretzels 175G,https://www.tesco.com/groceries/en-GB/products/254169215,1687614818.4499788,"['£1.80', '£1.03/100g']",1.8,£1.03/100g
5118,Penn State Salted Pretzels 175G,https://www.tesco.com/groceries/en-GB/products/254168775,1687614818.515593,"['£1.80', '£1.03/100g']",1.8,£1.03/100g
5119,Tesco Unsalted Mixed Nuts & Raisins 500G,https://www.tesco.com/groceries/en-GB/products/250218366,1687614818.5829089,"['£2.80', '£5.60/kg']",2.8,£5.60/kg
5120,Peperami Hot 5 Pack 5X22.5G,https://www.tesco.com/groceries/en-GB/products/296526887,1687614818.6512902,"['£2.75', '£2.44/100g']",2.75,£2.44/100g
5121,Doritos Mild Salsa Dip 300G,https://www.tesco.com/groceries/en-GB/products/267031030,1687614818.752415,"['£2.50', '£0.83/100g']",2.5,£0.83/100g
5122,Nairns Fine Milled Oatcakes 250G,https://www.tesco.com/groceries/en-GB/products/271768961,1687614818.843903,"['£1.25', '£0.50/100g']",1.25,£0.50/100g
5123,Soreen Banana Lunchbox Loaves 5 Pack,https://www.tesco.com/groceries/en-GB/products/273420937,1687614818.911516,"['£1.75', '£1.17/100g']",1.75,£1.17/100g
5124,Kallo Organic Lightly Salted Wholegrain Rice Cake 130G,https://www.tesco.com/groceries/en-GB/products/251085128,1687614818.999138,"['£1.50', '£1.15/100g']",1.5,£1.15/100g
5125,Oreo Lunchbox Vanilla 132G,https://www.tesco.com/groceries/en-GB/products/301420722,1687614819.0941381,"['£1.25', '£0.95/100g']",1.25,£0.95/100g
5126,Dairylea Cheese Spread 145G,https://www.tesco.com/groceries/en-GB/products/299001985,1687614819.163678,"['£1.95', '£13.45/kg']",1.95,£13.45/kg
5127,Oreo Vanilla 2 X 154G,https://www.tesco.com/groceries/en-GB/products/272616604,1687614819.231152,"['£1.75', '£0.57/100g']",1.75,£0.57/100g
5128,Dairylea Dunkers Jumbo Tubes Snacks 4 Pack 164G,https://www.tesco.com/groceries/en-GB/products/308856345,1687614819.302464,"['£2.25', '£13.72/kg']",2.25,£13.72/kg
5129,Popchips Bbq Flavour 5X17g,https://www.tesco.com/groceries/en-GB/products/308081823,1687614819.399393,"['£2.25', '£2.65/100g']",2.25,£2.65/100g
5130,Popchips Bbq Popped Potato Chips 85G,https://www.tesco.com/groceries/en-GB/products/275237264,1687614819.489999,"['£2.25', '£2.65/100g']",2.25,£2.65/100g
5131,Dairylea Cheese Triangles 125G,https://www.tesco.com/groceries/en-GB/products/285140426,1687614819.557865,"['£1.75', '£14.00/kg']",1.75,£14.00/kg
5132,Walkers Monster Munch Roast Beef 6X20g,https://www.tesco.com/groceries/en-GB/products/311252577,1687614819.625143,"['£1.95', '£1.62/100g']",1.95,£1.62/100g
5134,Cadbury Bournville Bar 180G,https://www.tesco.com/groceries/en-GB/products/286265409,1687614819.759197,"['£2.00', '£1.11/100g']",2.0,£1.11/100g
5135,Tesco Nacho Cheese Tortilla Chips 200G,https://www.tesco.com/groceries/en-GB/products/250057930,1687614819.828685,"['£1.10', '£0.55/100g']",1.1,£0.55/100g
5136,Philadelphia Lightest Soft Cheese 165G,https://www.tesco.com/groceries/en-GB/products/311679395,1687614819.901828,"['£2.20', '£13.33/kg']",2.2,£13.33/kg
5138,Kit Kat 2 Finger Dark Chocolate Biscuits 9 Pack 186.3G,https://www.tesco.com/groceries/en-GB/products/297556849,1687614820.0604868,"['£2.00', '£1.07/100g']",2.0,£1.07/100g
5139,Walkers Less Salt Mild Cheese & Onion Crisps 6 X 25G,https://www.tesco.com/groceries/en-GB/products/311207091,1687614820.126261,"['£1.95', '£1.30/100g']",1.95,£1.30/100g
5140,Haribo Maoam Stripes 140G (R),https://www.tesco.com/groceries/en-GB/products/302225952,1687614820.2170272,"['£1.25', '£0.89/100g']",1.25,£0.89/100g
5141,Rowntrees Jelly Tots Pouch Bag 150G,https://www.tesco.com/groceries/en-GB/products/292086111,1687614820.284679,"['£1.25', '£0.83/100g']",1.25,£0.83/100g
5142,Mars Snickers Chocolate Bars Multipack 4 X 41.7g,https://www.tesco.com/groceries/en-GB/products/287853000,1687614820.3516228,"['£1.65', '£0.99/100g']",1.65,£0.99/100g
5143,Walkers Bugles Southern Style Bbq 110G,https://www.tesco.com/groceries/en-GB/products/292671743,1687614820.4432058,"['£1.49', '£1.36/100g']",1.49,£1.36/100g
5144,Nestle Toffee Crisp 4 X 38G,https://www.tesco.com/groceries/en-GB/products/287522559,1687614820.511919,"['£1.50', '£0.99/100g']",1.5,£0.99/100g
5145,Cadbury Crunchie Bars 4 Pack 128G,https://www.tesco.com/groceries/en-GB/products/283787361,1687614820.580683,"['£1.50', '£1.17/100g']",1.5,£1.17/100g
5146,Cadbury Dairy Milk Chocolate Bars Multipack 4 X 33.5g,https://www.tesco.com/groceries/en-GB/products/308465865,1687614820.650409,"['£1.50', '£1.12/100g']",1.5,£1.12/100g
5147,Fridge Raiders Southern Style Chicken Bites 3X22.5G,https://www.tesco.com/groceries/en-GB/products/302490043,1687614820.716018,"['£1.60', '£2.37/100g']",1.6,£2.37/100g
5148,Kellogg's Coco Pops Cereal Bar 6 X 20G,https://www.tesco.com/groceries/en-GB/products/252861844,1687614820.8115032,"['£1.15', '£0.96/100g']",1.15,£0.96/100g
5149,Tesco Sour Cream & Chive Combo Mix 150G,https://www.tesco.com/groceries/en-GB/products/297348923,1687614826.144574,"['£1.20', '£0.80/100g']",1.2,£0.80/100g
5150,Eat Me Dates Deglet Nourishing Pitted 200G,https://www.tesco.com/groceries/en-GB/products/284196413,1687614826.274719,"['£2.50', '£12.50/kg']",2.5,£12.50/kg
5151,Oggs Plant-Based Mini Chocolate Cupcakes 9 Pack 180G,https://www.tesco.com/groceries/en-GB/products/313362115,1687614826.3492842,"['£3.95', '£2.19/100g']",3.95,£2.19/100g
5152,Tesco Almonds 200G,https://www.tesco.com/groceries/en-GB/products/266357101,1687614826.445292,"['£2.75', '£13.75/kg']",2.75,£13.75/kg
5153,Tesco Chocolate Brownie Bites 20 Pack,https://www.tesco.com/groceries/en-GB/products/268394928,1687614826.515239,"['£2.30', '£0.12/each']",2.3,£0.12/each
5154,Lindt Excellence Dark 90% Cocoa Chocolate Bar 100G,https://www.tesco.com/groceries/en-GB/products/264587407,1687614826.614017,"['£2.45', '£2.45/100g']",2.45,£2.45/100g
5155,Bendicks Mint Collection Boxed Chocolates 200G,https://www.tesco.com/groceries/en-GB/products/265261169,1687614826.711891,"['£6.00', '£3.00/100g']",6.0,£3.00/100g
5156,Hula Hoops Puft Salted 6X15g,https://www.tesco.com/groceries/en-GB/products/287233596,1687614826.802439,"['£2.25', '£2.50/100g']",2.25,£2.50/100g
5157,Walkers Sensations Honey & Salt Peanut 145G,https://www.tesco.com/groceries/en-GB/products/272969733,1687614826.872173,"['£2.50', '£17.24/kg']",2.5,£17.24/kg
5158,Ryvita Crackerbread 200G,https://www.tesco.com/groceries/en-GB/products/254926368,1687614826.939255,"['£1.75', '£0.88/100g']",1.75,£0.88/100g
5159,Mr Kipling 8 Angel Slices Slices,https://www.tesco.com/groceries/en-GB/products/295848853,1687614827.0125382,"['£3.95', '£0.49/each']",3.95,£0.49/each
5160,Tesco Roasted Salted Mixed Nuts 200G,https://www.tesco.com/groceries/en-GB/products/268420455,1687614827.109656,"['£2.20', '£11.00/kg']",2.2,£11.00/kg
5161,Jammie Dodgers Twin Pack 280 G,https://www.tesco.com/groceries/en-GB/products/278044885,1687614827.179795,"['£1.50', '£0.54/100g']",1.5,£0.54/100g
5162,Popchips Sour Cream & Onion Potato Snacks 5 X 17G,https://www.tesco.com/groceries/en-GB/products/308104019,1687614827.246987,"['£2.25', '£2.65/100g']",2.25,£2.65/100g
5163,Kettle Sweet Chilli & Sour Cream Potato Chips 130G,https://www.tesco.com/groceries/en-GB/products/312342066,1687614827.340968,"['£2.40', '£1.85/100g']",2.4,£1.85/100g
5164,Kinder Bueno Milk & Hazelnut Chocolate Bars Multipack 4 X 43g,https://www.tesco.com/groceries/en-GB/products/257679200,1687614827.429868,"['£2.25', '£1.31/100g']",2.25,£1.31/100g
5165,Tesco Garlic Crackers 185G,https://www.tesco.com/groceries/en-GB/products/307360253,1687614827.500919,"['£1.20', '£0.65/100g']",1.2,£0.65/100g
5166,Tesco Fruit Jellies 200G,https://www.tesco.com/groceries/en-GB/products/268378919,1687614827.5780401,"['£1.10', '£0.55/100g']",1.1,£0.55/100g
5167,Tesco Salt & Vinegar Sticks 150G,https://www.tesco.com/groceries/en-GB/products/260085646,1687614827.648774,"['£1.20', '£0.80/100g']",1.2,£0.80/100g
5168,Cadbury Dairy Milk Fruit & Nut Chocolate 180G,https://www.tesco.com/groceries/en-GB/products/311433867,1687614827.7169778,"['£2.00', '£1.11/100g']",2.0,£1.11/100g
5169,Tesco Rice Cakes Milk Chocolate 105G,https://www.tesco.com/groceries/en-GB/products/305973297,1687614827.78498,"['£1.30', '£1.24/100g']",1.3,£1.24/100g
5170,Tesco Finest All Butter Cheese Straws 100G,https://www.tesco.com/groceries/en-GB/products/312207953,1687614827.8507571,"['£1.85', '£1.85/100g']",1.85,£1.85/100g
5171,Milkybar White Chocolate Sharing Bar 90G,https://www.tesco.com/groceries/en-GB/products/307276278,1687614827.919261,"['£1.25', '£1.39/100g']",1.25,£1.39/100g
5172,Yorkie Milk Multi Pack 138G,https://www.tesco.com/groceries/en-GB/products/286616442,1687614827.992258,"['£1.50', '£1.09/100g']",1.5,£1.09/100g
5173,Mr Kipling Cherry Bakewells 6 Pack,https://www.tesco.com/groceries/en-GB/products/254947838,1687614828.062434,"['£1.99', '£0.33/each']",1.99,£0.33/each
5174,Walkers Smoky Bacon Crisps 6X25g,https://www.tesco.com/groceries/en-GB/products/260553650,1687614828.17151,"['£1.95', '£1.30/100g']",1.95,£1.30/100g
5175,Seabrook Prawn Prawn Cocktail Sixer 6 Pack,https://www.tesco.com/groceries/en-GB/products/275576755,1687614828.259993,"['£1.35', '£0.90/100g']",1.35,£0.90/100g
5176,Mr Kipling Angel Slice 6 Pack,https://www.tesco.com/groceries/en-GB/products/296983673,1687614828.333379,"['£2.75', '£0.46/each']",2.75,£0.46/each
5177,Tesco Intense Dark Chocolate Bar 100G,https://www.tesco.com/groceries/en-GB/products/300794902,1687614828.4015481,"['£1.15', '£1.15/100g']",1.15,£1.15/100g
5178,Haribo Giant Strawbs Fruit Gums 175G,https://www.tesco.com/groceries/en-GB/products/307747545,1687614828.46869,"['£1.25', '£0.71/100g']",1.25,£0.71/100g
5179,Haribo Supermix Fruit Milk & Sweet Foam Gums 175G,https://www.tesco.com/groceries/en-GB/products/307740610,1687614828.53634,"['£1.25', '£0.71/100g']",1.25,£0.71/100g
5180,Tesco Strawberry Pencils 75G,https://www.tesco.com/groceries/en-GB/products/256761242,1687614828.6041129,"['£0.70', '£0.93/100g']",0.7,£0.93/100g
5181,Cadbury Bournville Brunch Bar Chocolate Chip 5X32g,https://www.tesco.com/groceries/en-GB/products/309174015,1687614828.671656,"['£1.15', '£0.72/100g']",1.15,£0.72/100g
5182,Kellogg's Rice Krispies Cereal Milk Bars 6X20g,https://www.tesco.com/groceries/en-GB/products/252040802,1687614828.741133,"['£1.15', '£0.96/100g']",1.15,£0.96/100g
5183,Fox's Half Coated Milk Chocolate Cookies 175G,https://www.tesco.com/groceries/en-GB/products/306650319,1687614828.813768,"['£2.00', '£1.14/100g']",2.0,£1.14/100g
5184,Tesco Cheese Puffs 10 Pack 170G,https://www.tesco.com/groceries/en-GB/products/300595026,1687614828.902901,"['£1.35', '£0.79/100g']",1.35,£0.79/100g
5186,Tesco Raisin Munch Bar 6X32g,https://www.tesco.com/groceries/en-GB/products/256871244,1687614829.035126,"['£1.10', '£0.57/100g']",1.1,£0.57/100g
5187,Mars Galaxy Ripple Chocolate Bars Multipack 4 X 33g,https://www.tesco.com/groceries/en-GB/products/262842604,1687614829.101915,"['£1.65', '£1.25/100g']",1.65,£1.25/100g
5188,Stockwell & Co Fruit And Nut Mix 200G,https://www.tesco.com/groceries/en-GB/products/300410429,1687614829.173142,"['£0.59', '£2.95/kg']",0.59,£2.95/kg
5189,Ms Molly's 12 Iced Fairy Cakes,https://www.tesco.com/groceries/en-GB/products/300120975,1687614829.2675998,"['£0.99', '£0.08/each']",0.99,£0.08/each
5190,Guylian Seashells Boxed Chocolates 250G,https://www.tesco.com/groceries/en-GB/products/256870176,1687614829.3360372,"['£6.00', '£2.40/100g']",6.0,£2.40/100g
5191,Jacob's Mini Cheddars 14 Pack Red Leicester 322G,https://www.tesco.com/groceries/en-GB/products/312996870,1687614829.408763,"['£3.00', '£0.93/100g']",3.0,£0.93/100g
5192,Tesco Roasted & Salted Pistachio Nuts 300G,https://www.tesco.com/groceries/en-GB/products/257379526,1687614829.475044,"['£3.70', '£12.33/kg']",3.7,£12.33/kg
5193,Walkers Squares Variety Snacks 12X22g,https://www.tesco.com/groceries/en-GB/products/266537292,1687614829.541613,"['£3.25', '£1.23/100g']",3.25,£1.23/100g
5194,Tesco Brazil Nuts 200G,https://www.tesco.com/groceries/en-GB/products/302685533,1687614829.608644,"['£2.75', '£13.75/kg']",2.75,£13.75/kg
5195,Tesco Ready To Eat Prunes 500G,https://www.tesco.com/groceries/en-GB/products/255300888,1687614829.679859,"['£3.65', '£7.30/kg']",3.65,£7.30/kg
5196,Walkers Monster Munch Multipack 12X20g,https://www.tesco.com/groceries/en-GB/products/311444080,1687614829.753454,"['£3.25', '£1.35/100g']",3.25,£1.35/100g
5197,Jacobs Twiglets 150G,https://www.tesco.com/groceries/en-GB/products/256638717,1687614836.032326,"['£2.70', '£1.80/100g']",2.7,£1.80/100g
5198,Mcvitie's Dark Chocolate Digestive Biscuit 2 X 266G,https://www.tesco.com/groceries/en-GB/products/313008104,1687614836.1518028,"['£2.65', '£0.50/100g']",2.65,£0.50/100g
5199,Snack A Jacks Jumbo Caramel 159G,https://www.tesco.com/groceries/en-GB/products/264786143,1687614836.259299,"['£2.25', '£1.42/100g']",2.25,£1.42/100g
5201,Green & Blacks Organic Dark 70% Chocolate 90G,https://www.tesco.com/groceries/en-GB/products/303670278,1687614836.4140742,"['£2.45', '£2.72/100g']",2.45,£2.72/100g
5202,Maryland Chocolate Chip Cookies 2 X 200G,https://www.tesco.com/groceries/en-GB/products/309780121,1687614836.5259252,"['£2.00', '£0.50/100g']",2.0,£0.50/100g
5203,Tesco Roasted Salted Pistachio Nuts 150G,https://www.tesco.com/groceries/en-GB/products/251495069,1687614836.61489,"['£1.85', '£12.33/kg']",1.85,£12.33/kg
5204,Kiddylicious Veggie Straws Multipack 4X12g,https://www.tesco.com/groceries/en-GB/products/298648941,1687614836.680981,"['£2.30', '£4.79/100g']",2.3,£4.79/100g
5205,Ryvita Dark Rye Crisp Bread 250G,https://www.tesco.com/groceries/en-GB/products/256001031,1687614836.778333,"['£1.60', '£0.64/100g']",1.6,£0.64/100g
5206,Walkers Wotsits Giants Cheese Snacks 130G,https://www.tesco.com/groceries/en-GB/products/305962650,1687614836.846026,"['£2.50', '£1.92/100g']",2.5,£1.92/100g
5207,Kettle Mature Cheddar & Red Onion Potato Chips 130G,https://www.tesco.com/groceries/en-GB/products/305979008,1687614836.948398,"['£2.40', '£1.85/100g']",2.4,£1.85/100g
5208,Ritz Breaks Original 190G,https://www.tesco.com/groceries/en-GB/products/283249434,1687614837.0585961,"['£1.50', '£0.79/100g']",1.5,£0.79/100g
5209,Mars Twix Twin Chocolate Bars Multipack 9 X 40g,https://www.tesco.com/groceries/en-GB/products/302307809,1687614837.129091,"['£2.75', '£0.76/100g']",2.75,£0.76/100g
5210,Tesco Wheat Cracker 170G,https://www.tesco.com/groceries/en-GB/products/276885451,1687614837.1986618,"['£1.20', '£0.71/100g']",1.2,£0.71/100g
5211,Mars Snickers Snack Size Chocolate Bars Multipack 9 X 35.5g,https://www.tesco.com/groceries/en-GB/products/302296014,1687614837.270507,"['£2.75', '£0.86/100g']",2.75,£0.86/100g
5212,Ritz Cheese Crackers 200G,https://www.tesco.com/groceries/en-GB/products/254925444,1687614837.339094,"['£1.25', '£0.62/100g']",1.25,£0.62/100g
5213,Tesco Finest Crinkle Cut Roast Beef Crisps 150G,https://www.tesco.com/groceries/en-GB/products/301401987,1687614837.417265,"['£1.35', '£0.90/100g']",1.35,£0.90/100g
5214,Belvita Chocolate Chip Biscuits 225G,https://www.tesco.com/groceries/en-GB/products/297544633,1687614837.485749,"['£1.25', '£0.56/100g']",1.25,£0.56/100g
5215,Tesco Pumpkin Seeds 150G,https://www.tesco.com/groceries/en-GB/products/266387140,1687614837.5566359,"['£1.20', '£8.00/kg']",1.2,£8.00/kg
5216,Mars Milky Way Chocolate Bars Multipack 6 X 21.5g,https://www.tesco.com/groceries/en-GB/products/277531004,1687614837.624429,"['£1.65', '£1.28/100g']",1.65,£1.28/100g
5217,Mcvities Hobnobs Choccy Flapjacks 5 Pack 131.8G,https://www.tesco.com/groceries/en-GB/products/310145648,1687614837.6907132,"['£1.15', '£0.87/100g']",1.15,£0.87/100g
5218,Border Biscuits Dark Chocolate Ginger 150G,https://www.tesco.com/groceries/en-GB/products/304416699,1687614837.7788758,"['£1.90', '£1.27/100g']",1.9,£1.27/100g
5219,Twix Chocolate Fingers 9 X 20G,https://www.tesco.com/groceries/en-GB/products/311783518,1687614837.870744,"['£2.00', '£1.11/100g']",2.0,£1.11/100g
5220,Barratt Flumps 20G,https://www.tesco.com/groceries/en-GB/products/303272703,1687614837.972809,"['£0.35', '£1.75/100g']",0.35,£1.75/100g
5221,Kellogg's Frosties Cereal Bars 6 X 25G,https://www.tesco.com/groceries/en-GB/products/252882312,1687614838.049335,"['£1.15', '£0.77/100g']",1.15,£0.77/100g
5222,Cadbury Snack Cake 6 Pack 120G,https://www.tesco.com/groceries/en-GB/products/301516229,1687614838.1197371,"['£1.25', '£1.04/100g']",1.25,£1.04/100g
5223,Tesco Jelly Babies 250G,https://www.tesco.com/groceries/en-GB/products/254573427,1687614838.185662,"['£1.10', '£0.44/100g']",1.1,£0.44/100g
5224,Tesco 10 Mature Singles 200G,https://www.tesco.com/groceries/en-GB/products/274219518,1687614838.253972,"['£1.30', '£6.50/kg']",1.3,£6.50/kg
5225,Yorkie Milk Chocolate Biscuits 7 Pack 171.5G,https://www.tesco.com/groceries/en-GB/products/263538128,1687614838.319777,"['£1.25', '£0.73/100g']",1.25,£0.73/100g
5226,Tesco Milk Chocolate Buttons 70G,https://www.tesco.com/groceries/en-GB/products/259595923,1687614838.389171,"['£0.70', '£1.00/100g']",0.7,£1.00/100g
5227,Mars Single 51G,https://www.tesco.com/groceries/en-GB/products/281026563,1687614838.459001,"['£0.75', '£1.47/100g']",0.75,£1.47/100g
5228,Tesco Nice Biscuits 200G,https://www.tesco.com/groceries/en-GB/products/254922228,1687614838.565912,"['£0.65', '£0.32/100g']",0.65,£0.32/100g
5229,Maltesers Large Milk Chocolate Bag 175G,https://www.tesco.com/groceries/en-GB/products/250321992,1687614838.631698,"['£2.50', '£1.43/100g']",2.5,£1.43/100g
5230,Tgi Cupcakes Strawberry & Chocolate 6 Pack,https://www.tesco.com/groceries/en-GB/products/313610715,1687614838.701128,"['£4.50', '£0.75/each']",4.5,£0.75/each
5231,Tesco Soft Pitted Dates 250G,https://www.tesco.com/groceries/en-GB/products/274171043,1687614838.78246,"['£2.00', '£8.00/kg']",2.0,£8.00/kg
5232,Elizabeth Shaw Mint Crisp 162G,https://www.tesco.com/groceries/en-GB/products/311796549,1687614838.850771,"['£4.00', '£2.47/100g']",4.0,£2.47/100g
5233,Tesco Finest Scottish Shortbread Fingers 165G,https://www.tesco.com/groceries/en-GB/products/256089410,1687614838.942165,"['£2.00', '£1.21/100g']",2.0,£1.21/100g
5234,Hula Hoops Puft Beef 6X15g,https://www.tesco.com/groceries/en-GB/products/290028985,1687614839.0491252,"['£2.25', '£2.50/100g']",2.25,£2.50/100g
5235,Mcvities Milk Chocolate Hobnob Biscuits 2 X 262G,https://www.tesco.com/groceries/en-GB/products/312988822,1687614839.122792,"['£2.65', '£0.51/100g']",2.65,£0.51/100g
5236,Soreen 5 Apple Lunchbox Loaves 150G,https://www.tesco.com/groceries/en-GB/products/297385855,1687614839.190496,"['£1.75', '£1.17/100g']",1.75,£1.17/100g
5237,Kinder Mini Treats 16 Pack 200G,https://www.tesco.com/groceries/en-GB/products/256584906,1687614839.3053062,"['£2.45', '£1.22/100g']",2.45,£1.22/100g
5238,Walkers Baked Salt & Vinegar Crisps 6 X 22G,https://www.tesco.com/groceries/en-GB/products/311670827,1687614839.372488,"['£1.95', '£1.48/100g']",1.95,£1.48/100g
5239,Tesco Jumbo Roasted Salted Peanuts 200G,https://www.tesco.com/groceries/en-GB/products/297512049,1687614839.440093,"['£1.30', '£6.50/kg']",1.3,£6.50/kg
5240,Mr Kipling Country Slices 6 Pack,https://www.tesco.com/groceries/en-GB/products/254947389,1687614839.509402,"['£2.50', '£0.42/each']",2.5,£0.42/each
5241,Lindt Lindor Milk Chocolate Bars Multipack 4 X 25g,https://www.tesco.com/groceries/en-GB/products/297057651,1687614839.602227,"['£2.40', '£2.40/100g']",2.4,£2.40/100g
5242,Popchips Sour Cream & Onion Potato Chips 85G,https://www.tesco.com/groceries/en-GB/products/275236784,1687614839.6701,"['£2.25', '£2.65/100g']",2.25,£2.65/100g
5243,Tesco Chocolate Chip Mini Muffins 16 Pack,https://www.tesco.com/groceries/en-GB/products/300833270,1687614839.744832,"['£2.30', '£0.14/each']",2.3,£0.14/each
5244,Jacob's Mini Cheddars Red Leicester 6X23g,https://www.tesco.com/groceries/en-GB/products/313009230,1687614839.832405,"['£1.75', '£1.27/100g']",1.75,£1.27/100g
5245,Cadbury Wispa 9 Pack 213.3G,https://www.tesco.com/groceries/en-GB/products/309758137,1687614844.661299,"['£2.50', '£2.50/each']",2.5,£2.50/each
5246,Galaxy Cake Bars 5 Pack,https://www.tesco.com/groceries/en-GB/products/251558848,1687614844.9603992,"['£2.00', '£0.40/each']",2.0,£0.40/each
5247,Tesco Finest 9 Mini Cupcakes,https://www.tesco.com/groceries/en-GB/products/313749655,1687614845.1936908,"['£3.50', '£0.39/each']",3.5,£0.39/each
5248,Kp Hula Hoops Family 6X24g,https://www.tesco.com/groceries/en-GB/products/287135931,1687614845.264982,"['£2.25', '£1.56/100g']",2.25,£1.56/100g
5249,Cadbury Dairy Milk Whole Nut Chocolate 180G,https://www.tesco.com/groceries/en-GB/products/311208619,1687614845.352344,"['£2.00', '£1.11/100g']",2.0,£1.11/100g
5250,Terry's Chocolate Orange Mini's Bag 125G,https://www.tesco.com/groceries/en-GB/products/301638217,1687614845.420363,"['£1.50', '£1.20/100g']",1.5,£1.20/100g
5251,Mr Kipling Mini Battenberg Cakes 5 Pack,https://www.tesco.com/groceries/en-GB/products/251816699,1687614845.487714,"['£2.25', '£0.45/each']",2.25,£0.45/each
5252,Tesco Chia Seeds 150G,https://www.tesco.com/groceries/en-GB/products/290594510,1687614845.589633,"['£1.20', '£8.00/kg']",1.2,£8.00/kg
5253,Rowntrees Vegan Fruit Pastilles 4X42.8G,https://www.tesco.com/groceries/en-GB/products/308495309,1687614845.660203,"['£1.50', '£0.88/100g']",1.5,£0.88/100g
5254,Mr Porky Original Scratchings 65G,https://www.tesco.com/groceries/en-GB/products/306802205,1687614845.7297611,"['£1.00', '£1.54/100g']",1.0,£1.54/100g
5255,Seriously Strong Lighter Cheese Spreadable 125G,https://www.tesco.com/groceries/en-GB/products/276877236,1687614845.802367,"['£1.58', '£12.64/kg']",1.58,£12.64/kg
5256,Kit Kat 2 Finger Orange Chocolate Biscuit 9 Pack 186.3G,https://www.tesco.com/groceries/en-GB/products/297551584,1687614845.872567,"['£2.00', '£1.07/100g']",2.0,£1.07/100g
5257,Rowntree's Fruit Gums Vegan Friendly 150G,https://www.tesco.com/groceries/en-GB/products/310700389,1687614845.945306,"['£1.25', '£0.83/100g']",1.25,£0.83/100g
5258,Seabrook Cheese & Onion Sixer 6 Pack,https://www.tesco.com/groceries/en-GB/products/275603776,1687614846.013958,"['£1.35', '£0.90/100g']",1.35,£0.90/100g
5259,Galaxy Milk Chocolate Bar 110G,https://www.tesco.com/groceries/en-GB/products/300228255,1687614846.0913851,"['£1.50', '£1.36/100g']",1.5,£1.36/100g
5260,Jordans Frusli Blueberry Burst 6X30g,https://www.tesco.com/groceries/en-GB/products/257722420,1687614846.158012,"['£2.30', '£1.28/100g']",2.3,£1.28/100g
5261,Maryland Cookies Minis Double Chocolate Chip 6 Pack 118.8G,https://www.tesco.com/groceries/en-GB/products/304397295,1687614846.2512891,"['£1.25', '£1.05/100g']",1.25,£1.05/100g
5262,Mcvities Digestives 5 Caramel Millionaire Slices 109.9G,https://www.tesco.com/groceries/en-GB/products/310149172,1687614846.340153,"['£1.20', '£1.09/100g']",1.2,£1.09/100g
5263,Tesco Jelly Beans 200G,https://www.tesco.com/groceries/en-GB/products/268379400,1687614846.4301581,"['£1.10', '£0.55/100g']",1.1,£0.55/100g
5264,Tesco Dolly Mixtures 85G,https://www.tesco.com/groceries/en-GB/products/274000304,1687614846.497411,"['£0.70', '£0.82/100g']",0.7,£0.82/100g
5265,Tesco Dark Chocolate Mint Thins 180G,https://www.tesco.com/groceries/en-GB/products/311693587,1687614846.567254,"['£1.25', '£0.69/100g']",1.25,£0.69/100g
5266,Tesco Dried Mixed Fruit 500G,https://www.tesco.com/groceries/en-GB/products/254915329,1687614846.632423,"['£1.25', '£2.50/kg']",1.25,£2.50/kg
5267,Cadbury Caramel Cake Bars 5 Pack,https://www.tesco.com/groceries/en-GB/products/254576286,1687614846.703573,"['£2.25', '£0.45/each']",2.25,£0.45/each
5268,The Skinny Cracker Co Sea Salt & Black Pepper Cracker 185G,https://www.tesco.com/groceries/en-GB/products/312083084,1687614846.7927082,"['£1.00', '£0.54/100g']",1.0,£0.54/100g
5269,Milky Way Magic Stars Chocolate Pouch 100G,https://www.tesco.com/groceries/en-GB/products/291928137,1687614846.860498,"['£1.50', '£1.50/100g']",1.5,£1.50/100g
5270,Tesco White Chocolate Bar 200G,https://www.tesco.com/groceries/en-GB/products/300795164,1687614846.92902,"['£1.20', '£0.60/100g']",1.2,£0.60/100g
5272,Toblerone Milk 360G,https://www.tesco.com/groceries/en-GB/products/293368289,1687614847.104897,"['£5.00', '£1.39/100g']",5.0,£1.39/100g
5273,Green & Blacks Organic Tasting Collection Boxed Chocolates 395G,https://www.tesco.com/groceries/en-GB/products/270933859,1687614847.174886,"['£12.00', '£3.04/100g']",12.0,£3.04/100g
5274,Tesco Hazelnuts 200G,https://www.tesco.com/groceries/en-GB/products/266374921,1687614847.266662,"['£2.75', '£13.75/kg']",2.75,£13.75/kg
5275,"Thorntons Classic Collection Of Milk, Dark & White Chocolate 449G",https://www.tesco.com/groceries/en-GB/products/302295999,1687614847.336258,"['£11.00', '£2.45/100g']",11.0,£2.45/100g
5276,Organix 12 Month Apple & Raspberry Fruit & Cereal Bar 6X30g,https://www.tesco.com/groceries/en-GB/products/255126023,1687614847.406555,"['£3.00', '£1.67/100g']",3.0,£1.67/100g
5277,The Laughing Cow Light Cheese Spread Triangles 16Pk 267G,https://www.tesco.com/groceries/en-GB/products/309477204,1687614847.47411,"['£2.95', '£11.05/kg']",2.95,£11.05/kg
5278,Kp Dry Roasted Peanuts 415G,https://www.tesco.com/groceries/en-GB/products/300201298,1687614847.5431209,"['£4.25', '£10.24/kg']",4.25,£10.24/kg
5279,Wholefood Pine Nuts 100G,https://www.tesco.com/groceries/en-GB/products/254142569,1687614847.636152,"['£3.90', '£39.00/kg']",3.9,£39.00/kg
5280,Tesco Toasted Flaked Almonds 100G,https://www.tesco.com/groceries/en-GB/products/254998702,1687614847.702828,"['£1.80', '£18.00/kg']",1.8,£18.00/kg
5281,Quality Street Carton 220G,https://www.tesco.com/groceries/en-GB/products/311801464,1687614847.770684,"['£3.50', '£1.59/100g']",3.5,£1.59/100g
5282,Mattessons Smoked Pork Sausage Original 260G,https://www.tesco.com/groceries/en-GB/products/305055105,1687614847.8423738,"['£3.00', '£1.15/100g']",3.0,£1.15/100g
5283,Doritos Nacho Cheese Dip 280G,https://www.tesco.com/groceries/en-GB/products/311807129,1687614847.931715,"['£2.50', '£0.89/100g']",2.5,£0.89/100g
5284,Doritos Hot Salsa Dip 300G,https://www.tesco.com/groceries/en-GB/products/267031312,1687614848.0499089,"['£2.50', '£0.83/100g']",2.5,£0.83/100g
5285,Belvita Biscuit Strawberry & Yogurt Crunch 253G,https://www.tesco.com/groceries/en-GB/products/273686870,1687614848.139233,"['£2.75', '£1.09/100g']",2.75,£1.09/100g
5287,Belvita Soft Filled Chocolate Biscuits 250G,https://www.tesco.com/groceries/en-GB/products/297544898,1687614848.311282,"['£2.75', '£1.10/100g']",2.75,£1.10/100g
5288,Malteser Rocky Road Cake Bars 4 Pack,https://www.tesco.com/groceries/en-GB/products/313847389,1687614848.405834,"['£2.50', '£0.62/each']",2.5,£0.62/each
5289,Tesco Glace Cherry Halves 200G,https://www.tesco.com/groceries/en-GB/products/293702580,1687614848.475466,"['£1.65', '£8.25/kg']",1.65,£8.25/kg
5290,Ryvita Original Crisp Bread 250G,https://www.tesco.com/groceries/en-GB/products/256001296,1687614848.542206,"['£1.60', '£0.64/100g']",1.6,£0.64/100g
5291,Kallo Lightly Salted Wholegrain Low Fat Corn Cake 130G,https://www.tesco.com/groceries/en-GB/products/272600185,1687614848.608011,"['£1.40', '£1.08/100g']",1.4,£1.08/100g
5292,Milton's Multigrain Crackers 170G,https://www.tesco.com/groceries/en-GB/products/262050026,1687614848.702027,"['£1.40', '£0.82/100g']",1.4,£0.82/100g
5293,Kettle Lightly Salted Crisps 5 X 25G,https://www.tesco.com/groceries/en-GB/products/312698140,1687614853.5581608,"['£2.20', '£1.76/100g']",2.2,£1.76/100g
5294,Propercorn Perfectly Sweet Popcorn 90G,https://www.tesco.com/groceries/en-GB/products/297512585,1687614853.8255801,"['£1.80', '£2.00/100g']",1.8,£2.00/100g
5295,Kellogg's Fruit Winders Strawberry 5X17g,https://www.tesco.com/groceries/en-GB/products/309188051,1687614853.922585,"['£1.50', '£1.76/100g']",1.5,£1.76/100g
5296,Paw Patrol Snack Raisins 126G (9X14g),https://www.tesco.com/groceries/en-GB/products/297393586,1687614853.991745,"['£1.00', '£0.79/100g']",1.0,£0.79/100g
5297,Seriously Cheese Vintage Cheddar Spreadable 125G,https://www.tesco.com/groceries/en-GB/products/303851911,1687614854.061582,"['£1.58', '£12.64/kg']",1.58,£12.64/kg
5298,Mr Kipling Chocolatey Brownies 5 Pack,https://www.tesco.com/groceries/en-GB/products/313846125,1687614854.130476,"['£2.50', '£0.50/each']",2.5,£0.50/each
5299,Nairns Cheese Oatcake 200G,https://www.tesco.com/groceries/en-GB/products/259469618,1687614854.222581,"['£1.40', '£0.70/100g']",1.4,£0.70/100g
5300,Tesco Shorties Biscuits 300G,https://www.tesco.com/groceries/en-GB/products/254922107,1687614854.302806,"['£0.95', '£0.32/100g']",0.95,£0.32/100g
5301,Belvita Honey & Nut Biscuits 225G,https://www.tesco.com/groceries/en-GB/products/297544938,1687614854.37482,"['£1.25', '£0.56/100g']",1.25,£0.56/100g
5302,Butterkist Toffee Popcorn 6X20g,https://www.tesco.com/groceries/en-GB/products/276928920,1687614854.4450119,"['£1.50', '£1.25/100g']",1.5,£1.25/100g
5303,Kit Kat Milk Chocolate 4 Pack Multipack 4 X 41.5G,https://www.tesco.com/groceries/en-GB/products/292573934,1687614854.515627,"['£1.50', '£0.90/100g']",1.5,£0.90/100g
5304,Nestle Lion Milk Chocolate Bars Multipack 4 X 42g,https://www.tesco.com/groceries/en-GB/products/289880422,1687614854.58263,"['£1.50', '£0.89/100g']",1.5,£0.89/100g
5305,Van Der Meulen Melba Original Thins 100G,https://www.tesco.com/groceries/en-GB/products/311668961,1687614854.651238,"['£1.05', '£1.05/100g']",1.05,£1.05/100g
5306,Tesco Chunky Chocolate 10 Cookies 200G,https://www.tesco.com/groceries/en-GB/products/290351048,1687614854.720799,"['£1.20', '£0.60/100g']",1.2,£0.60/100g
5307,Nestle Rolo Chocolate Bars Multipack 4 X 41.6g,https://www.tesco.com/groceries/en-GB/products/303717858,1687614854.815624,"['£1.50', '£0.90/100g']",1.5,£0.90/100g
5308,Tesco 6 Coconut & Chocolate Bars 180G,https://www.tesco.com/groceries/en-GB/products/301466921,1687614854.883222,"['£1.25', '£0.69/100g']",1.25,£0.69/100g
5309,Nestle Milk Chocolate Animal Bar Single,https://www.tesco.com/groceries/en-GB/products/266724669,1687614854.952199,"['£0.25', '£1.32/100g']",0.25,£1.32/100g
5310,Cadbury Twirl Bite Size 109G,https://www.tesco.com/groceries/en-GB/products/285383599,1687614855.021421,"['£1.35', '£1.24/100g']",1.35,£1.24/100g
5311,Tesco White Chocolate Buttons 70G,https://www.tesco.com/groceries/en-GB/products/259595981,1687614855.09423,"['£0.70', '£1.00/100g']",0.7,£1.00/100g
5312,Terry's Orange Chocolate Bars Multipack 3 X 35g,https://www.tesco.com/groceries/en-GB/products/304410804,1687614855.175512,"['£1.00', '£0.95/100g']",1.0,£0.95/100g
5313,Toffee Crisp Chocolate Biscuits 7 Pack 130.9G,https://www.tesco.com/groceries/en-GB/products/258693843,1687614855.240555,"['£1.25', '£0.96/100g']",1.25,£0.96/100g
5314,Breakaway Milk Chocolate Biscuit 8 Pack 152.8G,https://www.tesco.com/groceries/en-GB/products/272708450,1687614855.308985,"['£1.25', '£0.82/100g']",1.25,£0.82/100g
5315,Cadbury Fry's Chocolate Cream Chocolate Bars Multipack 3 X 49g,https://www.tesco.com/groceries/en-GB/products/287853173,1687614855.37654,"['£1.25', '£0.85/100g']",1.25,£0.85/100g
5316,After Eight The Collection Box 199G,https://www.tesco.com/groceries/en-GB/products/311262070,1687614855.443607,"['£5.00', '£2.51/100g']",5.0,£2.51/100g
5317,Thorntons Continental Collection Boxed Chocolate 264G,https://www.tesco.com/groceries/en-GB/products/309162346,1687614855.511014,"['£10.00', '£3.79/100g']",10.0,£3.79/100g
5318,Wrigleys Extra Peppermint Gum Bottle 60 Pieces,https://www.tesco.com/groceries/en-GB/products/279782677,1687614855.5801651,"['£2.75', '£3.27/100g']",2.75,£3.27/100g
5319,Wholefood Dried Mango 100G,https://www.tesco.com/groceries/en-GB/products/260733201,1687614855.651514,"['£2.00', '£20.00/kg']",2.0,£20.00/kg
5320,Dairylea Regular Triangles 250G,https://www.tesco.com/groceries/en-GB/products/285140372,1687614855.7190568,"['£2.70', '£10.80/kg']",2.7,£10.80/kg
5321,Green & Blacks Organic Dark 85% Chocolate 90G,https://www.tesco.com/groceries/en-GB/products/303670376,1687614855.793591,"['£2.45', '£2.72/100g']",2.45,£2.72/100g
5322,Mr Kipling French Fancies 8 Pack,https://www.tesco.com/groceries/en-GB/products/254947412,1687614855.8600261,"['£2.85', '£0.36/each']",2.85,£0.36/each
5323,Mr Kipling Chocolate Slice 6 Pack,https://www.tesco.com/groceries/en-GB/products/296983696,1687614855.948513,"['£2.75', '£0.46/each']",2.75,£0.46/each
5324,Snack A Jacks Jumbo Chocolate Chip 180G,https://www.tesco.com/groceries/en-GB/products/264786293,1687614856.015811,"['£2.25', '£1.25/100g']",2.25,£1.25/100g
5325,Tesco Finest Lemon Meringue Bites 208G,https://www.tesco.com/groceries/en-GB/products/313621397,1687614856.083124,"['£2.75', '£1.32/100g']",2.75,£1.32/100g
5326,Trebor Extra Strong P/Mints 7 Rolls 289.1G,https://www.tesco.com/groceries/en-GB/products/268045899,1687614856.15495,"['£2.00', '£0.69/100g']",2.0,£0.69/100g
5327,Kit Kat Milk Chocolate Bar 4 Finger 41.5G X 8 Pack,https://www.tesco.com/groceries/en-GB/products/292573715,1687614856.222462,"['£2.50', '£0.75/100g']",2.5,£0.75/100g
5328,Popchips Sea Salt & Vinegar Chips 85G,https://www.tesco.com/groceries/en-GB/products/275236674,1687614856.290336,"['£2.25', '£2.65/100g']",2.25,£2.65/100g
5329,Tesco 10 Mini Gingerbread Men,https://www.tesco.com/groceries/en-GB/products/278130529,1687614856.357857,"['£1.20', '£0.12/each']",1.2,£0.12/each
5330,Mcvitie Go Ahead Strawberry Bakes 6X35g,https://www.tesco.com/groceries/en-GB/products/261582803,1687614856.424845,"['£1.85', '£0.88/100g']",1.85,£0.88/100g
5331,Tesco Bbq Flavoured Coated Peanuts 200G,https://www.tesco.com/groceries/en-GB/products/268345256,1687614856.491937,"['£1.30', '£6.50/kg']",1.3,£6.50/kg
5332,Blue Riband Original 16X18g,https://www.tesco.com/groceries/en-GB/products/302460851,1687614856.558594,"['£2.25', '£0.78/100g']",2.25,£0.78/100g
5333,Mr Kipling Bramley Apple Pies 6 Pack,https://www.tesco.com/groceries/en-GB/products/254948273,1687614856.6269948,"['£1.99', '£0.33/each']",1.99,£0.33/each
5334,Real Foods Original Corn Thins 150G,https://www.tesco.com/groceries/en-GB/products/250137778,1687614856.722923,"['£1.25', '£0.83/100g']",1.25,£0.83/100g
5335,Tesco Pecan Nuts 100G,https://www.tesco.com/groceries/en-GB/products/266375275,1687614856.8503208,"['£2.25', '£22.50/kg']",2.25,£22.50/kg
5336,Burts Potato Chips Lightly Sea Salted 150G,https://www.tesco.com/groceries/en-GB/products/262858315,1687614856.918723,"['£1.85', '£1.23/100g']",1.85,£1.23/100g
5337,Belvita Milk & Cereal Biscuits 225G,https://www.tesco.com/groceries/en-GB/products/297544790,1687614856.9856372,"['£1.25', '£0.56/100g']",1.25,£0.56/100g
5338,Organix Apple Rice Cake Clouds 40G,https://www.tesco.com/groceries/en-GB/products/311278800,1687614857.056015,"['£1.40', '£35.00/kg']",1.4,£35.00/kg
5339,Cadbury Picnic Chocolate Bars Multipack 4 X 38g,https://www.tesco.com/groceries/en-GB/products/292543538,1687614857.161281,"['£1.50', '£0.99/100g']",1.5,£0.99/100g
5340,Tesco Mini Gems 200G,https://www.tesco.com/groceries/en-GB/products/271373598,1687614857.23599,"['£1.10', '£0.55/100g']",1.1,£0.55/100g
5341,Tesco Finest Butterscotch Blondie Bites 205G,https://www.tesco.com/groceries/en-GB/products/313606669,1687614863.2305212,"['£2.75', '£1.34/100g']",2.75,£1.34/100g
5342,Kallo Organic Dark Chocolate Ricecakes 90G,https://www.tesco.com/groceries/en-GB/products/252476868,1687614863.3660219,"['£1.85', '£2.06/100g']",1.85,£2.06/100g
5343,Tesco Fizzy Strawberry Flavour Lances 75G,https://www.tesco.com/groceries/en-GB/products/257133685,1687614863.46498,"['£0.70', '£0.93/100g']",0.7,£0.93/100g
5344,Bahlsen Milk Choco Leibniz 125G,https://www.tesco.com/groceries/en-GB/products/257510953,1687614863.5364811,"['£1.60', '£1.28/100g']",1.6,£1.28/100g
5345,Snack Organisation Crackers Lightly Salted 100G,https://www.tesco.com/groceries/en-GB/products/287733661,1687614863.631495,"['£1.00', '£1.00/100g']",1.0,£1.00/100g
5346,Tesco Raspberry Mushrooms 75G,https://www.tesco.com/groceries/en-GB/products/284181880,1687614863.701455,"['£0.70', '£0.93/100g']",0.7,£0.93/100g
5347,Tesco Shrimps & Bananas 80G,https://www.tesco.com/groceries/en-GB/products/275049199,1687614863.768639,"['£0.70', '£0.88/100g']",0.7,£0.88/100g
5348,Tesco Reduced Fat Rich Tea Biscuits 300G,https://www.tesco.com/groceries/en-GB/products/254766453,1687614863.837086,"['£0.70', '£0.23/100g']",0.7,£0.23/100g
5349,Alpen Strawberry & Yogurt Cereal Bars 5X29g,https://www.tesco.com/groceries/en-GB/products/264351180,1687614863.9130392,"['£1.00', '£0.69/100g']",1.0,£0.69/100g
5350,Thorntons 10 S/Cremel Flavour Marble Bites,https://www.tesco.com/groceries/en-GB/products/313524754,1687614863.988854,"['£1.80', '£0.18/each']",1.8,£0.18/each
5351,Giant New Refresher Chew Bar (C),https://www.tesco.com/groceries/en-GB/products/256407784,1687614864.083194,"['£0.10', '£0.56/100g']",0.1,£0.56/100g
5352,Galaxy Minstrels Chocolate Pouch 125G,https://www.tesco.com/groceries/en-GB/products/305730775,1687614864.178677,"['£1.50', '£1.20/100g']",1.5,£1.20/100g
5353,Tesco Fruit Shortcake Biscuits 200G,https://www.tesco.com/groceries/en-GB/products/290329053,1687614864.2522721,"['£0.65', '£0.32/100g']",0.65,£0.32/100g
5354,Ms Molly's 12 Fairy Cakes,https://www.tesco.com/groceries/en-GB/products/300120998,1687614864.321549,"['£0.99', '£0.08/each']",0.99,£0.08/each
5355,Galaxy Minstrels Large Pouch 240G,https://www.tesco.com/groceries/en-GB/products/303667790,1687614864.391501,"['£2.25', '£0.94/100g']",2.25,£0.94/100g
5356,Tesco Lentil Curls Sour Cream & Chive 6 Pack 120G,https://www.tesco.com/groceries/en-GB/products/297348860,1687614864.464551,"['£1.15', '£0.96/100g']",1.15,£0.96/100g
5357,Dairy Box Boxed Chocolates 326G,https://www.tesco.com/groceries/en-GB/products/309789428,1687614864.5403378,"['£7.00', '£2.15/100g']",7.0,£2.15/100g
5358,Mr. Porky Crispy Pork Strips 35G,https://www.tesco.com/groceries/en-GB/products/306811004,1687614864.607856,"['£1.05', '£3.00/100g']",1.05,£3.00/100g
5359,Tesco Ready To Eat Apricots 500G,https://www.tesco.com/groceries/en-GB/products/253024187,1687614864.6754339,"['£3.70', '£7.40/kg']",3.7,£7.40/kg
5360,Whitworths Dried Golden Malatya Apricots 140G,https://www.tesco.com/groceries/en-GB/products/286783732,1687614864.742495,"['£2.00', '£14.29/kg']",2.0,£14.29/kg
5361,Tesco Lightly Salted Rice Cakes 130G,https://www.tesco.com/groceries/en-GB/products/306801045,1687614864.831,"['£1.25', '£0.96/100g']",1.25,£0.96/100g
5362,Tesco Breadstick Selection 120G,https://www.tesco.com/groceries/en-GB/products/309190462,1687614864.897677,"['£1.70', '£1.42/100g']",1.7,£1.42/100g
5363,Tesco Yogurt Coated Strawberry Fruit Bites 125G,https://www.tesco.com/groceries/en-GB/products/270934167,1687614864.967196,"['£1.90', '£1.52/100g']",1.9,£1.52/100g
5364,Mattessons Smoked Pork Sausage Original 160G,https://www.tesco.com/groceries/en-GB/products/305044533,1687614865.0444958,"['£2.20', '£1.38/100g']",2.2,£1.38/100g
5365,Propercorn Sweet & Salty 90G Sharing Bag,https://www.tesco.com/groceries/en-GB/products/278170354,1687614865.1691651,"['£1.90', '£2.11/100g']",1.9,£2.11/100g
5366,Eat Natural Protein Bar 3 X 45G,https://www.tesco.com/groceries/en-GB/products/284256556,1687614865.2400901,"['£2.40', '£1.78/100g']",2.4,£1.78/100g
5367,Kellogg's Nutrigrain Strawberry 6X37g,https://www.tesco.com/groceries/en-GB/products/267952414,1687614865.332801,"['£2.00', '£0.90/100g']",2.0,£0.90/100g
5368,Nairns Rough Oatcakes 291G,https://www.tesco.com/groceries/en-GB/products/272434652,1687614865.401879,"['£1.25', '£0.43/100g']",1.25,£0.43/100g
5369,Nature Valley Crunchy Granola Oats & Chocolate Bars 5X42g,https://www.tesco.com/groceries/en-GB/products/268413556,1687614865.47248,"['£2.50', '£1.19/100g']",2.5,£1.19/100g
5370,Gummi Zone Fast Food Mix 172G,https://www.tesco.com/groceries/en-GB/products/313954792,1687614865.5615969,"['£2.00', '£1.16/100g']",2.0,£1.16/100g
5371,Nature Valley Crunchy Granola Variety Cereal Bars 5 X 42G,https://www.tesco.com/groceries/en-GB/products/293379247,1687614865.629643,"['£2.50', '£1.19/100g']",2.5,£1.19/100g
5372,Lindt Lindor Milk Truffles 37G,https://www.tesco.com/groceries/en-GB/products/306503726,1687614865.7179992,"['£1.75', '£4.73/100g']",1.75,£4.73/100g
5374,Mcvities Milk Chocolate Digestive 266G,https://www.tesco.com/groceries/en-GB/products/300917252,1687614865.850274,"['£1.75', '£0.66/100g']",1.75,£0.66/100g
5375,Cadbury Marvellous Creations Dairy Milk Chocolate Bar 160G,https://www.tesco.com/groceries/en-GB/products/311270359,1687614865.9420779,"['£2.00', '£1.25/100g']",2.0,£1.25/100g
5376,Maltesers Cake Bars 5 Pack,https://www.tesco.com/groceries/en-GB/products/307741436,1687614866.014636,"['£2.00', '£0.40/each']",2.0,£0.40/each
5377,Cadbury White Chocolate Fingers Biscuits 114G,https://www.tesco.com/groceries/en-GB/products/306928569,1687614866.104018,"['£1.70', '£1.49/100g']",1.7,£1.49/100g
5378,Propercorn Lightly Sea Salt Popcorn 6X10g,https://www.tesco.com/groceries/en-GB/products/297511908,1687614866.17744,"['£1.90', '£3.17/100g']",1.9,£3.17/100g
5379,Pink Panther Wafers 154G,https://www.tesco.com/groceries/en-GB/products/313001244,1687614866.2455199,"['£0.90', '£0.58/100g']",0.9,£0.58/100g
5380,Walkers Less Salt Salt & Vinegar Crisp 6X25g,https://www.tesco.com/groceries/en-GB/products/311227510,1687614866.32045,"['£1.95', '£1.30/100g']",1.95,£1.30/100g
5381,Nestle Aero Milk Chocolate Bars Multipack 4 X 27g,https://www.tesco.com/groceries/en-GB/products/265046131,1687614866.456699,"['£1.50', '£1.39/100g']",1.5,£1.39/100g
5382,Rowntrees Randoms Pouch 150G,https://www.tesco.com/groceries/en-GB/products/292069996,1687614866.5395122,"['£1.25', '£0.83/100g']",1.25,£0.83/100g
5383,Ferrero Kinder Happy Hippo Single 20.7G,https://www.tesco.com/groceries/en-GB/products/253883701,1687614866.613121,"['£0.25', '£1.21/100g']",0.25,£1.21/100g
5384,Kallo Organic Milk Chocolate Thin Rice Cakes 90G,https://www.tesco.com/groceries/en-GB/products/252476845,1687614866.690064,"['£1.85', '£2.06/100g']",1.85,£2.06/100g
5385,Tesco Milk Bottles 75G,https://www.tesco.com/groceries/en-GB/products/270965130,1687614866.784534,"['£0.70', '£0.93/100g']",0.7,£0.93/100g
5386,Tesco Mint Assortment 200G,https://www.tesco.com/groceries/en-GB/products/268379626,1687614866.857069,"['£1.10', '£0.55/100g']",1.1,£0.55/100g
5387,Tesco Toffee 175G,https://www.tesco.com/groceries/en-GB/products/306656274,1687614866.942587,"['£1.10', '£0.63/100g']",1.1,£0.63/100g
5388,Alpen Light Chocolate & Fudge Bar 5X19g,https://www.tesco.com/groceries/en-GB/products/271252724,1687614867.0958002,"['£1.00', '£1.05/100g']",1.0,£1.05/100g
5389,Tesco Cashew Nuts 25G,https://www.tesco.com/groceries/en-GB/products/299497633,1687614872.098402,"['£0.50', '£2.00/100g']",0.5,£2.00/100g
5390,Fox's Fabulously Biscuits 275G,https://www.tesco.com/groceries/en-GB/products/301516241,1687614872.197731,"['£4.50', '£1.64/100g']",4.5,£1.64/100g
5391,Tesco 20 Flapjack Bites,https://www.tesco.com/groceries/en-GB/products/268394986,1687614872.269824,"['£2.30', '£0.12/each']",2.3,£0.12/each
5392,Tesco 15 Chocolate Cornflake Clusters,https://www.tesco.com/groceries/en-GB/products/268322208,1687614872.3630998,"['£2.30', '£0.15/each']",2.3,£0.15/each
5393,Haagen-Dazs Salted Caramel Ice Cream 460Ml,https://www.tesco.com/groceries/en-GB/products/300111410,1687614872.4584808,"['£5.15', '£1.12/100ml']",5.15,£1.12/100ml
5394,Tesco Finest Belgian Biscuit Selection 400G,https://www.tesco.com/groceries/en-GB/products/278636951,1687614872.538618,"['£6.00', '£1.50/100g']",6.0,£1.50/100g
5395,Tesco Seedless Raisins 12 Pack 168G,https://www.tesco.com/groceries/en-GB/products/303001858,1687614872.60672,"['£1.40', '£8.33/kg']",1.4,£8.33/kg
5396,Fibre One Chocolate Fudge Brownie Reduced Sugar 5 X 24G,https://www.tesco.com/groceries/en-GB/products/305829826,1687614872.675766,"['£2.60', '£2.17/100g']",2.6,£2.17/100g
5397,Bonne Maman Chocolate Coated Sweet Hearts 7 Pack 175G,https://www.tesco.com/groceries/en-GB/products/313525577,1687614872.746683,"['£2.90', '£1.66/100g']",2.9,£1.66/100g
5398,Philadelphia Light Mini Tub 140G (4X35g),https://www.tesco.com/groceries/en-GB/products/255721257,1687614872.83658,"['£1.95', '£13.93/kg']",1.95,£13.93/kg
5399,Graze Cocoa & Vanilla Bar 4 X 30G,https://www.tesco.com/groceries/en-GB/products/296445631,1687614872.906393,"['£2.75', '£2.29/100g']",2.75,£2.29/100g
5400,Walkers Wotsits Crunchy Cheese Snacks 140G,https://www.tesco.com/groceries/en-GB/products/311255764,1687614873.0067232,"['£2.50', '£1.79/100g']",2.5,£1.79/100g
5401,Kellogg's Nutri-Grain Chocolate Chip 6X45g,https://www.tesco.com/groceries/en-GB/products/262103875,1687614873.0907211,"['£2.50', '£0.93/100g']",2.5,£0.93/100g
5402,Kinder Bueno White Chocolate Bars Multipack 4 X 39g,https://www.tesco.com/groceries/en-GB/products/266183110,1687614873.1911948,"['£2.25', '£1.44/100g']",2.25,£1.44/100g
5403,Snack A Jacks Jumbo Salt & Vinegar Rice Cakes 126G,https://www.tesco.com/groceries/en-GB/products/264786241,1687614873.267086,"['£2.25', '£1.79/100g']",2.25,£1.79/100g
5404,Tesco Chicken Kiev Bites 216G,https://www.tesco.com/groceries/en-GB/products/268273749,1687614873.339487,"['£2.20', '£1.02/100g']",2.2,£1.02/100g
5405,Lotus Biscoff Sandwich Original Cream 150G,https://www.tesco.com/groceries/en-GB/products/305835156,1687614873.437094,"['£1.75', '£1.17/100g']",1.75,£1.17/100g
5406,Nakd Peanut Delight 4X35g,https://www.tesco.com/groceries/en-GB/products/294995640,1687614873.510457,"['£3.00', '£2.14/100g']",3.0,£2.14/100g
5407,Walkers Baked Prawn Cocktail Crisps 6 X 22G,https://www.tesco.com/groceries/en-GB/products/311276480,1687614873.605334,"['£1.95', '£1.48/100g']",1.95,£1.48/100g
5408,Nature Valley Granola Bars Maple Syrup 5 Pack,https://www.tesco.com/groceries/en-GB/products/280448128,1687614873.680784,"['£2.50', '£1.19/100g']",2.5,£1.19/100g
5409,Cathedral City Nibbles Cheese 5X16g,https://www.tesco.com/groceries/en-GB/products/302461458,1687614873.777858,"['£1.95', '£24.38/kg']",1.95,£24.38/kg
5410,Jacobs Cracker Crisps Sour Cream & Chive 150G,https://www.tesco.com/groceries/en-GB/products/287841256,1687614873.875298,"['£1.25', '£0.83/100g']",1.25,£0.83/100g
5411,Organix Summer Fruits Rice Cake Clouds 40G,https://www.tesco.com/groceries/en-GB/products/311217127,1687614873.9762402,"['£1.40', '£35.00/kg']",1.4,£35.00/kg
5412,Kellogg's Fruit Winders Double Apple & Strawberry 5X17g,https://www.tesco.com/groceries/en-GB/products/309163190,1687614874.064964,"['£1.50', '£1.76/100g']",1.5,£1.76/100g
5413,Peppa Pig Mini Snack Raisins 9X14g,https://www.tesco.com/groceries/en-GB/products/289082062,1687614874.164621,"['£1.00', '£7.94/kg']",1.0,£7.94/kg
5414,Bassetts Jelly Babies 190G,https://www.tesco.com/groceries/en-GB/products/272492680,1687614874.237011,"['£1.50', '£0.79/100g']",1.5,£0.79/100g
5415,Tesco Mint Imperials 200G,https://www.tesco.com/groceries/en-GB/products/274038185,1687614874.303645,"['£1.10', '£0.55/100g']",1.1,£0.55/100g
5417,Fibre One Milk Chocolate Popcorn Bars 4 X 21G,https://www.tesco.com/groceries/en-GB/products/301045279,1687614874.437191,"['£1.25', '£1.49/100g']",1.25,£1.49/100g
5418,Mcvitie's Mini Gingerbread Men 6X19g,https://www.tesco.com/groceries/en-GB/products/311780591,1687614874.513837,"['£1.25', '£1.10/100g']",1.25,£1.10/100g
5419,Tuc Original Snack Cracker 100G,https://www.tesco.com/groceries/en-GB/products/274813431,1687614874.5875342,"['£1.20', '£1.20/100g']",1.2,£1.20/100g
5420,Jordans Frusli Wild Berry 6X30g,https://www.tesco.com/groceries/en-GB/products/257722339,1687614874.656976,"['£2.30', '£1.28/100g']",2.3,£1.28/100g
5421,Mars Twix Chocolate Bars Multipack 4 X 40g,https://www.tesco.com/groceries/en-GB/products/288912338,1687614874.748074,"['£1.65', '£1.03/100g']",1.65,£1.03/100g
5422,Skinny Crunch Light Salted Caramel 5X19g,https://www.tesco.com/groceries/en-GB/products/312702695,1687614874.81711,"['£1.15', '£1.21/100g']",1.15,£1.21/100g
5423,Wagon Wheels Original Biscuit 6 Pack,https://www.tesco.com/groceries/en-GB/products/257595500,1687614874.8846238,"['£1.15', '£0.19/each']",1.15,£0.19/each
5424,Alpen Light Cereal Bar Chocolate Raspberry Shortcakes 5X19g,https://www.tesco.com/groceries/en-GB/products/305974083,1687614875.019478,"['£1.00', '£1.05/100g']",1.0,£1.05/100g
5425,Tesco Chocolate Malted Milk Biscuits 250G,https://www.tesco.com/groceries/en-GB/products/266045712,1687614875.113215,"['£1.20', '£0.48/100g']",1.2,£0.48/100g
5426,Golden Wonder Cheese & Onion Crisps 6X25g,https://www.tesco.com/groceries/en-GB/products/251017746,1687614875.186105,"['£1.30', '£0.87/100g']",1.3,£0.87/100g
5427,Tesco Wine Gums 250G,https://www.tesco.com/groceries/en-GB/products/256582494,1687614875.253876,"['£1.10', '£0.44/100g']",1.1,£0.44/100g
5428,Starburst Original Fruit Chews 152G,https://www.tesco.com/groceries/en-GB/products/311221856,1687614875.3229299,"['£0.99', '£0.65/100g']",0.99,£0.65/100g
5429,Blue Riband Original 8X18g,https://www.tesco.com/groceries/en-GB/products/302460809,1687614875.390083,"['£1.25', '£0.87/100g']",1.25,£0.87/100g
5430,M&M's Peanut Milk Chocolate Bag 125G,https://www.tesco.com/groceries/en-GB/products/303667657,1687614875.462502,"['£1.50', '£1.20/100g']",1.5,£1.20/100g
5431,Tesco Chocolate Chip Digestive Biscuits 400G,https://www.tesco.com/groceries/en-GB/products/265273276,1687614875.5287411,"['£0.85', '£0.21/100g']",0.85,£0.21/100g
5432,Tesco Wholefoods 4 Seed Mix 300G,https://www.tesco.com/groceries/en-GB/products/271072620,1687614875.594338,"['£2.50', '£8.33/kg']",2.5,£8.33/kg
5433,Tesco Sweet Biscuits 400G,https://www.tesco.com/groceries/en-GB/products/310163989,1687614875.6639261,"['£2.40', '£0.60/100g']",2.4,£0.60/100g
5434,Real Lancashire Eccles Cakes 4 Pack,https://www.tesco.com/groceries/en-GB/products/252479773,1687614875.7457101,"['£2.30', '£0.58/each']",2.3,£0.58/each
5435,Haagen-Dazs Vanilla Ice Cream 460Ml,https://www.tesco.com/groceries/en-GB/products/300111312,1687614875.816447,"['£5.15', '£1.12/100ml']",5.15,£1.12/100ml
5436,Maltesers Teasers 335G,https://www.tesco.com/groceries/en-GB/products/309176860,1687614875.88665,"['£5.00', '£1.49/100g']",5.0,£1.49/100g
5437,Lindt Excellence Touch Of Sea Salt Chocolate Bar 100G,https://www.tesco.com/groceries/en-GB/products/266726834,1687614881.8613372,"['£2.45', '£2.45/100g']",2.45,£2.45/100g
5438,Cathedral City Mini Mature Lighter Cheese 6 X 20G,https://www.tesco.com/groceries/en-GB/products/302295862,1687614881.974577,"['£2.00', '£16.67/kg']",2.0,£16.67/kg
5439,Pagen Wholegrain Krisprolls 225G,https://www.tesco.com/groceries/en-GB/products/254592139,1687614882.0882392,"['£1.90', '£0.84/100g']",1.9,£0.84/100g
5440,Mars Maltesers Fun Size Chocolate Bars Multipack 11 X 19.5g,https://www.tesco.com/groceries/en-GB/products/311799039,1687614882.200265,"['£3.50', '£1.63/100g']",3.5,£1.63/100g
5441,Butterkist Cinema Sweet Popcorn 100G,https://www.tesco.com/groceries/en-GB/products/292945472,1687614882.286319,"['£2.00', '£2.00/100g']",2.0,£2.00/100g
5442,Bolands Chocolate Kimberley Teacake 132G,https://www.tesco.com/groceries/en-GB/products/272052268,1687614882.3754041,"['£1.65', '£1.25/100g']",1.65,£1.25/100g
5443,Laughing Cow Dip And Crunch Original 140G,https://www.tesco.com/groceries/en-GB/products/282111218,1687614882.446389,"['£1.60', '£11.43/kg']",1.6,£11.43/kg
5444,Philadelphia Light & Tasty Soft Cheese Snack 3 Pack 126G,https://www.tesco.com/groceries/en-GB/products/308839556,1687614882.518954,"['£1.50', '£11.90/kg']",1.5,£11.90/kg
5445,Tesco Free From Wholegrain Rice Cakes 130G,https://www.tesco.com/groceries/en-GB/products/284384968,1687614882.594316,"['£1.10', '£0.85/100g']",1.1,£0.85/100g
5446,Skips Prawn Cocktail Sharing Crisps 65G,https://www.tesco.com/groceries/en-GB/products/313000850,1687614882.667728,"['£1.20', '£1.85/100g']",1.2,£1.85/100g
5447,Twix Chocolate Biscuits Fingers 16X20g 320G,https://www.tesco.com/groceries/en-GB/products/311667455,1687614882.739267,"['£2.75', '£0.86/100g']",2.75,£0.86/100g
5448,Walkers Marmite Crisps 6X25g,https://www.tesco.com/groceries/en-GB/products/289395607,1687614882.807265,"['£1.95', '£1.30/100g']",1.95,£1.30/100g
5449,Rowntree's Pic And Mix Vegan Friendly Sweets 150G,https://www.tesco.com/groceries/en-GB/products/310651826,1687614882.8966331,"['£1.25', '£0.83/100g']",1.25,£0.83/100g
5450,Mr Kipling Lemon Slice 6 Pack,https://www.tesco.com/groceries/en-GB/products/296983713,1687614882.9670122,"['£2.75', '£0.46/each']",2.75,£0.46/each
5451,Rowntrees Vegan Strawberry & Blackcurrant Fruit Pastilles 143G,https://www.tesco.com/groceries/en-GB/products/308455474,1687614883.035935,"['£1.25', '£0.87/100g']",1.25,£0.87/100g
5452,Ferrero Nutella And Go Chocolate Bars Multipack 1 X 96g,https://www.tesco.com/groceries/en-GB/products/293639332,1687614883.102454,"['£1.60', '£1.67/100g']",1.6,£1.67/100g
5453,Galaxy Caramel Chocolate Bar 135G,https://www.tesco.com/groceries/en-GB/products/265416771,1687614883.1913118,"['£1.50', '£1.11/100g']",1.5,£1.11/100g
5454,Big Hoops Bbq Beef Grab Bag Crisps 45G,https://www.tesco.com/groceries/en-GB/products/311438266,1687614883.266263,"['£1.00', '£2.22/100g']",1.0,£2.22/100g
5455,Fox's Ginger Crunch Creams Biscuits 200G,https://www.tesco.com/groceries/en-GB/products/310163701,1687614883.376374,"['£1.25', '£0.62/100g']",1.25,£0.62/100g
5456,Maltesers Truffles Small Gift Box 54G,https://www.tesco.com/groceries/en-GB/products/301636939,1687614883.466282,"['£2.00', '£3.70/100g']",2.0,£3.70/100g
5457,Fox's Salted Caramel Crunch Cream Biscuits 200G,https://www.tesco.com/groceries/en-GB/products/310685587,1687614883.560717,"['£1.25', '£0.62/100g']",1.25,£0.62/100g
5458,Crosta & Mollica Torinesi Breadsticks 120G,https://www.tesco.com/groceries/en-GB/products/277731954,1687614883.6600692,"['£1.60', '£1.33/100g']",1.6,£1.33/100g
5459,Polo Mints Single,https://www.tesco.com/groceries/en-GB/products/251892716,1687614883.749256,"['£0.70', '£2.06/100g']",0.7,£2.06/100g
5460,Tesco Sultana & Oat Cookies 200G,https://www.tesco.com/groceries/en-GB/products/290350049,1687614883.866248,"['£1.20', '£0.60/100g']",1.2,£0.60/100g
5461,Cadbury Caramel Nibbles 120G,https://www.tesco.com/groceries/en-GB/products/285383858,1687614883.934082,"['£1.35', '£1.12/100g']",1.35,£1.12/100g
5462,Cadbury Wispa Chocolate Bars Multipack 4 X 27.9g,https://www.tesco.com/groceries/en-GB/products/309465086,1687614884.0090292,"['£1.50', '£1.34/100g']",1.5,£1.34/100g
5463,Alpen Light Summer Fruits Bars 5 Pack 95G,https://www.tesco.com/groceries/en-GB/products/259012969,1687614884.076282,"['£1.00', '£1.05/100g']",1.0,£1.05/100g
5464,Galaxy Counters Chocolate Pouch 122G,https://www.tesco.com/groceries/en-GB/products/305832418,1687614884.147625,"['£1.50', '£1.23/100g']",1.5,£1.23/100g
5465,Kinder Chocolate 4 Pack 50G,https://www.tesco.com/groceries/en-GB/products/275356601,1687614884.213803,"['£0.65', '£1.30/100g']",0.65,£1.30/100g
5466,Tesco Lentil Curls 6 Pack 120G,https://www.tesco.com/groceries/en-GB/products/297348848,1687614884.329748,"['£1.15', '£0.96/100g']",1.15,£0.96/100g
5467,Barratt Sherbet Fountain 25G,https://www.tesco.com/groceries/en-GB/products/265384146,1687614884.401849,"['£0.20', '£0.80/100g']",0.2,£0.80/100g
5468,Mr Kipling Caramel Apple Loaf Cake 210G,https://www.tesco.com/groceries/en-GB/products/313623118,1687614884.4678059,"['£2.25', '£1.07/100g']",2.25,£1.07/100g
5469,Lindt Lindor Salted Caramel Truffles 200G,https://www.tesco.com/groceries/en-GB/products/306495999,1687614884.554383,"['£6.00', '£3.00/100g']",6.0,£3.00/100g
5470,Lindt Lindor 60% Dark Chocolate Truffles Carton 200G,https://www.tesco.com/groceries/en-GB/products/260740048,1687614884.6205518,"['£6.00', '£3.00/100g']",6.0,£3.00/100g
5471,Fox's Favourites Biscuit Selection 350G,https://www.tesco.com/groceries/en-GB/products/309746693,1687614884.689464,"['£2.75', '£0.79/100g']",2.75,£0.79/100g
5472,Philadelphia Garlic & Herbs Soft Cheese 280G,https://www.tesco.com/groceries/en-GB/products/311795585,1687614884.7559922,"['£3.25', '£11.61/kg']",3.25,£11.61/kg
5473,Dairylea Dunkers Ritz Cheese Snacks 6 Pack 258G,https://www.tesco.com/groceries/en-GB/products/308854318,1687614884.82807,"['£3.30', '£12.79/kg']",3.3,£12.79/kg
5474,Tesco 30 Mini Gingerbread Men 300G,https://www.tesco.com/groceries/en-GB/products/310690710,1687614884.8943841,"['£2.30', '£0.77/100g']",2.3,£0.77/100g
5475,Wrigley's Extra Spearmint Bottle 60 Piece,https://www.tesco.com/groceries/en-GB/products/279783394,1687614884.961514,"['£2.75', '£3.27/100g']",2.75,£3.27/100g
5476,Tesco Pecan Halves 200G,https://www.tesco.com/groceries/en-GB/products/271090172,1687614885.056688,"['£3.75', '£18.75/kg']",3.75,£18.75/kg
5477,Kp Salt & Vinegar Peanuts 225G,https://www.tesco.com/groceries/en-GB/products/297385498,1687614885.125866,"['£3.00', '£13.33/kg']",3.0,£13.33/kg
5478,Fruit Bowl Strawberry Peelers 5X16g,https://www.tesco.com/groceries/en-GB/products/301971017,1687614885.215144,"['£2.50', '£3.12/100g']",2.5,£3.12/100g
5479,Lindt Excellence 85% Cocoa 100G,https://www.tesco.com/groceries/en-GB/products/250986325,1687614885.3038132,"['£2.45', '£2.45/100g']",2.45,£2.45/100g
5480,Tesco Raisin Mix 200G,https://www.tesco.com/groceries/en-GB/products/302685493,1687614885.390811,"['£2.00', '£10.00/kg']",2.0,£10.00/kg
5481,Fruit Factory Multi Fruit Stars 5 Pack 100G,https://www.tesco.com/groceries/en-GB/products/265388463,1687614885.456848,"['£2.35', '£2.35/100g']",2.35,£2.35/100g
5482,Mattessons Smoked Pork Sausages Reduced Fat 160G,https://www.tesco.com/groceries/en-GB/products/304789056,1687614885.560544,"['£2.20', '£1.38/100g']",2.2,£1.38/100g
5483,Tesco Glace Cherries 200G,https://www.tesco.com/groceries/en-GB/products/257260044,1687614885.662626,"['£1.65', '£8.25/kg']",1.65,£8.25/kg
5484,Hula Hoops Puft Salt & Vinegar 6X15g,https://www.tesco.com/groceries/en-GB/products/287247502,1687614885.730728,"['£2.25', '£2.50/100g']",2.25,£2.50/100g
5485,Mcvities 3 Jaffa Cakes Pocket Pack 183G,https://www.tesco.com/groceries/en-GB/products/299623888,1687614891.4408221,"['£2.00', '£1.09/100g']",2.0,£1.09/100g
5486,Lees 6 Snowballs 110G,https://www.tesco.com/groceries/en-GB/products/273581164,1687614891.574614,"['£1.00', '£0.91/100g']",1.0,£0.91/100g
5487,Popchips Original Popped Potato Chips 85G,https://www.tesco.com/groceries/en-GB/products/275236864,1687614891.6489542,"['£2.25', '£2.65/100g']",2.25,£2.65/100g
5488,Tesco British Mild Cheddar Snack Sticks 5X20g,https://www.tesco.com/groceries/en-GB/products/300000046,1687614891.7187681,"['£1.70', '£17.00/kg']",1.7,£17.00/kg
5489,Barny Milk Kids Sponge Bear 5 Pack 125G,https://www.tesco.com/groceries/en-GB/products/305983613,1687614891.79228,"['£1.80', '£1.44/100g']",1.8,£1.44/100g
5490,Tesco Double Chocolate Mini Muffins 16 Pack,https://www.tesco.com/groceries/en-GB/products/300833258,1687614891.8857868,"['£2.30', '£0.14/each']",2.3,£0.14/each
5491,Marmite Bites 100G (5X20g),https://www.tesco.com/groceries/en-GB/products/264186605,1687614891.981035,"['£1.50', '£15.00/kg']",1.5,£15.00/kg
5492,Hayden's 4 Delicious Yum Yums,https://www.tesco.com/groceries/en-GB/products/314436920,1687614892.0600672,"['£1.50', '£0.38/each']",1.5,£0.38/each
5493,Philadelphia Chives Soft Cheese 165G,https://www.tesco.com/groceries/en-GB/products/311679527,1687614892.135967,"['£2.20', '£13.33/kg']",2.2,£13.33/kg
5494,Tesco Bombay Mix 200G,https://www.tesco.com/groceries/en-GB/products/250163971,1687614892.235195,"['£1.10', '£5.50/kg']",1.1,£5.50/kg
5495,Haribo Maoam Pinballs 140G (R),https://www.tesco.com/groceries/en-GB/products/302225854,1687614892.303884,"['£1.25', '£0.89/100g']",1.25,£0.89/100g
5496,Kit Kat 2 Finger White Chocolate Wafer Bars 9 X 20.7G,https://www.tesco.com/groceries/en-GB/products/310655972,1687614892.375836,"['£2.00', '£1.07/100g']",2.0,£1.07/100g
5497,Tesco Liquorice Allsorts 250G,https://www.tesco.com/groceries/en-GB/products/256582436,1687614892.4660869,"['£1.10', '£0.44/100g']",1.1,£0.44/100g
5498,Oreo Double Stuff 157G,https://www.tesco.com/groceries/en-GB/products/278790657,1687614892.5343301,"['£1.20', '£0.76/100g']",1.2,£0.76/100g
5499,Tesco Fizzy Cola Lances 75G,https://www.tesco.com/groceries/en-GB/products/257133731,1687614892.6028621,"['£0.70', '£0.93/100g']",0.7,£0.93/100g
5500,Tesco Fruit Pastilles 250G,https://www.tesco.com/groceries/en-GB/products/256582465,1687614892.669625,"['£1.10', '£0.44/100g']",1.1,£0.44/100g
5501,Haribo Giant Strawbs Gone Mini 16G,https://www.tesco.com/groceries/en-GB/products/303668380,1687614892.738462,"['£0.30', '£1.88/100g']",0.3,£1.88/100g
5502,Kellogg's Special K Juicy Red Berry Bars 6X21.5G,https://www.tesco.com/groceries/en-GB/products/310186144,1687614892.818901,"['£1.25', '£0.97/100g']",1.25,£0.97/100g
5503,Tesco Peanut Munch Bar 6 Pack 192G,https://www.tesco.com/groceries/en-GB/products/255526391,1687614892.886956,"['£1.10', '£0.57/100g']",1.1,£0.57/100g
5504,Tesco Chocolate Eclairs 175G,https://www.tesco.com/groceries/en-GB/products/306666072,1687614892.95563,"['£1.10', '£0.63/100g']",1.1,£0.63/100g
5505,Proper Chips 85G Sea Salt,https://www.tesco.com/groceries/en-GB/products/305853664,1687614893.0241332,"['£2.00', '£2.35/100g']",2.0,£2.35/100g
5506,Alpen Light Cereal Bars Salted Caramel 5X19g,https://www.tesco.com/groceries/en-GB/products/301970462,1687614893.092253,"['£1.00', '£1.05/100g']",1.0,£1.05/100g
5507,Marmite Rice Cakes 110G,https://www.tesco.com/groceries/en-GB/products/299610327,1687614893.165327,"['£1.60', '£1.46/100g']",1.6,£1.46/100g
5508,Tesco 10 Double Chocolate Mini Rolls,https://www.tesco.com/groceries/en-GB/products/306952833,1687614893.236341,"['£1.35', '£0.14/each']",1.35,£0.14/each
5509,Lindt Lindor White Chocolate Truffles Carton 200G,https://www.tesco.com/groceries/en-GB/products/265059450,1687614893.3110359,"['£6.00', '£3.00/100g']",6.0,£3.00/100g
5510,Bear Pure Fruit Yoyo Strawberry 9X20g,https://www.tesco.com/groceries/en-GB/products/286782799,1687614893.378874,"['£4.45', '£2.47/100g']",4.45,£2.47/100g
5511,Butterkist Microwave Popcorn Sweet & Salted 3X60g,https://www.tesco.com/groceries/en-GB/products/303543078,1687614893.469653,"['£2.50', '£1.39/100g']",2.5,£1.39/100g
5512,The Laughing Cow Original Cheese Spread Triangles 16Pk 267G,https://www.tesco.com/groceries/en-GB/products/309479352,1687614893.5402722,"['£2.95', '£11.05/kg']",2.95,£11.05/kg
5513,The Laughing Cow Light Blue Triangles 128G,https://www.tesco.com/groceries/en-GB/products/274438466,1687614893.6100621,"['£1.90', '£14.84/kg']",1.9,£14.84/kg
5514,Famous Names Signature Collection 185G,https://www.tesco.com/groceries/en-GB/products/297061478,1687614893.679015,"['£6.00', '£3.24/100g']",6.0,£3.24/100g
5515,Tesco Millionaire Bites 22Pk,https://www.tesco.com/groceries/en-GB/products/268770627,1687614893.769225,"['£2.30', '£0.10/each']",2.3,£0.10/each
5516,Tesco Apple & Strawberry Fruit Slurpers 4X90g,https://www.tesco.com/groceries/en-GB/products/302986373,1687614893.868511,"['£2.10', '£0.58/100g']",2.1,£0.58/100g
5517,Kp Honey Roast Peanuts 225G,https://www.tesco.com/groceries/en-GB/products/297385515,1687614893.943064,"['£3.00', '£13.33/kg']",3.0,£13.33/kg
5518,Fruit Factory Multi Fruit Strings 5X 20G,https://www.tesco.com/groceries/en-GB/products/265285233,1687614894.035711,"['£2.35', '£2.35/100g']",2.35,£2.35/100g
5519,Bear Pure Fruit Yoyo Raspberry 5 X 20G,https://www.tesco.com/groceries/en-GB/products/284982842,1687614894.1271849,"['£2.85', '£2.85/100g']",2.85,£2.85/100g
5520,Bendicks Bittermints Carton 200G,https://www.tesco.com/groceries/en-GB/products/255579074,1687614894.218386,"['£5.50', '£2.75/100g']",5.5,£2.75/100g
5521,Lindt Excellence Extra Creamy Milk Chocolate Bar 100G,https://www.tesco.com/groceries/en-GB/products/251277783,1687614894.314477,"['£2.45', '£2.45/100g']",2.45,£2.45/100g
5522,Lindt Excellence Dark Orange Intense Chocolate Bar 100G,https://www.tesco.com/groceries/en-GB/products/256363293,1687614894.413732,"['£2.45', '£2.45/100g']",2.45,£2.45/100g
5523,Walkers Variety Ready Salted &Vngr Crisps 12X25g,https://www.tesco.com/groceries/en-GB/products/309195900,1687614894.506761,"['£3.25', '£1.08/100g']",3.25,£1.08/100g
5524,Walkers Variety Cheese & Onion & Ready Salted Crisps 12X25g,https://www.tesco.com/groceries/en-GB/products/309185209,1687614894.599463,"['£3.25', '£1.08/100g']",3.25,£1.08/100g
5525,Tesco Roasted & Salted Almonds 100G,https://www.tesco.com/groceries/en-GB/products/268424848,1687614894.668107,"['£1.55', '£15.50/kg']",1.55,£15.50/kg
5526,Tesco Sea Salt & Black Pepper Cashew Nuts 150G,https://www.tesco.com/groceries/en-GB/products/297385285,1687614894.736835,"['£2.20', '£14.67/kg']",2.2,£14.67/kg
5527,Tesco Yogurt Coated Rice Cakes 105G,https://www.tesco.com/groceries/en-GB/products/308828886,1687614894.8051379,"['£1.30', '£1.24/100g']",1.3,£1.24/100g
5528,Mccoy's Sizzling King Prawn Crisps Multipack 6X25g,https://www.tesco.com/groceries/en-GB/products/311276897,1687614894.871661,"['£2.25', '£1.50/100g']",2.25,£1.50/100g
5529,Barratts Dip Dabs 23G,https://www.tesco.com/groceries/en-GB/products/257214676,1687614894.946321,"['£0.55', '£2.39/100g']",0.55,£2.39/100g
5530,Schar Crisp Bread 150G,https://www.tesco.com/groceries/en-GB/products/268890894,1687614895.012846,"['£1.50', '£1.00/100g']",1.5,£1.00/100g
5531,Polo Sugar Free Tube Multipack 4 X 33.4G,https://www.tesco.com/groceries/en-GB/products/288953750,1687614895.087751,"['£1.75', '£1.31/100g']",1.75,£1.31/100g
5532,Wholefood Roasted Monkey Nuts 250G,https://www.tesco.com/groceries/en-GB/products/256056991,1687614895.1539981,"['£1.30', '£5.20/kg']",1.3,£5.20/kg
5533,Flipz Milk Chocolate Coated Pretzels 90G,https://www.tesco.com/groceries/en-GB/products/306497283,1687614902.163245,"['£1.50', '£1.67/100g']",1.5,£1.67/100g
5534,Popchips Sea Salt Potato Snacks 5X17g,https://www.tesco.com/groceries/en-GB/products/309492715,1687614902.300395,"['£2.25', '£2.65/100g']",2.25,£2.65/100g
5535,Nature Valley Sweet & Salty Dark Chocolate With Nuts 120G,https://www.tesco.com/groceries/en-GB/products/304792132,1687614902.442751,"['£1.75', '£1.46/100g']",1.75,£1.46/100g
5536,Trebor Extra Strong Peppermint 4 Pack 165G,https://www.tesco.com/groceries/en-GB/products/268046126,1687614902.6199691,"['£1.35', '£0.82/100g']",1.35,£0.82/100g
5537,Trebor Softmints Peppermint 4Roll,https://www.tesco.com/groceries/en-GB/products/268046374,1687614902.692947,"['£1.35', '£0.75/100g']",1.35,£0.75/100g
5538,Tesco Turkish Delight Bar 150G,https://www.tesco.com/groceries/en-GB/products/300809449,1687614902.764904,"['£1.20', '£0.80/100g']",1.2,£0.80/100g
5539,Kit Kat 2 Finger Dark Mint Biscuits 9 Pack 186.3G,https://www.tesco.com/groceries/en-GB/products/297551682,1687614902.834141,"['£2.00', '£1.07/100g']",2.0,£1.07/100g
5540,Ryvita Multiseed Thins 125G,https://www.tesco.com/groceries/en-GB/products/263831587,1687614902.908462,"['£2.20', '£1.76/100g']",2.2,£1.76/100g
5541,Tesco Wholefoods Prunes 250G,https://www.tesco.com/groceries/en-GB/products/258056187,1687614903.005674,"['£2.00', '£8.00/kg']",2.0,£8.00/kg
5542,Tesco Chocolate Chip Cookie 2 X 250G,https://www.tesco.com/groceries/en-GB/products/290359230,1687614903.073351,"['£1.60', '£0.32/100g']",1.6,£0.32/100g
5543,Mars Chocolate Bars Multipack 4 X 39.4g,https://www.tesco.com/groceries/en-GB/products/287852905,1687614903.1441522,"['£1.65', '£1.05/100g']",1.65,£1.05/100g
5544,Mcvitie's Hobnobs 255G,https://www.tesco.com/groceries/en-GB/products/312831392,1687614903.2418308,"['£1.29', '£0.51/100g']",1.29,£0.51/100g
5545,Oreo Choco Brownie Flavour Cookies 154G,https://www.tesco.com/groceries/en-GB/products/297544691,1687614903.3132641,"['£1.20', '£0.78/100g']",1.2,£0.78/100g
5546,Tesco Currants 500G,https://www.tesco.com/groceries/en-GB/products/254915306,1687614903.391119,"['£1.25', '£2.50/kg']",1.25,£2.50/kg
5547,Tesco All Butter Fudge 125G,https://www.tesco.com/groceries/en-GB/products/302314017,1687614903.4618711,"['£1.20', '£0.96/100g']",1.2,£0.96/100g
5548,M&M's Peanut Chocolate More To Share Pouch 220G,https://www.tesco.com/groceries/en-GB/products/311955310,1687614903.5293481,"['£2.49', '£1.13/100g']",2.49,£1.13/100g
5549,Hoppers Chocolate Mini Rolls 10 Pack,https://www.tesco.com/groceries/en-GB/products/307345335,1687614903.595339,"['£1.15', '£0.12/each']",1.15,£0.12/each
5550,Revels Chocolate Pouch 112G,https://www.tesco.com/groceries/en-GB/products/305830622,1687614903.6603498,"['£1.50', '£1.34/100g']",1.5,£1.34/100g
5551,Ben & Jerry's Cookie Dough Vanilla Ice Cream 465Ml,https://www.tesco.com/groceries/en-GB/products/305955388,1687614903.7297769,"['£5.00', '£1.08/100ml']",5.0,£1.08/100ml
5552,Tesco Mixed Nuts 250G,https://www.tesco.com/groceries/en-GB/products/271667055,1687614903.819773,"['£3.40', '£13.60/kg']",3.4,£13.60/kg
5553,Butterkist Microwave Salted Popcorn 3X60g,https://www.tesco.com/groceries/en-GB/products/303543090,1687614903.898085,"['£2.50', '£1.39/100g']",2.5,£1.39/100g
5554,Thorntons Classic Collection 262G,https://www.tesco.com/groceries/en-GB/products/302302498,1687614903.969735,"['£8.00', '£3.05/100g']",8.0,£3.05/100g
5555,Tesco Whole Blanched Almonds 100G,https://www.tesco.com/groceries/en-GB/products/254914365,1687614904.056725,"['£1.80', '£18.00/kg']",1.8,£18.00/kg
5556,Whitworths Sunny Raisins 14 X 14G,https://www.tesco.com/groceries/en-GB/products/264903484,1687614904.133379,"['£2.40', '£12.24/kg']",2.4,£12.24/kg
5557,Laughing Cow Lightest Cheese Spread Triangles 8Pk 133G,https://www.tesco.com/groceries/en-GB/products/309453329,1687614904.19962,"['£1.90', '£14.29/kg']",1.9,£14.29/kg
5558,Wrigley's Extra Peppermint 6X10 Pieces 84G,https://www.tesco.com/groceries/en-GB/products/302310661,1687614904.271455,"['£2.75', '£3.27/100g']",2.75,£3.27/100g
5559,Kellogg's Fruit Winders Doubles Strawberry & Blackcurrant 5X17g,https://www.tesco.com/groceries/en-GB/products/309205359,1687614904.341009,"['£1.50', '£1.76/100g']",1.5,£1.76/100g
5560,Soreen Malt Lunchbox Loaves 10 Pack 300G,https://www.tesco.com/groceries/en-GB/products/308477321,1687614904.412559,"['£2.50', '£0.83/100g']",2.5,£0.83/100g
5561,Nairns Gluten Free Oatcakes 213G,https://www.tesco.com/groceries/en-GB/products/294342393,1687614904.483736,"['£2.00', '£0.94/100g']",2.0,£0.94/100g
5562,Cheestrings Twister 4 Pack 80G,https://www.tesco.com/groceries/en-GB/products/273197423,1687614904.556553,"['£1.75', '£21.88/kg']",1.75,£21.88/kg
5563,Kiddylicious Cheesy Veggie Straws 4X12g,https://www.tesco.com/groceries/en-GB/products/305988493,1687614904.629256,"['£2.30', '£4.79/100g']",2.3,£4.79/100g
5564,Soreen 5 Strawberry Lunchbox Loaves 150G,https://www.tesco.com/groceries/en-GB/products/302143680,1687614904.7163641,"['£1.75', '£1.17/100g']",1.75,£1.17/100g
5565,Weight Watchers Chewy Caramel Wafers 5 X 16G,https://www.tesco.com/groceries/en-GB/products/305974221,1687614904.804194,"['£1.60', '£2.00/100g']",1.6,£2.00/100g
5566,Jacob's Mini Cheddars Smoky Bbq 6 X 23G,https://www.tesco.com/groceries/en-GB/products/312844820,1687614904.870074,"['£1.75', '£1.27/100g']",1.75,£1.27/100g
5567,Kinder Cards Biscuit Wafers 8 X 12.8G,https://www.tesco.com/groceries/en-GB/products/307161304,1687614904.957749,"['£1.80', '£1.76/100g']",1.8,£1.76/100g
5568,Lactofree Soft White Cheese 200G,https://www.tesco.com/groceries/en-GB/products/272260494,1687614905.0231,"['£1.75', '£8.75/kg']",1.75,£8.75/kg
5569,Tesco Soft Figs 250G,https://www.tesco.com/groceries/en-GB/products/258058058,1687614905.09811,"['£2.00', '£8.00/kg']",2.0,£8.00/kg
5570,Ryvita Multigrain Rye Bread 250G,https://www.tesco.com/groceries/en-GB/products/251107559,1687614905.162988,"['£1.60', '£0.64/100g']",1.6,£0.64/100g
5571,Trebor Softmints Spearmint Mints 4 Pack 179G,https://www.tesco.com/groceries/en-GB/products/268046218,1687614905.228776,"['£1.35', '£0.75/100g']",1.35,£0.75/100g
5572,Stockan's Thick Oatcakes 200G,https://www.tesco.com/groceries/en-GB/products/259876597,1687614905.294882,"['£1.10', '£0.55/100g']",1.1,£0.55/100g
5573,Mcvities Light Rich Tea 300G,https://www.tesco.com/groceries/en-GB/products/255404777,1687614905.3912,"['£1.80', '£0.60/100g']",1.8,£0.60/100g
5574,Tesco Finest Victoria Sponge Cake,https://www.tesco.com/groceries/en-GB/products/312110479,1687614905.48077,"['£3.00', '£3.00/each']",3.0,£3.00/each
5575,Mcvities Dark Chocolate Digestive 266G,https://www.tesco.com/groceries/en-GB/products/300917275,1687614905.568867,"['£1.75', '£0.66/100g']",1.75,£0.66/100g
5576,Walkers Delicate Prawn Cocktail Crisps 6X25g,https://www.tesco.com/groceries/en-GB/products/312993737,1687614905.6675131,"['£1.95', '£1.30/100g']",1.95,£1.30/100g
5577,Butterkist Cinema Sweet Popcorn 6X12g,https://www.tesco.com/groceries/en-GB/products/303485359,1687614905.7652428,"['£1.50', '£2.08/100g']",1.5,£2.08/100g
5578,Philadelphia Sweet Chilli Soft Cheese 165G,https://www.tesco.com/groceries/en-GB/products/311787946,1687614905.836069,"['£2.20', '£13.33/kg']",2.2,£13.33/kg
5579,Ryvita Thins Rosemary & Sea Salt Flatbreads 125G,https://www.tesco.com/groceries/en-GB/products/301012324,1687614905.931471,"['£2.20', '£1.76/100g']",2.2,£1.76/100g
5580,Aero Delightful Peppermint Chocolate Sharing Bar 90G,https://www.tesco.com/groceries/en-GB/products/307165467,1687614906.018909,"['£1.25', '£1.39/100g']",1.25,£1.39/100g
5581,Chupa Chups Sugar Free Lolly 11G,https://www.tesco.com/groceries/en-GB/products/292095808,1687614911.0956721,"['£0.25', '£2.27/100g']",0.25,£2.27/100g
5582,Cadbury Dairy Milk Fruit & Nut Chocolate Bar 110G,https://www.tesco.com/groceries/en-GB/products/293597030,1687614911.370552,"['£1.35', '£1.23/100g']",1.35,£1.23/100g
5583,Cadbury Dairy Milk Fingers Biscuits 189G,https://www.tesco.com/groceries/en-GB/products/307337996,1687614911.4509382,"['£1.80', '£0.95/100g']",1.8,£0.95/100g
5584,M&M's Chocolate Pouch 125G,https://www.tesco.com/groceries/en-GB/products/303667679,1687614911.524516,"['£1.50', '£1.20/100g']",1.5,£1.20/100g
5585,Tesco Mixed Nuts & Pecans 25G,https://www.tesco.com/groceries/en-GB/products/299497679,1687614911.593366,"['£0.50', '£20.00/kg']",0.5,£20.00/kg
5586,Revels Chocolate Large Pouch 205G,https://www.tesco.com/groceries/en-GB/products/303667818,1687614911.683993,"['£2.25', '£1.10/100g']",2.25,£1.10/100g
5587,Tesco Shelled Pistachio Nuts 250G,https://www.tesco.com/groceries/en-GB/products/271666804,1687614911.753271,"['£5.85', '£23.40/kg']",5.85,£23.40/kg
5588,Black Magic Boxed Chocolates 348G,https://www.tesco.com/groceries/en-GB/products/309464997,1687614911.8253949,"['£7.00', '£2.01/100g']",7.0,£2.01/100g
5589,Tesco Pecans Nuts 250G,https://www.tesco.com/groceries/en-GB/products/271073878,1687614911.900963,"['£4.20', '£16.80/kg']",4.2,£16.80/kg
5590,Tesco Mango 200G,https://www.tesco.com/groceries/en-GB/products/271072948,1687614911.970058,"['£3.30', '£16.50/kg']",3.3,£16.50/kg
5591,Tesco Pistachio Nuts 200G,https://www.tesco.com/groceries/en-GB/products/266375344,1687614912.038917,"['£2.75', '£13.75/kg']",2.75,£13.75/kg
5592,Dairylea Strip Cheese 8 Pack 168G,https://www.tesco.com/groceries/en-GB/products/256245767,1687614912.108554,"['£2.50', '£14.88/kg']",2.5,£14.88/kg
5593,Tesco Apple & Banana Fruit Slurpers 4X90g,https://www.tesco.com/groceries/en-GB/products/302986396,1687614912.178356,"['£2.10', '£0.58/100g']",2.1,£0.58/100g
5594,Wrigley's Extra Spearmint 6X10 Pieces 84G,https://www.tesco.com/groceries/en-GB/products/302280925,1687614912.279569,"['£2.75', '£3.27/100g']",2.75,£3.27/100g
5595,Tesco Finest Roasted Nut Selection 190G,https://www.tesco.com/groceries/en-GB/products/302677029,1687614912.35113,"['£3.50', '£18.42/kg']",3.5,£18.42/kg
5596,Dairylea Filled Crackers Cheesy Snack 5X19.3G,https://www.tesco.com/groceries/en-GB/products/309201819,1687614912.419915,"['£2.20', '£22.82/kg']",2.2,£22.82/kg
5597,Nairns Gluten Free Cheese Oatcake 180G,https://www.tesco.com/groceries/en-GB/products/294342370,1687614912.4872441,"['£2.00', '£1.11/100g']",2.0,£1.11/100g
5598,Lindt Excellence Mint Intense 100G,https://www.tesco.com/groceries/en-GB/products/260670257,1687614912.556158,"['£2.45', '£2.45/100g']",2.45,£2.45/100g
5599,Old El Paso Original Cheesy Baked Nacho Kit 505G,https://www.tesco.com/groceries/en-GB/products/303850307,1687614912.651235,"['£3.25', '£6.44/kg']",3.25,£6.44/kg
5600,Walkers Sensations Mexican Smoked Chilli Peanuts 150G,https://www.tesco.com/groceries/en-GB/products/282800132,1687614912.7190971,"['£2.50', '£1.67/100g']",2.5,£1.67/100g
5601,Ryvita Fruit Crunch Crisp Bread 200G,https://www.tesco.com/groceries/en-GB/products/261212413,1687614912.791138,"['£2.00', '£1.00/100g']",2.0,£1.00/100g
5602,Milkybar White Chocolate Pouch 196G,https://www.tesco.com/groceries/en-GB/products/308465145,1687614912.857907,"['£2.25', '£1.15/100g']",2.25,£1.15/100g
5603,After Eight Orange & Mint Dark Chocolate Thins 200G,https://www.tesco.com/groceries/en-GB/products/308851621,1687614912.92633,"['£2.50', '£1.25/100g']",2.5,£1.25/100g
5604,Kellogg's Nutrigrain Blueberry 6X37g,https://www.tesco.com/groceries/en-GB/products/267953350,1687614912.996047,"['£2.00', '£0.90/100g']",2.0,£0.90/100g
5605,Pringles Sizzl'n Sweet Chilli Crisps 180G,https://www.tesco.com/groceries/en-GB/products/310664621,1687614913.065144,"['£1.85', '£1.03/100g']",1.85,£1.03/100g
5606,Nestle Kit Kat Chunky Snack Size Chocolate Bars Multipack 9 X 32g,https://www.tesco.com/groceries/en-GB/products/297315916,1687614913.139358,"['£2.50', '£0.87/100g']",2.5,£0.87/100g
5607,Walkers Max Crispy Chicken Crisps 140G,https://www.tesco.com/groceries/en-GB/products/311218423,1687614913.209066,"['£2.25', '£1.61/100g']",2.25,£1.61/100g
5608,Cadbury Star Bar 49G,https://www.tesco.com/groceries/en-GB/products/272167259,1687614913.303555,"['£0.75', '£1.53/100g']",0.75,£1.53/100g
5609,Tesco Refreshing Mint Dark Chocolate 100G,https://www.tesco.com/groceries/en-GB/products/308088706,1687614913.419171,"['£1.15', '£1.15/100g']",1.15,£1.15/100g
5610,Proper Chips Salt & Vinegar Lentil Chips 5 X 14G,https://www.tesco.com/groceries/en-GB/products/310103027,1687614913.485593,"['£1.90', '£2.71/100g']",1.9,£2.71/100g
5611,Organix Strawberry Rice Clouds 40G,https://www.tesco.com/groceries/en-GB/products/311263967,1687614913.554419,"['£1.40', '£35.00/kg']",1.4,£35.00/kg
5612,Philadelphia Salmon Soft Cheese 165G,https://www.tesco.com/groceries/en-GB/products/311674095,1687614913.643819,"['£2.20', '£13.33/kg']",2.2,£13.33/kg
5613,Mcvitie's Jaffa Cakes 10 Pack,https://www.tesco.com/groceries/en-GB/products/297544495,1687614913.732695,"['£1.25', '£0.12/each']",1.25,£0.12/each
5614,Walkers Ready Salted Crisps 45G,https://www.tesco.com/groceries/en-GB/products/308095559,1687614913.8210711,"['£1.00', '£2.22/100g']",1.0,£2.22/100g
5615,Sour Patch Kids Watermelon Sweet Sour 140G,https://www.tesco.com/groceries/en-GB/products/311215052,1687614913.943637,"['£1.25', '£0.89/100g']",1.25,£0.89/100g
5616,Maynards Bassetts Mini Gems 160G,https://www.tesco.com/groceries/en-GB/products/289132885,1687614914.042552,"['£1.25', '£0.78/100g']",1.25,£0.78/100g
5617,Bahlsen Dark Choco Leibniz 125G,https://www.tesco.com/groceries/en-GB/products/254920979,1687614914.109045,"['£1.60', '£1.28/100g']",1.6,£1.28/100g
5618,Cadbury Dairy Milk Caramel Chocolate Bar 120G,https://www.tesco.com/groceries/en-GB/products/275523317,1687614914.259964,"['£1.35', '£1.12/100g']",1.35,£1.12/100g
5619,Special K Milk Chocolate Bars 6 X 20G,https://www.tesco.com/groceries/en-GB/products/309751473,1687614914.3327858,"['£1.25', '£1.04/100g']",1.25,£1.04/100g
5620,Skittles Fruit Giants 141G,https://www.tesco.com/groceries/en-GB/products/310163131,1687614914.401742,"['£0.99', '£0.70/100g']",0.99,£0.70/100g
5621,Tesco Medjool Dates 3 Pack,https://www.tesco.com/groceries/en-GB/products/302687387,1687614914.4711921,"['£0.85', '£0.28/each']",0.85,£0.28/each
5622,Tesco Flame Raisins 500G,https://www.tesco.com/groceries/en-GB/products/271063268,1687614914.566292,"['£3.10', '£6.20/kg']",3.1,£6.20/kg
5623,Tesco Cranberries 100G,https://www.tesco.com/groceries/en-GB/products/308870949,1687614914.642993,"['£1.85', '£18.50/kg']",1.85,£18.50/kg
5624,Monty Bojangles Choccy Scoffy Truffles 135G,https://www.tesco.com/groceries/en-GB/products/293134284,1687614914.7193642,"['£3.50', '£2.59/100g']",3.5,£2.59/100g
5625,Bear Blackcurrant Yoyo Multipack 5X20g,https://www.tesco.com/groceries/en-GB/products/282614122,1687614914.7889972,"['£2.85', '£2.85/100g']",2.85,£2.85/100g
5626,Itsu Crispy Seaweed Thins Multipack 3X5g,https://www.tesco.com/groceries/en-GB/products/301518779,1687614914.88046,"['£2.15', '£14.33/100g']",2.15,£14.33/100g
5627,Nature Valley Protein Salted Caramel Nut Bars 4X40g,https://www.tesco.com/groceries/en-GB/products/293837316,1687614914.9549289,"['£3.00', '£1.88/100g']",3.0,£1.88/100g
5628,Lindt Excellence Caramel With Touch Of Sea Salt 100G,https://www.tesco.com/groceries/en-GB/products/268730128,1687614915.0280519,"['£2.45', '£2.45/100g']",2.45,£2.45/100g
5629,Graze Honey And Oat Bar 4 X 30G,https://www.tesco.com/groceries/en-GB/products/296425298,1687614921.616412,"['£1.99', '£1.66/100g']",1.99,£1.66/100g
5630,Tesco Milled Flax Seed Mix 175G,https://www.tesco.com/groceries/en-GB/products/302677255,1687614921.691372,"['£1.85', '£10.57/kg']",1.85,£10.57/kg
5631,Tesco Finest Rye Sour Dough Cracker 130G,https://www.tesco.com/groceries/en-GB/products/304408559,1687614921.7659829,"['£2.15', '£1.65/100g']",2.15,£1.65/100g
5632,Belvita Soft Bakes Red Berries 250G,https://www.tesco.com/groceries/en-GB/products/289954085,1687614921.834091,"['£2.50', '£1.00/100g']",2.5,£1.00/100g
5633,Lindt Lindor Milk Chocolate Bar 100G,https://www.tesco.com/groceries/en-GB/products/268370997,1687614921.903201,"['£2.35', '£2.35/100g']",2.35,£2.35/100g
5634,Tesco Organic Medjool Dates 200G,https://www.tesco.com/groceries/en-GB/products/250281502,1687614922.0031612,"['£2.50', '£12.50/kg']",2.5,£12.50/kg
5635,Walkers Wotsits Crunchy Flamin Hot 140G,https://www.tesco.com/groceries/en-GB/products/311259149,1687614922.071342,"['£2.50', '£1.79/100g']",2.5,£1.79/100g
5636,Wrigley Extra Bubblemint Gum Bottle 46 Pieces,https://www.tesco.com/groceries/en-GB/products/282371451,1687614922.138849,"['£1.99', '£0.04/each']",1.99,£0.04/each
5637,Marmite Oven Baked Cashews 90G,https://www.tesco.com/groceries/en-GB/products/307145376,1687614922.207989,"['£2.50', '£27.78/kg']",2.5,£27.78/kg
5638,Eat Natural Yogurt Almond & Apricot Bars 3X50g,https://www.tesco.com/groceries/en-GB/products/253816949,1687614922.274912,"['£2.40', '£1.60/100g']",2.4,£1.60/100g
5639,Lu Petit Beurre Salted Butter Biscuit 167G,https://www.tesco.com/groceries/en-GB/products/309197155,1687614922.3684201,"['£1.50', '£0.90/100g']",1.5,£0.90/100g
5640,Mr Kipling Jam Tarts 6 Pack,https://www.tesco.com/groceries/en-GB/products/254947867,1687614922.475584,"['£2.80', '£0.47/each']",2.8,£0.47/each
5641,Walkers Wotsits Giants Prawn Cocktail Snacks 105G,https://www.tesco.com/groceries/en-GB/products/311430793,1687614922.546415,"['£2.50', '£2.38/100g']",2.5,£2.38/100g
5642,Tesco Oaty Flapjacks 5 Pack 170G,https://www.tesco.com/groceries/en-GB/products/287504748,1687614922.639165,"['£1.30', '£0.76/100g']",1.3,£0.76/100g
5643,Tesco Zesty Orange Dark Chocolate 100G,https://www.tesco.com/groceries/en-GB/products/308118389,1687614922.7082372,"['£1.15', '£1.15/100g']",1.15,£1.15/100g
5644,Swizzels Scrumptious Sweets 173G,https://www.tesco.com/groceries/en-GB/products/311427757,1687614922.775209,"['£1.15', '£0.66/100g']",1.15,£0.66/100g
5645,Discos Salt & Vinegar Grab Bag Crisps 50G,https://www.tesco.com/groceries/en-GB/products/311428027,1687614922.8413382,"['£1.00', '£2.00/100g']",1.0,£2.00/100g
5646,Cadbury Dairy Milk Caramel Chocolate Bar 180G,https://www.tesco.com/groceries/en-GB/products/311268242,1687614922.954967,"['£2.00', '£1.11/100g']",2.0,£1.11/100g
5647,Lu Petit Chocolat Chocolate Biscuits 150G,https://www.tesco.com/groceries/en-GB/products/309198937,1687614923.031852,"['£1.50', '£1.00/100g']",1.5,£1.00/100g
5648,Dairylea Light Cheese Slices 8 Pack 164G,https://www.tesco.com/groceries/en-GB/products/312567367,1687614923.099721,"['£1.45', '£8.84/kg']",1.45,£8.84/kg
5649,Mcvitie's Chocolate Gems 5 X 19G,https://www.tesco.com/groceries/en-GB/products/311423370,1687614923.1892989,"['£1.25', '£1.32/100g']",1.25,£1.32/100g
5650,Pringles Sour Cream & Onion 40G,https://www.tesco.com/groceries/en-GB/products/265445131,1687614923.258374,"['£0.90', '£2.25/100g']",0.9,£2.25/100g
5651,Tesco Fizzy Multicolour Sweet Belt 75G,https://www.tesco.com/groceries/en-GB/products/255259088,1687614923.368953,"['£0.70', '£0.93/100g']",0.7,£0.93/100g
5652,Trebor Mighties Sugar Free Mints 12.5G,https://www.tesco.com/groceries/en-GB/products/293417088,1687614923.480421,"['£0.60', '£4.80/100g']",0.6,£4.80/100g
5653,Tesco Fruit & Nut Snack Pot 55G,https://www.tesco.com/groceries/en-GB/products/302677353,1687614923.594561,"['£1.00', '£1.82/100g']",1.0,£1.82/100g
5654,Drumstick Chew Bar Bubblegum 18G,https://www.tesco.com/groceries/en-GB/products/303177119,1687614923.689069,"['£0.10', '£0.56/100g']",0.1,£0.56/100g
5655,Tesco 6 Angel Cake Slices 160G,https://www.tesco.com/groceries/en-GB/products/311932274,1687614923.757775,"['£1.10', '£0.69/100g']",1.1,£0.69/100g
5656,Tesco Milk Chocolate Viennese Fingers 130G,https://www.tesco.com/groceries/en-GB/products/307737200,1687614923.823733,"['£1.15', '£0.88/100g']",1.15,£0.88/100g
5657,Cadbury Freddo 18G,https://www.tesco.com/groceries/en-GB/products/275341411,1687614923.894921,"['£0.25', '£1.39/100g']",0.25,£1.39/100g
5658,Tesco Brazil Nuts Snack Pack 60G,https://www.tesco.com/groceries/en-GB/products/283111885,1687614923.98094,"['£1.00', '£1.67/100g']",1.0,£1.67/100g
5659,Ben & Jerry's Chocolate Fudge Brownie Ice Cream 465Ml,https://www.tesco.com/groceries/en-GB/products/305980150,1687614924.077278,"['£5.00', '£1.08/100ml']",5.0,£1.08/100ml
5660,Butterkist Microwave Sweet Popcorn 3X60g,https://www.tesco.com/groceries/en-GB/products/303543055,1687614924.1788301,"['£2.50', '£1.39/100g']",2.5,£1.39/100g
5661,Tesco Fruit And Nut 200G,https://www.tesco.com/groceries/en-GB/products/266387520,1687614924.2471879,"['£2.75', '£13.75/kg']",2.75,£13.75/kg
5662,Tesco Roasted Chopped Hazelnuts 100G,https://www.tesco.com/groceries/en-GB/products/256192794,1687614924.321684,"['£2.10', '£21.00/kg']",2.1,£21.00/kg
5663,Maltesers Truffle Medium Gift Box 200G,https://www.tesco.com/groceries/en-GB/products/301636951,1687614924.3965929,"['£5.00', '£2.50/100g']",5.0,£2.50/100g
5664,Tesco Finest Scottish Shortbread Assortment 400G,https://www.tesco.com/groceries/en-GB/products/257911663,1687614924.538133,"['£3.85', '£0.96/100g']",3.85,£0.96/100g
5665,Cadbury Flake Ice Cream 480Ml,https://www.tesco.com/groceries/en-GB/products/282692831,1687614924.620984,"['£3.50', '£0.73/100ml']",3.5,£0.73/100ml
5666,Philadelphia Intense Garlic & Herb Soft Cheese 140G,https://www.tesco.com/groceries/en-GB/products/312564080,1687614924.7179,"['£2.25', '£16.07/kg']",2.25,£16.07/kg
5667,Walkers Sensations Bbq Beef Teriyaki Crisps 150G,https://www.tesco.com/groceries/en-GB/products/309479939,1687614924.820066,"['£2.50', '£1.67/100g']",2.5,£1.67/100g
5668,Gogo Squeez Fruit Snack Apple Strawberry 4X90g,https://www.tesco.com/groceries/en-GB/products/297754839,1687614924.9696288,"['£2.55', '£0.71/100g']",2.55,£0.71/100g
5669,Fruit Bowl Raspberry Peelers 5X16g,https://www.tesco.com/groceries/en-GB/products/301970992,1687614925.063639,"['£2.50', '£3.12/100g']",2.5,£3.12/100g
5670,Green & Blacks Organic Ginger Chocolate 90G,https://www.tesco.com/groceries/en-GB/products/303670353,1687614925.1707242,"['£2.45', '£2.72/100g']",2.45,£2.72/100g
5671,Peperami Chorizo 5X20g,https://www.tesco.com/groceries/en-GB/products/310165503,1687614925.2380538,"['£2.75', '£2.75/100g']",2.75,£2.75/100g
5672,Nairn's Gluten Free Wholegrain Crackers 160G,https://www.tesco.com/groceries/en-GB/products/307740558,1687614925.329343,"['£2.00', '£1.25/100g']",2.0,£1.25/100g
5673,Tesco 5 Coated Raisins In A Yogurt Coating 125G,https://www.tesco.com/groceries/en-GB/products/309452245,1687614925.3962471,"['£1.90', '£1.52/100g']",1.9,£1.52/100g
5674,Fruit Factory Fruit Hearts Strawberry 5X20g,https://www.tesco.com/groceries/en-GB/products/265388411,1687614925.479032,"['£2.35', '£2.35/100g']",2.35,£2.35/100g
5675,Doria Doriano Cracker 240G,https://www.tesco.com/groceries/en-GB/products/252928732,1687614925.5684679,"['£1.80', '£0.75/100g']",1.8,£0.75/100g
5676,Fruit Bowl Yogurt Flakes Raspberry 5X21g,https://www.tesco.com/groceries/en-GB/products/302182270,1687614925.646925,"['£2.25', '£2.14/100g']",2.25,£2.14/100g
5677,Snack A Jacks Sour Cream & Chive 117G,https://www.tesco.com/groceries/en-GB/products/311779708,1687614931.6476932,"['£2.25', '£1.92/100g']",2.25,£1.92/100g
5678,Ms Molly's Flapjack Traybake 360G,https://www.tesco.com/groceries/en-GB/products/300523717,1687614931.844207,"['£1.35', '£0.38/100g']",1.35,£0.38/100g
5679,Propercorn Salted Microwave Popcorn 3X70g,https://www.tesco.com/groceries/en-GB/products/302037218,1687614931.915858,"['£1.75', '£0.83/100g']",1.75,£0.83/100g
5680,Smint Peppermint 35G,https://www.tesco.com/groceries/en-GB/products/264865165,1687614932.0084648,"['£1.50', '£4.29/100g']",1.5,£4.29/100g
5681,Kellogg's Rice Krispies Squares Chocolate Orange 4X36g,https://www.tesco.com/groceries/en-GB/products/310152403,1687614932.1248698,"['£2.00', '£1.39/100g']",2.0,£1.39/100g
5682,Mr Kipling Fruit Pie Selection 6 Pack,https://www.tesco.com/groceries/en-GB/products/254948307,1687614932.1939561,"['£1.99', '£0.33/each']",1.99,£0.33/each
5683,Walkers Giant Monster Munch Pickled Onion 85G,https://www.tesco.com/groceries/en-GB/products/305957927,1687614932.2909272,"['£2.50', '£2.94/100g']",2.5,£2.94/100g
5684,Kettle Sea Salt & Balsamic Vinegar Crisps 5 X 25G,https://www.tesco.com/groceries/en-GB/products/312701448,1687614932.389194,"['£2.20', '£1.76/100g']",2.2,£1.76/100g
5685,Fox's Salted Caramel Chocolatey Rounds 130G,https://www.tesco.com/groceries/en-GB/products/309192759,1687614932.485966,"['£1.85', '£1.42/100g']",1.85,£1.42/100g
5686,Tesco 5 Chocolate & Raspberry Bars 115G,https://www.tesco.com/groceries/en-GB/products/300877177,1687614932.5541508,"['£1.20', '£1.04/100g']",1.2,£1.04/100g
5687,Tesco Snackers 200G,https://www.tesco.com/groceries/en-GB/products/254548168,1687614932.627025,"['£1.30', '£0.65/100g']",1.3,£0.65/100g
5688,Haribo Zingfest Fizzy Fruit Flavour 150G,https://www.tesco.com/groceries/en-GB/products/310177719,1687614932.696795,"['£1.25', '£0.83/100g']",1.25,£0.83/100g
5689,Tesco Finest Carrot Cake,https://www.tesco.com/groceries/en-GB/products/312355707,1687614932.767713,"['£3.00', '£3.00/each']",3.0,£3.00/each
5690,Haribo Rainbow Strips 130G,https://www.tesco.com/groceries/en-GB/products/311422895,1687614932.858484,"['£1.25', '£0.96/100g']",1.25,£0.96/100g
5691,Cadbury Caramilk Chocolate Bars Multipack 4 X 28g,https://www.tesco.com/groceries/en-GB/products/311683026,1687614932.926132,"['£1.50', '£1.34/100g']",1.5,£1.34/100g
5692,Skinny Crunch Light Raspberry & White Chocolate 5X19g,https://www.tesco.com/groceries/en-GB/products/312696551,1687614932.992671,"['£1.15', '£1.21/100g']",1.15,£1.21/100g
5693,Tesco Chocolate & Salted Caramel Rice Cakes 123G,https://www.tesco.com/groceries/en-GB/products/306657970,1687614933.061984,"['£1.30', '£1.06/100g']",1.3,£1.06/100g
5694,Cadbury Crunchie Bar 40G,https://www.tesco.com/groceries/en-GB/products/254894531,1687614933.12938,"['£0.75', '£1.88/100g']",0.75,£1.88/100g
5695,Kinder Snack Bars 6 Pack 126G,https://www.tesco.com/groceries/en-GB/products/252947317,1687614933.239288,"['£1.50', '£1.19/100g']",1.5,£1.19/100g
5696,Tesco All Butter Chocolate Chip Shortbread 180G,https://www.tesco.com/groceries/en-GB/products/307353826,1687614933.3103402,"['£1.10', '£0.61/100g']",1.1,£0.61/100g
5697,Ben & Jerry's Phish Food Chocolate & Marshmallow Ice Cream 465Ml,https://www.tesco.com/groceries/en-GB/products/305941986,1687614933.3867252,"['£5.00', '£1.08/100ml']",5.0,£1.08/100ml
5698,Tesco Pumpkin Seeds 250G,https://www.tesco.com/groceries/en-GB/products/273812128,1687614933.475747,"['£2.75', '£11.00/kg']",2.75,£11.00/kg
5699,Jacobs Krackawheat 230G,https://www.tesco.com/groceries/en-GB/products/312109234,1687614933.543403,"['£2.10', '£0.91/100g']",2.1,£0.91/100g
5700,Nature Valley Crunchy Variety Cereal Bars Family Pack 10 X 42G,https://www.tesco.com/groceries/en-GB/products/310145124,1687614933.645637,"['£3.00', '£0.71/100g']",3.0,£0.71/100g
5701,Tony's Chocolonely Milk Chocolate Caramel Sea Salt 180G,https://www.tesco.com/groceries/en-GB/products/308866264,1687614933.719039,"['£3.00', '£1.67/100g']",3.0,£1.67/100g
5702,Bonne Maman La Madeleine 7Pk,https://www.tesco.com/groceries/en-GB/products/278702176,1687614933.7898781,"['£2.50', '£1.43/100g']",2.5,£1.43/100g
5703,Extra Coolbreeze 60 Piece Bottle 84G,https://www.tesco.com/groceries/en-GB/products/293283279,1687614933.884037,"['£2.75', '£3.27/100g']",2.75,£3.27/100g
5704,Tesco Soft Figs 440G,https://www.tesco.com/groceries/en-GB/products/271074445,1687614933.951196,"['£3.15', '£7.16/kg']",3.15,£7.16/kg
5705,Fruit Factory Fruit Strings Strawberry 5X20g,https://www.tesco.com/groceries/en-GB/products/265285285,1687614934.0213041,"['£2.35', '£2.35/100g']",2.35,£2.35/100g
5706,Tesco Unsalted Mixed Nuts & Raisins 250G,https://www.tesco.com/groceries/en-GB/products/264807454,1687614934.111064,"['£1.90', '£7.60/kg']",1.9,£7.60/kg
5707,Tesco Finest Lemon Shortbread Fingers 165G,https://www.tesco.com/groceries/en-GB/products/310132934,1687614934.182677,"['£2.00', '£1.21/100g']",2.0,£1.21/100g
5708,Graze Fibre Oat Boosts Cherry Bakewell 4 X 30G,https://www.tesco.com/groceries/en-GB/products/312217993,1687614934.2488298,"['£1.99', '£1.66/100g']",1.99,£1.66/100g
5709,Ryvita Pumpkin Seed & Oat Crisp Bread 200G,https://www.tesco.com/groceries/en-GB/products/255269055,1687614934.317564,"['£2.00', '£1.00/100g']",2.0,£1.00/100g
5710,Lindt Classic Recipe Hazelnut Milk Chocolate Bar 125G,https://www.tesco.com/groceries/en-GB/products/309457729,1687614934.385188,"['£2.10', '£1.68/100g']",2.1,£1.68/100g
5711,Mr Kipling Lemon Slices 8 Pack,https://www.tesco.com/groceries/en-GB/products/295848876,1687614934.453116,"['£3.95', '£0.49/each']",3.95,£0.49/each
5712,Mr Kipling 30% Less Sugar 6 Bramley Apple Pies,https://www.tesco.com/groceries/en-GB/products/311432042,1687614934.5435011,"['£2.60', '£0.43/each']",2.6,£0.43/each
5713,Walkers Wotsits Flamin Hot Snacks 6 X 16G,https://www.tesco.com/groceries/en-GB/products/305839099,1687614934.6152608,"['£1.95', '£2.03/100g']",1.95,£2.03/100g
5714,Tesco Finest Gouda & Edam Crispies 90G,https://www.tesco.com/groceries/en-GB/products/312355431,1687614934.686997,"['£1.80', '£2.00/100g']",1.8,£2.00/100g
5715,Mr Kipling Battenberg Cake Each,https://www.tesco.com/groceries/en-GB/products/252657128,1687614934.757523,"['£1.75', '£0.76/100g']",1.75,£0.76/100g
5716,Dairylea Dunkers Breadsticks Cheese Snack 4 Pack 172G,https://www.tesco.com/groceries/en-GB/products/308832362,1687614934.848597,"['£2.25', '£13.08/kg']",2.25,£13.08/kg
5717,Pringles Multigrain Less Salt Roast Chicken Rosemary 166G,https://www.tesco.com/groceries/en-GB/products/312226826,1687614934.9380732,"['£2.00', '£1.20/100g']",2.0,£1.20/100g
5718,Tesco Milled Flax Pumpkin & Chia Seed Mix 175G,https://www.tesco.com/groceries/en-GB/products/302677278,1687614935.031562,"['£1.85', '£10.57/kg']",1.85,£10.57/kg
5719,Lu Petit Biscotte Cinnamon Biscuit 200G,https://www.tesco.com/groceries/en-GB/products/309180301,1687614935.115996,"['£1.50', '£0.75/100g']",1.5,£0.75/100g
5720,Mr Kipling Apple & Blackcurrant Pies 6 Pack,https://www.tesco.com/groceries/en-GB/products/254948250,1687614935.183458,"['£1.99', '£0.33/each']",1.99,£0.33/each
5721,Organix Banana Rice Cake Clouds 40G,https://www.tesco.com/groceries/en-GB/products/311205070,1687614935.275232,"['£1.40', '£35.00/kg']",1.4,£35.00/kg
5722,Belvita Breakfast Reduced Sugar Chocolate Chips Biscuit 5 Pack 225G,https://www.tesco.com/groceries/en-GB/products/302294609,1687614935.3758621,"['£1.25', '£0.56/100g']",1.25,£0.56/100g
5723,Ryvita 3 Cheese Thins 125G,https://www.tesco.com/groceries/en-GB/products/297544754,1687614935.4516292,"['£2.20', '£1.76/100g']",2.2,£1.76/100g
5725,Rowntree's Tropical Tots Sweets 140G,https://www.tesco.com/groceries/en-GB/products/310148582,1687614941.38528,"['£1.25', '£0.89/100g']",1.25,£0.89/100g
5726,Fruittella Duo Stix 160G ..,https://www.tesco.com/groceries/en-GB/products/300639264,1687614941.5275562,"['£1.50', '£0.94/100g']",1.5,£0.94/100g
5727,Fox's Milk Chocolate Cookies 180G,https://www.tesco.com/groceries/en-GB/products/306656562,1687614941.6036181,"['£2.00', '£1.11/100g']",2.0,£1.11/100g
5728,Fox's Party Rings Chocolate Minis Biscuits 5 X 21G,https://www.tesco.com/groceries/en-GB/products/311796083,1687614941.693745,"['£1.15', '£1.10/100g']",1.15,£1.10/100g
5729,Tesco Spiced Stem Ginger 10 Cookies 200G,https://www.tesco.com/groceries/en-GB/products/290351590,1687614941.763075,"['£1.20', '£0.60/100g']",1.2,£0.60/100g
5730,Kinder Surprise Egg 3 X 20G,https://www.tesco.com/groceries/en-GB/products/255028099,1687614941.831135,"['£2.05', '£3.42/100g']",2.05,£3.42/100g
5731,Fruit Flavour Candy Sticks With Temporary Tattoo 18G,https://www.tesco.com/groceries/en-GB/products/307354733,1687614941.9043782,"['£0.40', '£2.22/100g']",0.4,£2.22/100g
5732,Yorkie Raisin & Biscuit Chocolate Bar 44G,https://www.tesco.com/groceries/en-GB/products/286634048,1687614941.971221,"['£0.75', '£1.70/100g']",0.75,£1.70/100g
5733,Tesco Snacking Pistachio 50G,https://www.tesco.com/groceries/en-GB/products/287219084,1687614942.0927,"['£1.00', '£20.00/kg']",1.0,£20.00/kg
5734,Lindt Lindor Double Chocolate Truffles 200G,https://www.tesco.com/groceries/en-GB/products/310139339,1687614942.1830459,"['£6.00', '£3.00/100g']",6.0,£3.00/100g
5735,Lindt Lindor Strawberry & Cream Truffles 200G,https://www.tesco.com/groceries/en-GB/products/282279503,1687614942.254416,"['£6.00', '£3.00/100g']",6.0,£3.00/100g
5736,Tesco Finest Bakewell Tarts 2 Pack,https://www.tesco.com/groceries/en-GB/products/309459514,1687614942.3473868,"['£2.10', '£1.05/each']",2.1,£1.05/each
5737,Ilchester Mini Cheese Selection 230G,https://www.tesco.com/groceries/en-GB/products/288456676,1687614942.4152489,"['£3.70', '£16.09/kg']",3.7,£16.09/kg
5738,Maltesers Truffles Large Gift Box 336G,https://www.tesco.com/groceries/en-GB/products/301638091,1687614942.4851031,"['£7.00', '£2.08/100g']",7.0,£2.08/100g
5739,Haagen-Dazs Belgian Chocolate Ice Cream 460Ml,https://www.tesco.com/groceries/en-GB/products/307141167,1687614942.58146,"['£5.15', '£1.12/100ml']",5.15,£1.12/100ml
5740,Organix Goodies Banana Oaty Bars 6 X 30G,https://www.tesco.com/groceries/en-GB/products/283608321,1687614942.649162,"['£3.00', '£1.67/100g']",3.0,£1.67/100g
5741,Haagen-Dazs Pralines & Cream Ice Cream 460Ml,https://www.tesco.com/groceries/en-GB/products/303151518,1687614942.715324,"['£5.15', '£1.12/100ml']",5.15,£1.12/100ml
5742,Mccoy's Classic Variety Potato Crisps 12 X 25G,https://www.tesco.com/groceries/en-GB/products/306827654,1687614942.79535,"['£3.50', '£1.17/100g']",3.5,£1.17/100g
5743,Tesco Finest Colombian Coffee Ice Cream 480Ml,https://www.tesco.com/groceries/en-GB/products/313840500,1687614942.864528,"['£3.00', '£0.62/100ml']",3.0,£0.62/100ml
5744,Tesco Tropical Fruit Slurpers 4X90g,https://www.tesco.com/groceries/en-GB/products/302986338,1687614942.931874,"['£2.10', '£0.58/100g']",2.1,£0.58/100g
5745,Organix Mini Gingerbread Men 5 X 25G,https://www.tesco.com/groceries/en-GB/products/266197791,1687614942.9990668,"['£2.50', '£2.00/100g']",2.5,£2.00/100g
5746,Old El Paso Nachips Original 185G,https://www.tesco.com/groceries/en-GB/products/297243950,1687614943.065238,"['£2.00', '£1.08/100g']",2.0,£1.08/100g
5748,Whitworths Chopped Dates 250G,https://www.tesco.com/groceries/en-GB/products/275930653,1687614943.2305741,"['£2.00', '£8.00/kg']",2.0,£8.00/kg
5749,Nairns Fruit And Seeded Oatcake 225G,https://www.tesco.com/groceries/en-GB/products/295059295,1687614943.361588,"['£1.70', '£0.76/100g']",1.7,£0.76/100g
5750,Whitworths Cranberries 150G,https://www.tesco.com/groceries/en-GB/products/271238241,1687614943.428743,"['£2.00', '£13.33/kg']",2.0,£13.33/kg
5751,Belvita Soft Filled Strawberry Biscuits 250G,https://www.tesco.com/groceries/en-GB/products/297544679,1687614943.52125,"['£2.75', '£1.10/100g']",2.75,£1.10/100g
5752,Doritos Loaded Pepperoni Pizza Tortilla Chips 180G,https://www.tesco.com/groceries/en-GB/products/312363179,1687614943.61669,"['£2.10', '£1.17/100g']",2.1,£1.17/100g
5753,Tesco British Mature Cheddar Snack Sticks 5X20g,https://www.tesco.com/groceries/en-GB/products/300000069,1687614943.6867661,"['£1.70', '£17.00/kg']",1.7,£17.00/kg
5754,Ryvita Whole- Grain Cracker- Bread 125G,https://www.tesco.com/groceries/en-GB/products/263232582,1687614943.75246,"['£1.60', '£1.28/100g']",1.6,£1.28/100g
5755,Mr Kipling Chocolate Slices 8 Pack,https://www.tesco.com/groceries/en-GB/products/295848899,1687614943.818035,"['£3.95', '£0.49/each']",3.95,£0.49/each
5756,Tesco Unsalted Roasted Monkey Nuts 300G,https://www.tesco.com/groceries/en-GB/products/256335966,1687614943.9053261,"['£1.50', '£5.00/kg']",1.5,£5.00/kg
5757,Cadbury Dairy Milk Buttons Bag 40G,https://www.tesco.com/groceries/en-GB/products/272478801,1687614943.9712782,"['£0.75', '£1.88/100g']",0.75,£1.88/100g
5758,Tesco Coconut Macaroons 6 Pack,https://www.tesco.com/groceries/en-GB/products/254947251,1687614944.082125,"['£1.25', '£0.21/each']",1.25,£0.21/each
5759,Walkers Baked Ready Salted 37.5G,https://www.tesco.com/groceries/en-GB/products/259153934,1687614944.149718,"['£0.95', '£2.53/100g']",0.95,£2.53/100g
5760,Philadelphia Lightest Herbs Soft Cheese 165G,https://www.tesco.com/groceries/en-GB/products/311430171,1687614944.267307,"['£2.20', '£13.33/kg']",2.2,£13.33/kg
5761,Tesco Italian Mixed Peel 200G,https://www.tesco.com/groceries/en-GB/products/254914244,1687614944.3596659,"['£1.00', '£5.00/kg']",1.0,£5.00/kg
5762,Tesco Finest Salted Caramel Florentines 105G,https://www.tesco.com/groceries/en-GB/products/310162996,1687614944.428695,"['£2.50', '£2.38/100g']",2.5,£2.38/100g
5763,Ryvita Cheddar & Crack Black Pepper Thins 125G,https://www.tesco.com/groceries/en-GB/products/268348368,1687614944.497853,"['£2.20', '£1.76/100g']",2.2,£1.76/100g
5764,Rowntrees Randoms Juicers 140G,https://www.tesco.com/groceries/en-GB/products/306692472,1687614944.645256,"['£1.25', '£0.89/100g']",1.25,£0.89/100g
5765,Aero Purely Chocolate Sharing Bar 90G,https://www.tesco.com/groceries/en-GB/products/307165686,1687614944.72831,"['£1.25', '£1.39/100g']",1.25,£1.39/100g
5766,Pringles Pop & Go Original 40G,https://www.tesco.com/groceries/en-GB/products/266460168,1687614944.810317,"['£0.90', '£2.25/100g']",0.9,£2.25/100g
5767,Haribo Funtasia 150G,https://www.tesco.com/groceries/en-GB/products/312582962,1687614944.934102,"['£1.25', '£0.83/100g']",1.25,£0.83/100g
5768,Mr Kipling Deliciously Good Chocolate Cake Slices X6,https://www.tesco.com/groceries/en-GB/products/311269120,1687614945.001327,"['£2.50', '£0.42/each']",2.5,£0.42/each
5769,Cadbury Dairy Milk Oreo Chocolate Bar 120G,https://www.tesco.com/groceries/en-GB/products/275248124,1687614945.0739672,"['£1.35', '£1.12/100g']",1.35,£1.12/100g
5770,Tesco Fudge 175G,https://www.tesco.com/groceries/en-GB/products/271950480,1687614945.2041018,"['£1.10', '£0.63/100g']",1.1,£0.63/100g
5771,Cadbury Dairy Milk Orange Giant Buttons 110G,https://www.tesco.com/groceries/en-GB/products/306939406,1687614945.3197188,"['£1.35', '£1.23/100g']",1.35,£1.23/100g
5772,Cadbury Twirl Orange Chocolate Bar 43G,https://www.tesco.com/groceries/en-GB/products/306943101,1687614945.392202,"['£0.75', '£1.74/100g']",0.75,£1.74/100g
5773,Tesco 6 Lemon Cake Slices 160G,https://www.tesco.com/groceries/en-GB/products/312093285,1687614951.8716228,"['£1.10', '£0.69/100g']",1.1,£0.69/100g
5774,Toblerone Orange Twist 360G,https://www.tesco.com/groceries/en-GB/products/306809929,1687614952.000894,"['£5.00', '£1.39/100g']",5.0,£1.39/100g
5775,Lindt Lindor Limited Edition 337G,https://www.tesco.com/groceries/en-GB/products/293378860,1687614952.106428,"['£9.50', '£2.82/100g']",9.5,£2.82/100g
5776,Lily O'brien's Desserts Collection 210G,https://www.tesco.com/groceries/en-GB/products/311782519,1687614952.246666,"['£7.00', '£3.33/100g']",7.0,£3.33/100g
5777,Organix Banana & Date 6 X 17G,https://www.tesco.com/groceries/en-GB/products/287001289,1687614952.337903,"['£2.50', '£2.45/100g']",2.5,£2.45/100g
5778,Haagen-Dazs Strawberry Cheesecake Ice Cream 460Ml,https://www.tesco.com/groceries/en-GB/products/303151530,1687614952.4070442,"['£5.15', '£1.12/100ml']",5.15,£1.12/100ml
5779,Kp Unsalted Peanuts 250G,https://www.tesco.com/groceries/en-GB/products/299581631,1687614952.473768,"['£3.00', '£12.00/kg']",3.0,£12.00/kg
5780,Bear Bites Strawberry & Butternut Squash 5 Pack,https://www.tesco.com/groceries/en-GB/products/306942056,1687614952.548125,"['£2.85', '£3.17/100g']",2.85,£3.17/100g
5781,Nutella Biscuits 20 Pieces 276G,https://www.tesco.com/groceries/en-GB/products/308098775,1687614952.647444,"['£3.35', '£1.21/100g']",3.35,£1.21/100g
5782,Wrigley's Extra White Bubblemint 6X10 Pieces 84G,https://www.tesco.com/groceries/en-GB/products/302312676,1687614952.7178519,"['£2.75', '£3.27/100g']",2.75,£3.27/100g
5783,Fibre One Birthday Cake 5X24g Pack 120G,https://www.tesco.com/groceries/en-GB/products/305916683,1687614952.786978,"['£2.60', '£2.17/100g']",2.6,£2.17/100g
5784,Fibre One Cake Bar Triple Chocolate 4 X 25G,https://www.tesco.com/groceries/en-GB/products/301692219,1687614952.855654,"['£2.90', '£2.90/100g']",2.9,£2.90/100g
5785,Tesco Chocolate Brownie 240G,https://www.tesco.com/groceries/en-GB/products/305967495,1687614952.925994,"['£1.85', '£0.77/100g']",1.85,£0.77/100g
5786,Whitworths Extra Juicy Sultanas 325G,https://www.tesco.com/groceries/en-GB/products/280484355,1687614952.99789,"['£2.00', '£6.15/kg']",2.0,£6.15/kg
5787,Tesco Cookie Dough Ice Cream 480Ml,https://www.tesco.com/groceries/en-GB/products/306937725,1687614953.087643,"['£2.40', '£0.50/100ml']",2.4,£0.50/100ml
5788,Lindt Classic Recipe Milk Chocolate Bar 125G,https://www.tesco.com/groceries/en-GB/products/309481095,1687614953.162443,"['£2.10', '£1.68/100g']",2.1,£1.68/100g
5789,Ferrero Rocher Original Milk Chocolate Bar 90G,https://www.tesco.com/groceries/en-GB/products/309481164,1687614953.229474,"['£2.20', '£2.44/100g']",2.2,£2.44/100g
5790,Nestle Toffee Crisp Chocolate Bars Multipack 9 X 31g,https://www.tesco.com/groceries/en-GB/products/297315939,1687614953.3177862,"['£2.50', '£0.90/100g']",2.5,£0.90/100g
5791,Butterkist Sweet & Salted Popcorn 100G,https://www.tesco.com/groceries/en-GB/products/285117870,1687614953.388843,"['£2.00', '£2.00/100g']",2.0,£2.00/100g
5792,Dairylea Dunkers Nacho Cheese Snack 4 Pack 172G,https://www.tesco.com/groceries/en-GB/products/308833879,1687614953.4797928,"['£2.25', '£13.08/kg']",2.25,£13.08/kg
5793,Pringles Sizzl'n Kickin Sour Cream Crisps 180G,https://www.tesco.com/groceries/en-GB/products/308117339,1687614953.578549,"['£1.85', '£1.03/100g']",1.85,£1.03/100g
5794,Pringles Multigrain Less Salt Sour Cream & Chilli 166G,https://www.tesco.com/groceries/en-GB/products/312700236,1687614953.6479402,"['£2.00', '£1.20/100g']",2.0,£1.20/100g
5795,Mentos Mint Chewy Sweets 5 X 38G,https://www.tesco.com/groceries/en-GB/products/307743647,1687614953.735861,"['£1.80', '£0.95/100g']",1.8,£0.95/100g
5796,Swizzels Luscious Lollies 176G,https://www.tesco.com/groceries/en-GB/products/311780781,1687614953.8044941,"['£1.15', '£0.65/100g']",1.15,£0.65/100g
5797,Cadbury Milk Chocolate Orange Fingers 114G,https://www.tesco.com/groceries/en-GB/products/306927207,1687614953.8718479,"['£1.70', '£1.49/100g']",1.7,£1.49/100g
5798,Fox's Biscuits Chocolatey Orange Rounds 130G,https://www.tesco.com/groceries/en-GB/products/312842626,1687614953.942844,"['£1.85', '£1.42/100g']",1.85,£1.42/100g
5799,Maynards Reds & Blacks 165G,https://www.tesco.com/groceries/en-GB/products/290330995,1687614954.04316,"['£1.25', '£0.76/100g']",1.25,£0.76/100g
5800,Maynards Bassetts Wine Gums Tangy 165G,https://www.tesco.com/groceries/en-GB/products/295703374,1687614954.110966,"['£1.25', '£0.76/100g']",1.25,£0.76/100g
5801,Squares Salt & Vinegar 40G,https://www.tesco.com/groceries/en-GB/products/294350141,1687614954.178972,"['£1.00', '£2.50/100g']",1.0,£2.50/100g
5802,Walkers Cheese & Onion Crisps 45G,https://www.tesco.com/groceries/en-GB/products/308467863,1687614954.29394,"['£1.00', '£2.22/100g']",1.0,£2.22/100g
5803,Walkers Prawn Cocktail Crisps 45G,https://www.tesco.com/groceries/en-GB/products/308455848,1687614954.409647,"['£1.00', '£2.22/100g']",1.0,£2.22/100g
5804,Tesco Fizzy Bubblegum Lances 75G,https://www.tesco.com/groceries/en-GB/products/279906262,1687614954.5351691,"['£0.70', '£0.93/100g']",0.7,£0.93/100g
5805,Chewits Strawberry Single 30G,https://www.tesco.com/groceries/en-GB/products/253273191,1687614954.601355,"['£0.40', '£1.33/100g']",0.4,£1.33/100g
5806,Fry's Turkish Delight Chocolate Bar 51G,https://www.tesco.com/groceries/en-GB/products/255601872,1687614954.668941,"['£0.75', '£1.47/100g']",0.75,£1.47/100g
5807,Barratts Jumbo Soft Nougat 100G,https://www.tesco.com/groceries/en-GB/products/271372236,1687614954.7792718,"['£0.75', '£0.75/100g']",0.75,£0.75/100g
5808,Tesco Mixed Fruit With Cranberry And Apricots 500G,https://www.tesco.com/groceries/en-GB/products/281282235,1687614954.846566,"['£1.90', '£3.80/kg']",1.9,£3.80/kg
5809,Skittles Crazy Sours Pouch 152G,https://www.tesco.com/groceries/en-GB/products/310844466,1687614954.9202719,"['£0.99', '£0.65/100g']",0.99,£0.65/100g
5810,Cadbury Bournville Buttons 110G,https://www.tesco.com/groceries/en-GB/products/303670917,1687614955.067755,"['£1.35', '£1.23/100g']",1.35,£1.23/100g
5812,Maltesers Kingsize 58.5G,https://www.tesco.com/groceries/en-GB/products/252944332,1687614955.208111,"['£0.90', '£1.54/100g']",0.9,£1.54/100g
5813,Tesco Viennese Half Coated Swirl 135G,https://www.tesco.com/groceries/en-GB/products/294779596,1687614955.330143,"['£1.15', '£0.85/100g']",1.15,£0.85/100g
5814,Tesco Hazelnuts 250G,https://www.tesco.com/groceries/en-GB/products/271074088,1687614955.4011421,"['£3.50', '£14.00/kg']",3.5,£14.00/kg
5815,Tesco Pine Nuts 150G,https://www.tesco.com/groceries/en-GB/products/271063176,1687614955.469048,"['£5.40', '£36.00/kg']",5.4,£36.00/kg
5816,Monty Bojangles Vegan Selection Truffles 135G,https://www.tesco.com/groceries/en-GB/products/311668949,1687614955.5363772,"['£3.50', '£2.59/100g']",3.5,£2.59/100g
5817,Bear Pure Fruit Yoyo Apple 5 X 20G,https://www.tesco.com/groceries/en-GB/products/284983000,1687614955.602571,"['£2.85', '£2.85/100g']",2.85,£2.85/100g
5818,Dr Karg Organic Cheese & Pumpkin Seed Crisp Bread 200G,https://www.tesco.com/groceries/en-GB/products/260391973,1687614955.703128,"['£2.50', '£1.25/100g']",2.5,£1.25/100g
5819,Bear Pure Fruit Yoyo Mango 5 X 20G,https://www.tesco.com/groceries/en-GB/products/284982669,1687614955.768974,"['£2.85', '£2.85/100g']",2.85,£2.85/100g
5820,Wrigley's Extra Cool Breeze 6X10 Pieces 84G,https://www.tesco.com/groceries/en-GB/products/302318762,1687614955.8576488,"['£2.75', '£3.27/100g']",2.75,£3.27/100g
5821,Kinder Bueno Chocolate Wafer Bars 10 X 43G,https://www.tesco.com/groceries/en-GB/products/306955876,1687614962.138828,"['£5.00', '£1.16/100g']",5.0,£1.16/100g
5822,Fruit Factory 4 Flavour Fruit Twists 5 X 18G,https://www.tesco.com/groceries/en-GB/products/312085491,1687614962.280249,"['£2.35', '£26.11/kg']",2.35,£26.11/kg
5823,Lindt Cranberry Almond & Hazelnut Dark Chocolate Bar 100G,https://www.tesco.com/groceries/en-GB/products/302319559,1687614962.377533,"['£2.45', '£2.45/100g']",2.45,£2.45/100g
5824,Whitworths Banana Chips 175G,https://www.tesco.com/groceries/en-GB/products/267718819,1687614962.47023,"['£2.00', '£11.43/kg']",2.0,£11.43/kg
5825,Tesco Roasted &Salted Cashew Nuts 350G,https://www.tesco.com/groceries/en-GB/products/268285067,1687614962.560435,"['£4.35', '£12.43/kg']",4.35,£12.43/kg
5826,Mars Milky Way 15 Fun Size Chocolate Bars Multipack 15 X 16.7g,https://www.tesco.com/groceries/en-GB/products/311678851,1687614962.628472,"['£3.50', '£1.40/100g']",3.5,£1.40/100g
5827,Eat Natural Protein Packed With Salted Caramel 3X45g,https://www.tesco.com/groceries/en-GB/products/305980841,1687614962.700742,"['£2.35', '£1.74/100g']",2.35,£1.74/100g
5828,Cadbury Snack Sandwich 6 Pack 132G,https://www.tesco.com/groceries/en-GB/products/281318333,1687614962.795285,"['£2.00', '£1.52/100g']",2.0,£1.52/100g
5829,Tyrrells Lentil Crisps Sour Cream & Onion 80G,https://www.tesco.com/groceries/en-GB/products/311278086,1687614962.863778,"['£2.00', '£2.50/100g']",2.0,£2.50/100g
5830,Nestle Polo Tube Multipack 4 X 34G,https://www.tesco.com/groceries/en-GB/products/288953675,1687614962.9941099,"['£1.75', '£1.29/100g']",1.75,£1.29/100g
5831,Soreen Malt Loaf 390G,https://www.tesco.com/groceries/en-GB/products/312361509,1687614963.06722,"['£1.75', '£0.45/100g']",1.75,£0.45/100g
5832,Tesco Finest Quadruple Chocolate Cookies 200G,https://www.tesco.com/groceries/en-GB/products/255418640,1687614963.134978,"['£2.00', '£1.00/100g']",2.0,£1.00/100g
5833,Dairylea Lunchables Mini Pizza Snacks 65G,https://www.tesco.com/groceries/en-GB/products/302312682,1687614963.206466,"['£1.60', '£2.46/kg']",1.6,£2.46/kg
5834,Swizzels Curious Chews 171G,https://www.tesco.com/groceries/en-GB/products/311445194,1687614963.29826,"['£1.15', '£0.67/100g']",1.15,£0.67/100g
5835,Fruittella Strawberry Sweets 4X41g,https://www.tesco.com/groceries/en-GB/products/277945569,1687614963.367032,"['£1.45', '£0.88/100g']",1.45,£0.88/100g
5836,Walkers Giant Monster Munch Roast Beef 85G,https://www.tesco.com/groceries/en-GB/products/305839519,1687614963.4353092,"['£2.50', '£2.94/100g']",2.5,£2.94/100g
5837,Tesco Dark Chocolate Salted Caramel 100G,https://www.tesco.com/groceries/en-GB/products/308102731,1687614963.527979,"['£1.15', '£1.15/100g']",1.15,£1.15/100g
5838,Mars Twix White Biscuit Twin Chocolate Bars Multipack 4 X 46g,https://www.tesco.com/groceries/en-GB/products/309775168,1687614963.597583,"['£1.65', '£0.90/100g']",1.65,£0.90/100g
5839,Bolands Fig Rolls 200G,https://www.tesco.com/groceries/en-GB/products/272052372,1687614963.665144,"['£1.10', '£0.55/100g']",1.1,£0.55/100g
5840,Fruittella Juicy Chews 170G ..,https://www.tesco.com/groceries/en-GB/products/300639241,1687614963.7331939,"['£1.50', '£0.88/100g']",1.5,£0.88/100g
5841,Mcvitie's Hobnob Flap Jack 5 Pack 131.8G,https://www.tesco.com/groceries/en-GB/products/313950548,1687614963.80058,"['£1.25', '£0.95/100g']",1.25,£0.95/100g
5842,Mcvities Hobnobs Coconut Macaroon Flapjacks 131.8G,https://www.tesco.com/groceries/en-GB/products/314117313,1687614963.901346,"['£1.25', '£0.95/100g']",1.25,£0.95/100g
5843,Mccoy's Flame Grilled Steak Grab Bag 45G,https://www.tesco.com/groceries/en-GB/products/311271859,1687614963.9980931,"['£1.00', '£2.22/100g']",1.0,£2.22/100g
5844,Munchies Pouch Bag 104G,https://www.tesco.com/groceries/en-GB/products/300227135,1687614964.109547,"['£1.25', '£1.20/100g']",1.25,£1.20/100g
5845,Milkybar White Chocolate Buttons Bag,https://www.tesco.com/groceries/en-GB/products/257245057,1687614964.177623,"['£0.75', '£2.50/100g']",0.75,£2.50/100g
5846,Cadbury White Giant Buttons 110G,https://www.tesco.com/groceries/en-GB/products/306950893,1687614964.292068,"['£1.35', '£1.23/100g']",1.35,£1.23/100g
5847,Skittles Fruits Chewies 137G,https://www.tesco.com/groceries/en-GB/products/311258922,1687614964.3681412,"['£0.99', '£0.72/100g']",0.99,£0.72/100g
5848,Twix Chocolate Bar 75G,https://www.tesco.com/groceries/en-GB/products/282539902,1687614964.444874,"['£0.90', '£1.20/100g']",0.9,£1.20/100g
5849,Tesco Salted Caramel Fudge 125G,https://www.tesco.com/groceries/en-GB/products/302317059,1687614964.576088,"['£1.20', '£0.96/100g']",1.2,£0.96/100g
5850,Tesco Snack Pack Mango 35G,https://www.tesco.com/groceries/en-GB/products/302685683,1687614964.650372,"['£1.00', '£28.57/kg']",1.0,£28.57/kg
5851,Lindt Lindor Assorted Chocolate Truffle Carton 337G,https://www.tesco.com/groceries/en-GB/products/256048880,1687614964.754462,"['£9.50', '£2.82/100g']",9.5,£2.82/100g
5852,Lindt Lindor Milk Mint 200G,https://www.tesco.com/groceries/en-GB/products/297738842,1687614964.8294091,"['£6.00', '£3.00/100g']",6.0,£3.00/100g
5853,Tesco Sunflower Seeds 300G,https://www.tesco.com/groceries/en-GB/products/256515195,1687614964.9034328,"['£2.50', '£8.33/kg']",2.5,£8.33/kg
5854,Organix 12 Month Apple & Orange Fruit & Cereal Bar 6X30g,https://www.tesco.com/groceries/en-GB/products/255945384,1687614964.971576,"['£3.00', '£1.67/100g']",3.0,£1.67/100g
5855,Tesco Whole Blanched Hazelnuts 100G,https://www.tesco.com/groceries/en-GB/products/259463129,1687614965.047132,"['£2.10', '£21.00/kg']",2.1,£21.00/kg
5856,Lindt Dark Chocolate With Hazelnut Bar 150G,https://www.tesco.com/groceries/en-GB/products/258202216,1687614965.130928,"['£3.45', '£2.30/100g']",3.45,£2.30/100g
5857,Tesco Wholefood Ready To Eat Prunes 1Kg,https://www.tesco.com/groceries/en-GB/products/262874330,1687614965.2757728,"['£6.25', '£6.25/kg']",6.25,£6.25/kg
5858,Ferrero Collection 12 Pieces Boxed Chocolates 135G,https://www.tesco.com/groceries/en-GB/products/306816108,1687614965.36764,"['£5.25', '£3.89/100g']",5.25,£3.89/100g
5859,Organix Apple Rice Cake Clouds 4 Pack 72G,https://www.tesco.com/groceries/en-GB/products/311214600,1687614965.5358021,"['£2.80', '£38.89/kg']",2.8,£38.89/kg
5860,Tesco Apple Fruit Slurper 4X90g,https://www.tesco.com/groceries/en-GB/products/302986350,1687614965.605282,"['£2.10', '£0.58/100g']",2.1,£0.58/100g
5861,Peperami & Cheese Snack Box 50G,https://www.tesco.com/groceries/en-GB/products/302489656,1687614965.6855638,"['£1.50', '£30.00/kg']",1.5,£30.00/kg
5862,Tesco Mixed Snacks 30 Pack 530G,https://www.tesco.com/groceries/en-GB/products/300594966,1687614965.7782981,"['£3.65', '£0.69/100g']",3.65,£0.69/100g
5863,Bear Giant Yoyo Strawberry & Mango 5 X 20G,https://www.tesco.com/groceries/en-GB/products/306934210,1687614965.850327,"['£2.85', '£2.85/100g']",2.85,£2.85/100g
5864,Fibre One Lemon Drizzle Reduced Sugar Squares 5 X 24G,https://www.tesco.com/groceries/en-GB/products/305966997,1687614965.937671,"['£2.60', '£2.17/100g']",2.6,£2.17/100g
5865,Lindt Excellence Dark Chilli Chocolate Bar 100G,https://www.tesco.com/groceries/en-GB/products/263748035,1687614966.0271208,"['£2.45', '£2.45/100g']",2.45,£2.45/100g
5866,Tesco Rocky Road Bites 195G,https://www.tesco.com/groceries/en-GB/products/309177980,1687614966.11622,"['£2.30', '£1.18/100g']",2.3,£1.18/100g
5867,Belvita Soft Bakes Golden Oats 250G,https://www.tesco.com/groceries/en-GB/products/289954275,1687614966.204963,"['£2.50', '£1.00/100g']",2.5,£1.00/100g
5868,Graze Protein Oat Boosts Peanut Butter Flapjacks 4X 30G,https://www.tesco.com/groceries/en-GB/products/312084250,1687614966.274797,"['£1.99', '£1.66/100g']",1.99,£1.66/100g
5869,Doritos Triple Cheese Pizza Tortilla Chips 180G,https://www.tesco.com/groceries/en-GB/products/312235245,1687614971.7259588,"['£2.10', '£1.17/100g']",2.1,£1.17/100g
5870,Finn Crisp Original Slims 200G,https://www.tesco.com/groceries/en-GB/products/254926506,1687614971.8096719,"['£1.40', '£0.70/100g']",1.4,£0.70/100g
5871,Elizabeth Shaw Mint Collection 200G,https://www.tesco.com/groceries/en-GB/products/271645732,1687614971.9451,"['£5.00', '£2.50/100g']",5.0,£2.50/100g
5872,Ferrero Raffaello Coconut & Almond Pralines 230G,https://www.tesco.com/groceries/en-GB/products/309182558,1687614972.135655,"['£3.99', '£1.74/100g']",3.99,£1.74/100g
5873,Tesco Finest Parmesan & Garlic Twists 100G,https://www.tesco.com/groceries/en-GB/products/310179458,1687614972.213839,"['£1.85', '£1.85/100g']",1.85,£1.85/100g
5874,Tesco French Toast 200G,https://www.tesco.com/groceries/en-GB/products/266291362,1687614972.2872021,"['£1.35', '£0.68/100g']",1.35,£0.68/100g
5875,Whitworths Sunny Fruit Mix Ups Apricot & Mango 4X18g,https://www.tesco.com/groceries/en-GB/products/308099031,1687614972.361077,"['£1.25', '£1.74/100g']",1.25,£1.74/100g
5876,Galaxy Cookies 180G,https://www.tesco.com/groceries/en-GB/products/297544092,1687614972.438679,"['£2.00', '£1.11/100g']",2.0,£1.11/100g
5877,Swizzels Drumsticks Squashies Rhubarb Custard Flavoured 160G,https://www.tesco.com/groceries/en-GB/products/309747824,1687614972.5119941,"['£1.15', '£0.72/100g']",1.15,£0.72/100g
5878,Cadbury Dairy Milk Crunchie Bits Milk Chocolate Bar 180G,https://www.tesco.com/groceries/en-GB/products/311208280,1687614972.583075,"['£2.00', '£1.11/100g']",2.0,£1.11/100g
5879,Hula Hoops Big Hoops Salted Grab Bag 45G,https://www.tesco.com/groceries/en-GB/products/311441267,1687614972.656659,"['£1.00', '£2.22/100g']",1.0,£2.22/100g
5880,Ferrero Rocher 3 Pack 37.5G,https://www.tesco.com/groceries/en-GB/products/278003312,1687614972.778048,"['£1.00', '£2.67/100g']",1.0,£2.67/100g
5881,Quavers Cheese Grab Bag 34G,https://www.tesco.com/groceries/en-GB/products/294350106,1687614972.896019,"['£1.00', '£2.94/100g']",1.0,£2.94/100g
5882,Oreo Twists Vanilla & Caramel Flavoured Biscuit 157G,https://www.tesco.com/groceries/en-GB/products/311801429,1687614973.0131772,"['£1.20', '£0.76/100g']",1.2,£0.76/100g
5883,Smarties Tube 38G,https://www.tesco.com/groceries/en-GB/products/250669684,1687614973.084979,"['£0.75', '£1.97/100g']",0.75,£1.97/100g
5884,Extra Peppermint Gum 10 Pieces,https://www.tesco.com/groceries/en-GB/products/255626324,1687614973.202116,"['£0.70', '£5.00/100g']",0.7,£5.00/100g
5885,Chewits Xtreme Sour Apple Stick 31G,https://www.tesco.com/groceries/en-GB/products/256385065,1687614973.2706602,"['£0.40', '£1.18/100g']",0.4,£1.18/100g
5886,Tesco Bacon Rashers 10 Pack 190G,https://www.tesco.com/groceries/en-GB/products/300595061,1687614973.3430982,"['£1.35', '£0.71/100g']",1.35,£0.71/100g
5887,Tesco Blackcurrant Sundae Tarts 4 Pack,https://www.tesco.com/groceries/en-GB/products/293609944,1687614973.4127328,"['£1.35', '£0.34/each']",1.35,£0.34/each
5888,Tesco Chocolate Limes 200G,https://www.tesco.com/groceries/en-GB/products/267673940,1687614973.488147,"['£1.10', '£0.55/100g']",1.1,£0.55/100g
5889,Alpen Light Cereal Bars Jaffa Cake 5X19g,https://www.tesco.com/groceries/en-GB/products/287614756,1687614973.555205,"['£1.00', '£1.05/100g']",1.0,£1.05/100g
5890,Grower's Harvest Trail Mix 300G,https://www.tesco.com/groceries/en-GB/products/301555948,1687614973.626102,"['£1.29', '£4.30/kg']",1.29,£4.30/kg
5891,Tesco Roasted Nut Mix Snack Pack 55G,https://www.tesco.com/groceries/en-GB/products/285711120,1687614973.737033,"['£1.00', '£18.18/kg']",1.0,£18.18/kg
5892,Tesco Whole Nut Milk Chocolate Bar 200G,https://www.tesco.com/groceries/en-GB/products/300794960,1687614973.826747,"['£1.20', '£0.60/100g']",1.2,£0.60/100g
5893,Linwoods Milled Organic Flaxseed 425G,https://www.tesco.com/groceries/en-GB/products/284458968,1687614973.899755,"['£5.80', '£13.65/kg']",5.8,£13.65/kg
5894,Tesco Wholefood Luxury Fruit & Nut Mix 300G,https://www.tesco.com/groceries/en-GB/products/262291161,1687614973.976392,"['£4.20', '£14.00/kg']",4.2,£14.00/kg
5895,Lindt Lindor Blood Orange Chocolate Truffles 200G,https://www.tesco.com/groceries/en-GB/products/312696263,1687614974.0460281,"['£6.00', '£3.00/100g']",6.0,£3.00/100g
5896,Daelmans 10 Caramel Stroopwafel 290G,https://www.tesco.com/groceries/en-GB/products/272574416,1687614974.116019,"['£2.00', '£0.69/100g']",2.0,£0.69/100g
5897,Tony's Chocolonely Milk Chocolate 180G,https://www.tesco.com/groceries/en-GB/products/308838914,1687614974.183722,"['£3.00', '£1.67/100g']",3.0,£1.67/100g
5898,Jacobs Cornish Wafers 150G,https://www.tesco.com/groceries/en-GB/products/254925277,1687614974.251806,"['£1.70', '£1.13/100g']",1.7,£1.13/100g
5899,Montezuma's Black Forest Cherry Dark Chocolate Bar 90G,https://www.tesco.com/groceries/en-GB/products/311425569,1687614974.321158,"['£2.75', '£3.06/100g']",2.75,£3.06/100g
5900,Tesco Brookie Bites 20 Pack,https://www.tesco.com/groceries/en-GB/products/309177640,1687614974.4096909,"['£2.30', '£0.12/each']",2.3,£0.12/each
5901,Kallo Veggie Cakes Beetroot & Balsamic 122G,https://www.tesco.com/groceries/en-GB/products/310180473,1687614974.499882,"['£2.75', '£2.25/100g']",2.75,£2.25/100g
5902,Wrigley's Airwaves Menthol Eucalyptus 6X10pcs 84G,https://www.tesco.com/groceries/en-GB/products/302280522,1687614974.573877,"['£2.75', '£3.27/100g']",2.75,£3.27/100g
5903,Fruit Bowl Blackcurrant Peelers 5X16g,https://www.tesco.com/groceries/en-GB/products/301970979,1687614974.642506,"['£2.50', '£3.12/100g']",2.5,£3.12/100g
5904,Marmite Flatbreads 140G,https://www.tesco.com/groceries/en-GB/products/293417975,1687614974.7393851,"['£2.80', '£2.00/100g']",2.8,£2.00/100g
5905,Airwaves Menthol & Eucalyptus Gum Bottle 46 Pieces,https://www.tesco.com/groceries/en-GB/products/276578694,1687614974.8347468,"['£1.99', '£3.11/100g']",1.99,£3.11/100g
5906,Aero Milk Chocolate Peppermint Bubbles 201G,https://www.tesco.com/groceries/en-GB/products/308099289,1687614974.935783,"['£2.25', '£1.12/100g']",2.25,£1.12/100g
5907,Cadbury Roundie Milk Chocolate Biscuit 180G,https://www.tesco.com/groceries/en-GB/products/306660176,1687614975.0052102,"['£2.00', '£1.11/100g']",2.0,£1.11/100g
5908,Tesco Golden Flaxseeds 250G,https://www.tesco.com/groceries/en-GB/products/276377684,1687614975.074881,"['£1.20', '£4.80/kg']",1.2,£4.80/kg
5909,Tyrrells Mixed Root Vegetable Crisps 40G,https://www.tesco.com/groceries/en-GB/products/274215027,1687614975.142124,"['£1.00', '£2.50/100g']",1.0,£2.50/100g
5910,Swizzels Drumsticks Squashsies Banana & Blueberry 140G,https://www.tesco.com/groceries/en-GB/products/311277594,1687614975.266554,"['£1.15', '£0.82/100g']",1.15,£0.82/100g
5911,Tesco Liquorice Twists 250G,https://www.tesco.com/groceries/en-GB/products/254070043,1687614975.344373,"['£1.10', '£0.44/100g']",1.1,£0.44/100g
5912,Jacob's Cheddars Red Leicester 150G,https://www.tesco.com/groceries/en-GB/products/312100255,1687614975.4134169,"['£1.20', '£0.80/100g']",1.2,£0.80/100g
5913,Burts Potato Chips Mature Cheddar & Onion 150G,https://www.tesco.com/groceries/en-GB/products/262858200,1687614975.494913,"['£1.85', '£1.23/100g']",1.85,£1.23/100g
5914,Tesco Peanut Cookies 200G,https://www.tesco.com/groceries/en-GB/products/276846141,1687614975.563545,"['£1.20', '£0.60/100g']",1.2,£0.60/100g
5915,Tayto Cheese & Onion Potato Crisps 6 X 25G,https://www.tesco.com/groceries/en-GB/products/273999804,1687614975.6456802,"['£1.85', '£1.23/100g']",1.85,£1.23/100g
5916,Mccoy's Salt & Vinegar Grab Bag Crisps 45G,https://www.tesco.com/groceries/en-GB/products/311263224,1687614975.721332,"['£1.00', '£2.22/100g']",1.0,£2.22/100g
5917,Reese's Peanut Butter Cups 2 Pack 42G,https://www.tesco.com/groceries/en-GB/products/307359859,1687614981.147924,"['£0.80', '£1.90/100g']",0.8,£1.90/100g
5918,Wotsits Cheese 36G,https://www.tesco.com/groceries/en-GB/products/294350129,1687614981.304805,"['£1.00', '£2.78/100g']",1.0,£2.78/100g
5919,Haribo Twin Snakes Fruit Flavour Gum 175G,https://www.tesco.com/groceries/en-GB/products/310691110,1687614981.423539,"['£1.25', '£0.71/100g']",1.25,£0.71/100g
5920,Tesco Pumpkin Seeds Almond & Dark Chocolate Bars 140G,https://www.tesco.com/groceries/en-GB/products/300877131,1687614981.496135,"['£1.55', '£1.11/100g']",1.55,£1.11/100g
5921,Oreo Twists Vanilla & Raspberry Flavoured Biscuit 157G,https://www.tesco.com/groceries/en-GB/products/311684814,1687614981.563325,"['£1.20', '£0.76/100g']",1.2,£0.76/100g
5922,Lindt Lindor Chocolate Treat Bar 38G,https://www.tesco.com/groceries/en-GB/products/276153908,1687614981.631975,"['£0.90', '£2.37/100g']",0.9,£2.37/100g
5923,Tesco Viennese Swirl Carton 125G,https://www.tesco.com/groceries/en-GB/products/294779613,1687614981.755973,"['£1.15', '£0.92/100g']",1.15,£0.92/100g
5924,Cadbury Oreo Bites 110G,https://www.tesco.com/groceries/en-GB/products/300112478,1687614981.822687,"['£1.35', '£1.23/100g']",1.35,£1.23/100g
5925,Tesco Finest Red Velvet Cake,https://www.tesco.com/groceries/en-GB/products/312222364,1687614981.892374,"['£3.00', '£3.00/each']",3.0,£3.00/each
5926,Cadbury Wispa Gold Bar 48G,https://www.tesco.com/groceries/en-GB/products/292286456,1687614981.983201,"['£0.75', '£1.56/100g']",0.75,£1.56/100g
5927,Cadbury Caramilk Chocolate Buttons 105G,https://www.tesco.com/groceries/en-GB/products/310689217,1687614982.145094,"['£1.35', '£1.29/100g']",1.35,£1.29/100g
5928,Nestle Milkybar Kid Bar 12G,https://www.tesco.com/groceries/en-GB/products/306709570,1687614982.216488,"['£0.30', '£2.50/100g']",0.3,£2.50/100g
5929,Tesco Almonds 25G,https://www.tesco.com/groceries/en-GB/products/299497656,1687614982.2896562,"['£0.50', '£2.00/100g']",0.5,£2.00/100g
5930,Grower's Harvest Island Mix 300G,https://www.tesco.com/groceries/en-GB/products/301555960,1687614982.382012,"['£1.29', '£4.30/kg']",1.29,£4.30/kg
5931,Tesco Pistachio Nuts In Shell 250G,https://www.tesco.com/groceries/en-GB/products/271666972,1687614982.450251,"['£3.55', '£14.20/kg']",3.55,£14.20/kg
5932,Green And Blacks Classic Minis 180G,https://www.tesco.com/groceries/en-GB/products/285131570,1687614982.517407,"['£6.00', '£3.33/100g']",6.0,£3.33/100g
5933,Oreo Ice Cream 480Ml,https://www.tesco.com/groceries/en-GB/products/283198009,1687614982.6100879,"['£3.50', '£0.73/100ml']",3.5,£0.73/100ml
5934,Ben & Jerry's Cookies On Cookie Dough Dairy Free Ice Cream 465Ml,https://www.tesco.com/groceries/en-GB/products/305985634,1687614982.709237,"['£5.00', '£1.08/100ml']",5.0,£1.08/100ml
5935,Whitworths Sunny Raisin 6 X42.5G,https://www.tesco.com/groceries/en-GB/products/258141777,1687614982.777664,"['£2.40', '£9.41/kg']",2.4,£9.41/kg
5936,Bear Yoyo Sours Strawberry & Apple 10 Rolls 5 Pack,https://www.tesco.com/groceries/en-GB/products/295684372,1687614982.8447502,"['£2.85', '£2.85/100g']",2.85,£2.85/100g
5937,Bear Bites Blackcurrant & Beetroot 5 X 18G,https://www.tesco.com/groceries/en-GB/products/306945491,1687614982.937015,"['£2.85', '£3.17/100g']",2.85,£3.17/100g
5939,Ryvita Cracked Black Pepper Crisp Bread 5X40g,https://www.tesco.com/groceries/en-GB/products/266319153,1687614983.089323,"['£2.00', '£1.00/100g']",2.0,£1.00/100g
5940,Fruit Bowl Raisin Yogurt 5X25g,https://www.tesco.com/groceries/en-GB/products/302154223,1687614983.162855,"['£2.25', '£1.80/100g']",2.25,£1.80/100g
5941,Bear Giant Yoyo Apple & Blackcurrant 5 X 20G,https://www.tesco.com/groceries/en-GB/products/306927708,1687614983.230593,"['£2.85', '£2.85/100g']",2.85,£2.85/100g
5942,Tesco Figs 250G,https://www.tesco.com/groceries/en-GB/products/253024285,1687614983.321592,"['£2.50', '£10.00/kg']",2.5,£10.00/kg
5943,Fulfil Chocolate Salted Caramel Vitamin & Protein Bar 40G,https://www.tesco.com/groceries/en-GB/products/306502105,1687614983.390771,"['£2.00', '£5.00/100g']",2.0,£5.00/100g
5944,Peperami Firestick 5X22.5G,https://www.tesco.com/groceries/en-GB/products/311447407,1687614983.502636,"['£2.75', '£2.44/100g']",2.75,£2.44/100g
5945,Tesco Organic Walnut Halves 100G,https://www.tesco.com/groceries/en-GB/products/309461113,1687614983.592596,"['£2.10', '£21.00/kg']",2.1,£21.00/kg
5946,Tesco Finest Beetroot & Seed Crackers 150G,https://www.tesco.com/groceries/en-GB/products/297315692,1687614983.66027,"['£2.15', '£1.43/100g']",2.15,£1.43/100g
5947,Peperami Tender Jerky Original 50G,https://www.tesco.com/groceries/en-GB/products/307361223,1687614983.734049,"['£2.00', '£4.00/100g']",2.0,£4.00/100g
5948,Kp Flavour Kravers Flamegrilled Steak Flavour Peanut 140G,https://www.tesco.com/groceries/en-GB/products/310165889,1687614983.801116,"['£3.00', '£2.14/100g']",3.0,£2.14/100g
5949,Extra White Gum Bottle 46 Pieces64g,https://www.tesco.com/groceries/en-GB/products/276579024,1687614983.868601,"['£1.99', '£3.11/100g']",1.99,£3.11/100g
5950,Propercorn Lightly Sea Salted 70G,https://www.tesco.com/groceries/en-GB/products/278170199,1687614983.936568,"['£1.90', '£2.71/100g']",1.9,£2.71/100g
5951,Walkers Max Strong Hot Sauce Blaze Crisps 140G,https://www.tesco.com/groceries/en-GB/products/312098660,1687614984.003977,"['£2.25', '£1.61/100g']",2.25,£1.61/100g
5952,Walkers Max Fiery Prawn Cocktail Crisps 6X27g,https://www.tesco.com/groceries/en-GB/products/311935927,1687614984.07627,"['£1.95', '£1.20/100g']",1.95,£1.20/100g
5953,Itsu Seaweed Thins Sea Salt 5G,https://www.tesco.com/groceries/en-GB/products/279834507,1687614984.166278,"['£1.00', '£20.00/100g']",1.0,£20.00/100g
5954,Maynards Sports Mixture 190G,https://www.tesco.com/groceries/en-GB/products/272493004,1687614984.2822368,"['£1.50', '£0.79/100g']",1.5,£0.79/100g
5955,Popworks Sweet & Salty Popped Crisps 5X17g,https://www.tesco.com/groceries/en-GB/products/312575493,1687614984.3781,"['£1.95', '£2.29/100g']",1.95,£2.29/100g
5956,Tesco Chia Seeds 100G,https://www.tesco.com/groceries/en-GB/products/309470252,1687614984.4571352,"['£1.00', '£10.00/kg']",1.0,£10.00/kg
5957,Walkers Baked Cheese & Onion 37.5G,https://www.tesco.com/groceries/en-GB/products/259154000,1687614984.52737,"['£0.95', '£2.53/100g']",0.95,£2.53/100g
5958,Norfolk Cake Co Honey Flapjack,https://www.tesco.com/groceries/en-GB/products/288389939,1687614984.641813,"['£0.90', '£0.90/each']",0.9,£0.90/each
5959,Maynards Bassetts Wine Gums Juicies 130G,https://www.tesco.com/groceries/en-GB/products/312089417,1687614984.7603588,"['£1.25', '£0.96/100g']",1.25,£0.96/100g
5960,Aero Milk Chocolate Peppermint Bubbles 92G,https://www.tesco.com/groceries/en-GB/products/308085560,1687614984.837298,"['£1.35', '£1.47/100g']",1.35,£1.47/100g
5961,Nik Naks Nice 'N' Spicy Grab Bag Crisps 45G,https://www.tesco.com/groceries/en-GB/products/311442168,1687614984.906661,"['£1.00', '£2.22/100g']",1.0,£2.22/100g
5962,Squashies Drumstick Bubblegum 160G,https://www.tesco.com/groceries/en-GB/products/285000846,1687614985.016866,"['£1.15', '£0.72/100g']",1.15,£0.72/100g
5963,Walkers Salt & Vinegar Crisps 45G,https://www.tesco.com/groceries/en-GB/products/308495685,1687614985.0842571,"['£1.00', '£2.22/100g']",1.0,£2.22/100g
5964,Tesco Salt & Vinegar Flavoured Mini Rice & Corn Cakes 4X25g,https://www.tesco.com/groceries/en-GB/products/311680588,1687614985.2345989,"['£1.25', '£1.25/100g']",1.25,£1.25/100g
5965,Airwaves Menthol & Eucalyptus Gum 10 Pieces,https://www.tesco.com/groceries/en-GB/products/253747627,1687614990.803017,"['£0.70', '£0.05/kg']",0.7,£0.05/kg
5966,Tesco Milk Chocolate Turkish Delight Thins 180G,https://www.tesco.com/groceries/en-GB/products/311670623,1687614990.878722,"['£1.25', '£0.69/100g']",1.25,£0.69/100g
5967,Cadbury Dairy Milk 45G,https://www.tesco.com/groceries/en-GB/products/275565630,1687614990.95135,"['£0.75', '£1.67/100g']",0.75,£1.67/100g
5968,Tesco Chocolate Orange Rice Cakes 129G,https://www.tesco.com/groceries/en-GB/products/306663392,1687614991.070393,"['£1.30', '£1.01/100g']",1.3,£1.01/100g
5969,Tic Tac Fresh Mint 18G,https://www.tesco.com/groceries/en-GB/products/262319165,1687614991.147688,"['£0.60', '£3.33/100g']",0.6,£3.33/100g
5970,M&M's Brownie Chocolate Bag 102G,https://www.tesco.com/groceries/en-GB/products/308475496,1687614991.268455,"['£1.50', '£1.47/100g']",1.5,£1.47/100g
5971,Tesco Fruit & Nut Milk Chocolate 200G,https://www.tesco.com/groceries/en-GB/products/300794983,1687614991.3385348,"['£1.20', '£0.60/100g']",1.2,£0.60/100g
5972,Tesco Chocolate Fruit & Nut Mix Snack Pack 60G,https://www.tesco.com/groceries/en-GB/products/283112187,1687614991.405407,"['£1.00', '£16.67/kg']",1.0,£16.67/kg
5973,Bear Yoyo Blackcurrant 9 Pack 180G,https://www.tesco.com/groceries/en-GB/products/293425049,1687614991.494643,"['£4.45', '£2.47/100g']",4.45,£2.47/100g
5974,Graze Marmite Crunch Sharing Bag 100G,https://www.tesco.com/groceries/en-GB/products/310677479,1687614991.561995,"['£2.50', '£25.00/kg']",2.5,£25.00/kg
5975,Tesco Jumbo Peanuts 300G,https://www.tesco.com/groceries/en-GB/products/276416276,1687614991.6349099,"['£2.10', '£7.00/kg']",2.1,£7.00/kg
5976,Monty Bojangles Selection Of Cocoa Truffles 135G,https://www.tesco.com/groceries/en-GB/products/293134163,1687614991.738674,"['£3.50', '£2.59/100g']",3.5,£2.59/100g
5977,Kind Dark Chocolate Nuts & Sea Salt Bars 3 X 30G,https://www.tesco.com/groceries/en-GB/products/308109009,1687614991.8174798,"['£3.00', '£3.33/100g']",3.0,£3.33/100g
5978,Tesco 16 Madeleines 400G,https://www.tesco.com/groceries/en-GB/products/282979274,1687614991.892183,"['£2.85', '£0.71/100g']",2.85,£0.71/100g
5979,Maoam Maomixx 350G,https://www.tesco.com/groceries/en-GB/products/308490229,1687614991.9685602,"['£3.00', '£0.86/100g']",3.0,£0.86/100g
5980,Montezuma's Absolute Black Dark Chocolate Cocoa 90G,https://www.tesco.com/groceries/en-GB/products/307345485,1687614992.042455,"['£2.75', '£3.06/100g']",2.75,£3.06/100g
5981,Fibre One Reduced Sugar Salted Caramel Squares 5X24g,https://www.tesco.com/groceries/en-GB/products/305833884,1687614992.141901,"['£2.60', '£2.17/100g']",2.6,£2.17/100g
5982,Kp Chilli Peanuts 225G,https://www.tesco.com/groceries/en-GB/products/297814101,1687614992.213388,"['£3.00', '£13.33/kg']",3.0,£13.33/kg
5983,Gogo Squeez Fruit Snack Apple Mango 4X90g,https://www.tesco.com/groceries/en-GB/products/297754534,1687614992.306227,"['£2.55', '£0.71/100g']",2.55,£0.71/100g
5984,Tesco Flax Seeds 150G,https://www.tesco.com/groceries/en-GB/products/290594532,1687614992.405353,"['£1.20', '£8.00/kg']",1.2,£8.00/kg
5985,Belvita Dark Chocolate & Hazelnut Baked Bar 4X 40G,https://www.tesco.com/groceries/en-GB/products/306497605,1687614992.4787998,"['£1.75', '£1.09/100g']",1.75,£1.09/100g
5986,Tesco 5 Banana Bites With A Yogurt Coating 125G,https://www.tesco.com/groceries/en-GB/products/309488940,1687614992.563479,"['£1.90', '£1.52/100g']",1.9,£1.52/100g
5987,Mars Fun Size Chocolate Bars Multipack 16 X 18.9g,https://www.tesco.com/groceries/en-GB/products/311267030,1687614992.652523,"['£3.50', '£1.16/100g']",3.5,£1.16/100g
5988,Pringles Multigrain Less Salt Bbq Sauce 166G,https://www.tesco.com/groceries/en-GB/products/312702977,1687614992.8472269,"['£2.00', '£1.20/100g']",2.0,£1.20/100g
5989,Mars Snickers Creamy Peanut Butter Chocolate Bars Multipack 10 X 18.2g,https://www.tesco.com/groceries/en-GB/products/308103183,1687614992.9496498,"['£2.50', '£1.37/100g']",2.5,£1.37/100g
5990,Seriously Cheese Triangles Original 8 X 15G,https://www.tesco.com/groceries/en-GB/products/305972085,1687614993.020628,"['£1.45', '£12.08/kg']",1.45,£12.08/kg
5991,Reese's Peanut Butter Cups Minis Unwrapped 90G,https://www.tesco.com/groceries/en-GB/products/305963418,1687614993.090538,"['£1.75', '£1.94/100g']",1.75,£1.94/100g
5992,Cadbury Oreo Cadbury Coated Biscuit 164G,https://www.tesco.com/groceries/en-GB/products/304372445,1687614993.159754,"['£2.20', '£1.34/100g']",2.2,£1.34/100g
5993,Reese's Peanut Butter Cup 5 Pack 77G,https://www.tesco.com/groceries/en-GB/products/301210752,1687614993.25031,"['£1.35', '£1.75/100g']",1.35,£1.75/100g
5994,Doritos Cool Original Corn Chips 48G,https://www.tesco.com/groceries/en-GB/products/308476817,1687614993.323122,"['£1.00', '£2.08/100g']",1.0,£2.08/100g
5995,Tesco 9 Chocolate Brownie Bites,https://www.tesco.com/groceries/en-GB/products/278298031,1687614993.435207,"['£1.20', '£0.13/each']",1.2,£0.13/each
5996,Nutella & Go 48G,https://www.tesco.com/groceries/en-GB/products/284603630,1687614993.503983,"['£1.10', '£2.29/100g']",1.1,£2.29/100g
5997,Mccoy's Thai Sweet Chicken Grab Bag Crisps 45G,https://www.tesco.com/groceries/en-GB/products/311252600,1687614993.620382,"['£1.00', '£2.22/100g']",1.0,£2.22/100g
5998,Walkers Max Flamin Hot Crisps 50G,https://www.tesco.com/groceries/en-GB/products/290572685,1687614993.802655,"['£0.95', '£1.90/100g']",0.95,£1.90/100g
5999,Twix White Chocolate Biscuit Fingers 9X20g 180G,https://www.tesco.com/groceries/en-GB/products/311670986,1687614993.9183302,"['£2.00', '£1.11/100g']",2.0,£1.11/100g
6000,Walkers Monster Munch Mega Pickled Onion Snack40g,https://www.tesco.com/groceries/en-GB/products/264441586,1687614994.009964,"['£1.00', '£2.50/100g']",1.0,£2.50/100g
6001,Mr Kipling Deliciously Good Angel Cake Slices X6,https://www.tesco.com/groceries/en-GB/products/311440470,1687614994.119955,"['£2.50', '£0.42/each']",2.5,£0.42/each
6002,Kellogg's Nutrigrain Strawberry 37G,https://www.tesco.com/groceries/en-GB/products/252851390,1687614994.190381,"['£0.60', '£1.62/100g']",0.6,£1.62/100g
6003,Thorntons Bites Caramel Shortcakes Milk Chocolate 10Pack,https://www.tesco.com/groceries/en-GB/products/309461902,1687614994.3129659,"['£1.80', '£0.18/each']",1.8,£0.18/each
6004,Extra Strawberry Gum 10 Pieces,https://www.tesco.com/groceries/en-GB/products/271493749,1687614994.411948,"['£0.70', '£5.00/100g']",0.7,£5.00/100g
6005,Cadbury Dairy Milk 30% Less Sugar 85G,https://www.tesco.com/groceries/en-GB/products/302291267,1687614994.4834182,"['£1.35', '£1.59/100g']",1.35,£1.59/100g
6006,Cadbury Dairy Milk Mint Buttons Chocolate 110G,https://www.tesco.com/groceries/en-GB/products/309745417,1687614994.550059,"['£1.35', '£1.23/100g']",1.35,£1.23/100g
6007,Kinder Surprise Egg 20G,https://www.tesco.com/groceries/en-GB/products/259298175,1687614994.6272352,"['£0.99', '£4.95/100g']",0.99,£4.95/100g
6008,Tesco Lemon Curd Tarts 6 Pack,https://www.tesco.com/groceries/en-GB/products/255503493,1687614994.764643,"['£0.99', '£0.16/each']",0.99,£0.16/each
6009,Extra Cool Breeze Gum 10 Pieces,https://www.tesco.com/groceries/en-GB/products/251890252,1687614994.8321128,"['£0.70', '£5.00/100g']",0.7,£5.00/100g
6010,Skittles Giants Crazy Sour 141G,https://www.tesco.com/groceries/en-GB/products/311221044,1687614994.901616,"['£0.99', '£0.70/100g']",0.99,£0.70/100g
6011,Maltesers Dark Chocolate 30% Less Sugar 88G,https://www.tesco.com/groceries/en-GB/products/311947717,1687614994.9708202,"['£1.50', '£1.70/100g']",1.5,£1.70/100g
6012,Tesco Salt & Pepper Nut Mix Snack Pack 55G,https://www.tesco.com/groceries/en-GB/products/283112072,1687614995.0411038,"['£1.00', '£18.18/kg']",1.0,£18.18/kg
6013,Mr Kipling 6 Apple & Blackcurrant Pie 30% Less Sugar,https://www.tesco.com/groceries/en-GB/products/311443553,1687615001.334516,"['£2.60', '£0.43/each']",2.6,£0.43/each
6014,Ferrero Rocher White Chocolate & Hazelnut Bar 90G,https://www.tesco.com/groceries/en-GB/products/309494362,1687615001.408283,"['£2.20', '£2.44/100g']",2.2,£2.44/100g
6015,Crosta & Mollica Tarallini Fennel Seed 170G,https://www.tesco.com/groceries/en-GB/products/301011740,1687615001.514119,"['£1.90', '£1.12/100g']",1.9,£1.12/100g
6016,Reeses Extra Large Bar 120G,https://www.tesco.com/groceries/en-GB/products/296058670,1687615001.5883808,"['£2.20', '£1.83/100g']",2.2,£1.83/100g
6017,Tesco Finest Chocolate & Honeycomb Shortbread 150G,https://www.tesco.com/groceries/en-GB/products/310694274,1687615001.65649,"['£2.50', '£1.67/100g']",2.5,£1.67/100g
6018,Proper Chips Sea Salt Lentil Chips 20G,https://www.tesco.com/groceries/en-GB/products/302281106,1687615001.725653,"['£0.95', '£4.75/100g']",0.95,£4.75/100g
6019,Kellogg's Fruit Winders Mango 5 X 17G,https://www.tesco.com/groceries/en-GB/products/312211705,1687615001.836703,"['£1.50', '£17.65/kg']",1.5,£17.65/kg
6020,Tesco Seedless Raisins 1Kg,https://www.tesco.com/groceries/en-GB/products/254915370,1687615001.904351,"['£2.45', '£2.45/kg']",2.45,£2.45/kg
6021,Trebor Extra Strong Mints 41.3G,https://www.tesco.com/groceries/en-GB/products/258508460,1687615001.973716,"['£0.60', '£1.45/100g']",0.6,£1.45/100g
6022,Tesco Original Rye Crisp Bread 250G,https://www.tesco.com/groceries/en-GB/products/294706637,1687615002.086211,"['£1.10', '£0.44/100g']",1.1,£0.44/100g
6023,Tesco Free From Custard Creams 125G,https://www.tesco.com/groceries/en-GB/products/308083896,1687615002.157356,"['£1.30', '£1.04/100g']",1.3,£1.04/100g
6024,Mcvitie's Jaffa Cakes Cherry Flavoured Biscuits 10 Pack,https://www.tesco.com/groceries/en-GB/products/307750857,1687615002.241994,"['£1.25', '£0.12/each']",1.25,£0.12/each
6025,Smint Single 8G,https://www.tesco.com/groceries/en-GB/products/251496828,1687615002.332224,"['£1.10', '£13.75/100g']",1.1,£13.75/100g
6026,Guylian Seashells Boxed Chocolates 65G,https://www.tesco.com/groceries/en-GB/products/260704812,1687615002.453692,"['£1.60', '£2.46/100g']",1.6,£2.46/100g
6027,Mccoy's Sizzling King Prawn Grab Bag Crisps 45G,https://www.tesco.com/groceries/en-GB/products/311222817,1687615002.52123,"['£1.00', '£2.22/100g']",1.0,£2.22/100g
6028,Walkers Less Salt Mild Cheese & Onion Crisps 45G,https://www.tesco.com/groceries/en-GB/products/311445467,1687615002.63078,"['£1.00', '£2.22/100g']",1.0,£2.22/100g
6029,Kettle Sea Salt & Balsamic Vinegarcrisps40g,https://www.tesco.com/groceries/en-GB/products/258755425,1687615002.747484,"['£0.90', '£2.25/100g']",0.9,£2.25/100g
6030,Terrys Chocolate Orange Truffles 200G,https://www.tesco.com/groceries/en-GB/products/309207462,1687615002.856029,"['£5.00', '£2.50/100g']",5.0,£2.50/100g
6031,Extra Spearmint Gum 10 Pieces,https://www.tesco.com/groceries/en-GB/products/259907026,1687615002.943476,"['£0.70', '£5.00/100g']",0.7,£5.00/100g
6033,Wrigleys Hubba Bubba Triple Tape,https://www.tesco.com/groceries/en-GB/products/260391028,1687615003.0773828,"['£1.00', '£1.79/100g']",1.0,£1.79/100g
6034,Twix White Chocolate Extra Single Twin 75G,https://www.tesco.com/groceries/en-GB/products/303836573,1687615003.1493912,"['£0.90', '£1.20/100g']",0.9,£1.20/100g
6035,Kinder Snack Bar 21G,https://www.tesco.com/groceries/en-GB/products/259914311,1687615003.305196,"['£0.35', '£1.67/100g']",0.35,£1.67/100g
6036,Kellogg's Strawberry Winders 17G,https://www.tesco.com/groceries/en-GB/products/266779794,1687615003.372619,"['£0.45', '£2.65/100g']",0.45,£2.65/100g
6037,Cadbury Twirl Bar 43G,https://www.tesco.com/groceries/en-GB/products/254894669,1687615003.445632,"['£0.75', '£1.74/100g']",0.75,£1.74/100g
6038,Cadbury Dairy Milk Duo Bar 54.4G,https://www.tesco.com/groceries/en-GB/products/308478429,1687615003.561899,"['£0.90', '£1.65/100g']",0.9,£1.65/100g
6039,Bounty Milk Chocolate Bar 57G,https://www.tesco.com/groceries/en-GB/products/258412209,1687615003.676512,"['£0.65', '£1.14/100g']",0.65,£1.14/100g
6040,Toblerone White 360G,https://www.tesco.com/groceries/en-GB/products/293368721,1687615003.789427,"['£5.00', '£1.39/100g']",5.0,£1.39/100g
6041,Lindt Master Chocolatier Collection 320G,https://www.tesco.com/groceries/en-GB/products/305053948,1687615003.857583,"['£15.50', '£4.84/100g']",15.5,£4.84/100g
6042,Tesco 12 Party Cupcakes,https://www.tesco.com/groceries/en-GB/products/312560965,1687615003.9246862,"['£7.00', '£0.58/each']",7.0,£0.58/each
6043,Tesco 18 Cupcakes,https://www.tesco.com/groceries/en-GB/products/312579270,1687615004.045059,"['£6.00', '£0.33/each']",6.0,£0.33/each
6044,Lilys Ultimate Chocolate Collection 220G,https://www.tesco.com/groceries/en-GB/products/285000627,1687615004.11232,"['£7.00', '£3.18/100g']",7.0,£3.18/100g
6045,Tesco Macadamia Nuts 250G,https://www.tesco.com/groceries/en-GB/products/271074693,1687615004.203201,"['£5.50', '£22.00/kg']",5.5,£22.00/kg
6046,Grenade Chocolate Chip Salted Caramel Protein Bar 60G,https://www.tesco.com/groceries/en-GB/products/306503513,1687615004.27288,"['£2.70', '£4.50/100g']",2.7,£4.50/100g
6047,Tesco Finest Blood Orange Marmalade Belgian Dark Chocolate Shortbread 150G,https://www.tesco.com/groceries/en-GB/products/310687974,1687615004.3409548,"['£2.50', '£1.67/100g']",2.5,£1.67/100g
6048,Tesco Organic Brazil Nuts 100G,https://www.tesco.com/groceries/en-GB/products/309454393,1687615004.4086761,"['£2.10', '£21.00/kg']",2.1,£21.00/kg
6049,Tesco Organic Soft Apricots 200G,https://www.tesco.com/groceries/en-GB/products/309454237,1687615004.4813561,"['£2.80', '£14.00/kg']",2.8,£14.00/kg
6050,Tesco Organic Mixed Nuts 200G,https://www.tesco.com/groceries/en-GB/products/258580504,1687615004.564991,"['£3.20', '£16.00/kg']",3.2,£16.00/kg
6051,Ben & Jerry's Phish Food Non Dairy Ice Cream 465Ml,https://www.tesco.com/groceries/en-GB/products/312363692,1687615004.6377861,"['£5.00', '£1.08/100ml']",5.0,£1.08/100ml
6052,Ben & Jerry's Non Dairy Chocolate Fudge Brownie Ice Cream 465Ml,https://www.tesco.com/groceries/en-GB/products/305957392,1687615004.705013,"['£5.00', '£1.08/100ml']",5.0,£1.08/100ml
6053,Urban Fruit Dried Strawberries 90G,https://www.tesco.com/groceries/en-GB/products/262925566,1687615004.779636,"['£2.60', '£28.89/kg']",2.6,£28.89/kg
6054,Fibre One 90 Calorie Doughnut Chocolate Flavour 4X23g,https://www.tesco.com/groceries/en-GB/products/311221643,1687615004.8661702,"['£2.50', '£2.72/100g']",2.5,£2.72/100g
6055,Candy Kittens Wild Strawberry Sweets 140G,https://www.tesco.com/groceries/en-GB/products/311937960,1687615004.9386392,"['£2.50', '£1.79/100g']",2.5,£1.79/100g
6056,Tesco Flapjack 240G,https://www.tesco.com/groceries/en-GB/products/305968062,1687615005.0047932,"['£1.85', '£0.77/100g']",1.85,£0.77/100g
6057,Eat Real Hummus Chips Sea Salt & Balsamic Vinegar 135G,https://www.tesco.com/groceries/en-GB/products/312852620,1687615005.071821,"['£2.00', '£1.48/100g']",2.0,£1.48/100g
6058,Snack A Jacks Jumbo Cracked Black Pepper & Salt 117G,https://www.tesco.com/groceries/en-GB/products/312106433,1687615005.137735,"['£2.00', '£1.71/100g']",2.0,£1.71/100g
6059,Love Corn Sea Salt 115G,https://www.tesco.com/groceries/en-GB/products/301087183,1687615005.212974,"['£2.20', '£1.91/100g']",2.2,£1.91/100g
6060,Munchies Milk Chocolate Share Bag 216G,https://www.tesco.com/groceries/en-GB/products/308092954,1687615005.2828312,"['£2.25', '£1.04/100g']",2.25,£1.04/100g
6061,Peperami Roasted Chicken Bites 4X25g,https://www.tesco.com/groceries/en-GB/products/311256360,1687615011.683307,"['£2.00', '£2.00/100g']",2.0,£2.00/100g
6062,Buttermilk Plant Caramel Nougat Dairy Free Bar 50G,https://www.tesco.com/groceries/en-GB/products/308830829,1687615011.780532,"['£1.50', '£3.00/100g']",1.5,£3.00/100g
6063,Propercorn Sweet & Salty 30G,https://www.tesco.com/groceries/en-GB/products/274110433,1687615011.852374,"['£1.10', '£3.67/100g']",1.1,£3.67/100g
6064,Maynards Bassetts Sports Mix Juicies 130G,https://www.tesco.com/groceries/en-GB/products/312560320,1687615011.9651809,"['£1.25', '£0.96/100g']",1.25,£0.96/100g
6065,Doritos Chilli Heatwave Corn Chips 48G,https://www.tesco.com/groceries/en-GB/products/308460968,1687615012.033238,"['£1.00', '£2.08/100g']",1.0,£2.08/100g
6066,Jordans Frusli Bars Cranberry & Apple 6X30g,https://www.tesco.com/groceries/en-GB/products/257721761,1687615012.155199,"['£2.30', '£1.28/100g']",2.3,£1.28/100g
6067,Walkers Less Salt Lightly Salted Crisps 45G,https://www.tesco.com/groceries/en-GB/products/311425990,1687615012.2489479,"['£1.00', '£2.22/100g']",1.0,£2.22/100g
6068,Aero Melts Milk Chocolate Sharing Bag 92G,https://www.tesco.com/groceries/en-GB/products/310179850,1687615012.3633978,"['£1.35', '£1.47/100g']",1.35,£1.47/100g
6069,Reese's Nutrageous Chocolate 47G,https://www.tesco.com/groceries/en-GB/products/305043373,1687615012.4721851,"['£0.80', '£1.70/100g']",0.8,£1.70/100g
6070,Lindt Nocciolatte Milk Chocolate Hazelnut 35G,https://www.tesco.com/groceries/en-GB/products/309466874,1687615012.58655,"['£0.90', '£2.57/100g']",0.9,£2.57/100g
6071,Tesco Prawn Cocktail Flavour Mini Rice & Corn Cakes 4X25g,https://www.tesco.com/groceries/en-GB/products/311672448,1687615012.702713,"['£1.25', '£1.25/100g']",1.25,£1.25/100g
6072,Cadbury Wispa Gold Salted Caramel Bar 48G,https://www.tesco.com/groceries/en-GB/products/312351654,1687615012.773063,"['£0.75', '£1.56/100g']",0.75,£1.56/100g
6073,Cadbury Wispa Gold Chocolate Bars Multipack 4 X 38.3g,https://www.tesco.com/groceries/en-GB/products/309753603,1687615012.8861802,"['£1.50', '£0.98/100g']",1.5,£0.98/100g
6074,Pez Fruit Mix Candy 8Pk 68G,https://www.tesco.com/groceries/en-GB/products/271668780,1687615012.959061,"['£0.90', '£1.32/100g']",0.9,£1.32/100g
6075,Haribo Fruitilicious 42G,https://www.tesco.com/groceries/en-GB/products/311939399,1687615013.028675,"['£0.50', '£1.19/100g']",0.5,£1.19/100g
6076,Tesco Snack Pack Soft Apricots 50G,https://www.tesco.com/groceries/en-GB/products/302685769,1687615013.140555,"['£1.00', '£20.00/kg']",1.0,£20.00/kg
6077,Kinder Bueno Bar 43G,https://www.tesco.com/groceries/en-GB/products/254734606,1687615013.2301571,"['£0.65', '£1.51/100g']",0.65,£1.51/100g
6078,Nutella B-Ready Chocolate Wafers 15 X 22G,https://www.tesco.com/groceries/en-GB/products/306945652,1687615013.34248,"['£5.00', '£1.52/100g']",5.0,£1.52/100g
6079,Bear Yoyo Mango 9Pack 180G,https://www.tesco.com/groceries/en-GB/products/293425061,1687615013.415711,"['£4.45', '£2.47/100g']",4.45,£2.47/100g
6080,Forest Feast Preda Fair-Trade Dried Mango 100G,https://www.tesco.com/groceries/en-GB/products/302173799,1687615013.516118,"['£3.50', '£35.00/kg']",3.5,£35.00/kg
6081,Fibre One 90 Calorie Doughnut Strawberry 4X23g,https://www.tesco.com/groceries/en-GB/products/311425765,1687615013.5838358,"['£2.50', '£2.72/100g']",2.5,£2.72/100g
6082,Tesco Active Vanilla Caramel Crunch Protein Bar 60G,https://www.tesco.com/groceries/en-GB/products/302932570,1687615013.650879,"['£1.75', '£2.92/100g']",1.75,£2.92/100g
6083,Cadbury Dairy Milk Ice Cream Tub 480Ml,https://www.tesco.com/groceries/en-GB/products/308102967,1687615013.7247648,"['£3.50', '£0.73/100ml']",3.5,£0.73/100ml
6084,Green & Black's Organic Smooth Mint Chocolate 90G,https://www.tesco.com/groceries/en-GB/products/311946387,1687615013.839914,"['£2.45', '£2.72/100g']",2.45,£2.72/100g
6085,Bear Smoothie Yoyos Blueberry & Banana 5X20g,https://www.tesco.com/groceries/en-GB/products/309481930,1687615013.915009,"['£2.85', '£2.85/100g']",2.85,£2.85/100g
6086,Fulfil Peanut & Caramel Vitamin & Protein Bar 40G,https://www.tesco.com/groceries/en-GB/products/306653980,1687615014.015692,"['£2.00', '£5.00/100g']",2.0,£5.00/100g
6087,Kind Protein Crunchy Peanut Butter Bars 3X42g,https://www.tesco.com/groceries/en-GB/products/308451115,1687615014.1519942,"['£3.50', '£2.78/100g']",3.5,£2.78/100g
6088,Tesco Chocolate Fudge Brownie Ice Cream 480Ml,https://www.tesco.com/groceries/en-GB/products/306954065,1687615014.223966,"['£2.40', '£0.50/100ml']",2.4,£0.50/100ml
6089,Tesco Finest Chocolate Orange Cookies 200G,https://www.tesco.com/groceries/en-GB/products/300112609,1687615014.3319738,"['£2.00', '£1.00/100g']",2.0,£1.00/100g
6090,Proper Corn Salted Caramel Popcorn 90G,https://www.tesco.com/groceries/en-GB/products/307365795,1687615014.399812,"['£1.90', '£2.11/100g']",1.9,£2.11/100g
6091,Haribo Tangfastics 400G,https://www.tesco.com/groceries/en-GB/products/296527304,1687615014.4769568,"['£2.50', '£0.62/100g']",2.5,£0.62/100g
6092,Strings & Things Cheeshapes 4 X 18.75G,https://www.tesco.com/groceries/en-GB/products/311441097,1687615014.5655649,"['£1.75', '£23.33/kg']",1.75,£23.33/kg
6093,Ferrero Rocher Hazelnut Dark 55% Chocolate Bar 90G,https://www.tesco.com/groceries/en-GB/products/309482163,1687615014.6391838,"['£2.20', '£2.44/100g']",2.2,£2.44/100g
6094,Whitworths Dried Chilean Orchard Prunes 210G,https://www.tesco.com/groceries/en-GB/products/299296750,1687615014.7359831,"['£2.00', '£9.52/kg']",2.0,£9.52/kg
6095,Dairylea Ritz Dunkers 4X43g,https://www.tesco.com/groceries/en-GB/products/309758840,1687615014.834016,"['£2.25', '£13.08/kg']",2.25,£13.08/kg
6096,Kellogg's Rice Krispies Squares Mint Chocolate Shake Flavour 4X34g,https://www.tesco.com/groceries/en-GB/products/311688390,1687615014.965257,"['£2.00', '£1.47/100g']",2.0,£1.47/100g
6097,Mentos Mint Roll 38G,https://www.tesco.com/groceries/en-GB/products/271131482,1687615015.107714,"['£0.90', '£2.37/100g']",0.9,£2.37/100g
6098,Cadbury Dark Milk Chocolate,https://www.tesco.com/groceries/en-GB/products/312221273,1687615015.226141,"['£1.50', '£1.67/100g']",1.5,£1.67/100g
6099,Tesco Collection Chocolate Assortment 360G,https://www.tesco.com/groceries/en-GB/products/297061490,1687615015.296326,"['£3.70', '£1.03/100g']",3.7,£1.03/100g
6100,Peperami Original Single 22.5G,https://www.tesco.com/groceries/en-GB/products/296526940,1687615015.3641112,"['£1.25', '£5.56/100g']",1.25,£5.56/100g
6101,Twix Salted Caramel Multipack 9X20g,https://www.tesco.com/groceries/en-GB/products/311252180,1687615015.484978,"['£2.00', '£1.11/100g']",2.0,£1.11/100g
6102,Tesco Garibaldi Biscuits 200G,https://www.tesco.com/groceries/en-GB/products/254921673,1687615015.582068,"['£1.25', '£0.62/100g']",1.25,£0.62/100g
6103,Popworks Sweet & Salty Popped Crisps 85G,https://www.tesco.com/groceries/en-GB/products/312085894,1687615015.6475499,"['£2.25', '£2.65/100g']",2.25,£2.65/100g
6104,Tic Tac Sugar Free Fresh Strong Mint 16.4G,https://www.tesco.com/groceries/en-GB/products/311447059,1687615015.734682,"['£1.00', '£6.10/100g']",1.0,£6.10/100g
6105,Peperami Tikka Chicken Bites 50G,https://www.tesco.com/groceries/en-GB/products/313007704,1687615015.854526,"['£1.00', '£2.00/100g']",1.0,£2.00/100g
6106,Lindt Lindor Salted Caramel Milk Chocolate Bar 38G,https://www.tesco.com/groceries/en-GB/products/306658519,1687615015.926383,"['£0.90', '£2.37/100g']",0.9,£2.37/100g
6107,Extra Ice Peppermint Gum 10 Pieces,https://www.tesco.com/groceries/en-GB/products/268044802,1687615016.038157,"['£0.70', '£5.00/100g']",0.7,£5.00/100g
6108,Cadbury Boost Chocolate Duo Bar 63G,https://www.tesco.com/groceries/en-GB/products/308489186,1687615016.106024,"['£0.90', '£1.43/100g']",0.9,£1.43/100g
6109,Nestle Yorkie Milk Bar 46G,https://www.tesco.com/groceries/en-GB/products/286633239,1687615021.424792,"['£0.75', '£1.63/100g']",0.75,£1.63/100g
6110,Skittles Fruit Squishy Cloudz 94G,https://www.tesco.com/groceries/en-GB/products/311214652,1687615021.5924768,"['£0.99', '£1.05/100g']",0.99,£1.05/100g
6111,Kit Kat 4 Finger Milk Chocolate Bar 41.5G,https://www.tesco.com/groceries/en-GB/products/292573531,1687615021.691823,"['£0.70', '£1.69/100g']",0.7,£1.69/100g
6112,Tesco Fruit & Nut Mix With Cranberry 300G,https://www.tesco.com/groceries/en-GB/products/271074589,1687615021.890008,"['£3.60', '£12.00/kg']",3.6,£12.00/kg
6113,Fulfil Salted Caramel Vitamin Protein Bar 55G,https://www.tesco.com/groceries/en-GB/products/302088255,1687615021.9637198,"['£2.70', '£4.91/100g']",2.7,£4.91/100g
6114,Tesco Organic Dried Mango 100G,https://www.tesco.com/groceries/en-GB/products/309456108,1687615022.036476,"['£2.90', '£29.00/kg']",2.9,£29.00/kg
6115,Tesco Toasted 3 Seed Mix 300G,https://www.tesco.com/groceries/en-GB/products/301554650,1687615022.111392,"['£3.10', '£10.33/kg']",3.1,£10.33/kg
6116,Tesco Almonds 250G,https://www.tesco.com/groceries/en-GB/products/271074330,1687615022.185728,"['£2.75', '£11.00/kg']",2.75,£11.00/kg
6117,Tesco Cashew Nuts & Raisins 200G,https://www.tesco.com/groceries/en-GB/products/271072378,1687615022.259136,"['£2.30', '£11.50/kg']",2.3,£11.50/kg
6118,Grenade Carb Killa White Chocolate Cookie Protein Bar60g,https://www.tesco.com/groceries/en-GB/products/293710149,1687615022.334883,"['£2.70', '£4.50/100g']",2.7,£4.50/100g
6119,Fruit Bowl Unicorn Fruit Flakes 5X18g,https://www.tesco.com/groceries/en-GB/products/304371671,1687615022.4038558,"['£2.25', '£2.50/100g']",2.25,£2.50/100g
6120,Wild West Original Beef Jerky 60G,https://www.tesco.com/groceries/en-GB/products/312339923,1687615022.473643,"['£3.00', '£50.00/kg']",3.0,£50.00/kg
6121,Lindt Classic Recipe Vegan Smooth Chocolate 100G,https://www.tesco.com/groceries/en-GB/products/310174930,1687615022.541623,"['£3.20', '£3.20/100g']",3.2,£3.20/100g
6122,Tesco Crispy Caramel Bites 20 Pack,https://www.tesco.com/groceries/en-GB/products/268770593,1687615022.636136,"['£2.30', '£0.12/each']",2.3,£0.12/each
6123,Tesco Mango & Banana Bars 5 X 30G,https://www.tesco.com/groceries/en-GB/products/300534756,1687615022.738082,"['£2.00', '£1.33/100g']",2.0,£1.33/100g
6124,Kp Snack Packs Dry Roasted Peanuts 5 X 30G,https://www.tesco.com/groceries/en-GB/products/310098104,1687615022.805443,"['£3.25', '£2.17/100g']",3.25,£2.17/100g
6125,Ryvita Sweet Onion Crisp Bread 200G,https://www.tesco.com/groceries/en-GB/products/266319343,1687615022.893952,"['£2.00', '£1.00/100g']",2.0,£1.00/100g
6126,Trek Flapjack Original Oat 50G 3 Pack,https://www.tesco.com/groceries/en-GB/products/291559003,1687615022.95968,"['£3.00', '£2.00/100g']",3.0,£2.00/100g
6127,Dina Handmade Classic Baklawa Selection 200G,https://www.tesco.com/groceries/en-GB/products/309205458,1687615023.0496168,"['£2.30', '£1.15/100g']",2.3,£1.15/100g
6128,Candy Kitten Sour Watermelon Sweets 140G,https://www.tesco.com/groceries/en-GB/products/311959012,1687615023.115375,"['£2.50', '£1.79/100g']",2.5,£1.79/100g
6129,Fibre One Red Velvet Cake Bar 25 G,https://www.tesco.com/groceries/en-GB/products/304838926,1687615023.185576,"['£2.90', '£11.60/100g']",2.9,£11.60/100g
6130,Stoats Porridge Bars Blueberry & Honey Bars 4X42g,https://www.tesco.com/groceries/en-GB/products/311441054,1687615023.250947,"['£2.25', '£1.34/100g']",2.25,£1.34/100g
6131,Mr Kipling Deluxe Millionaire Whirls 6 Pack,https://www.tesco.com/groceries/en-GB/products/306949999,1687615023.366359,"['£2.65', '£0.44/each']",2.65,£0.44/each
6132,Kp Flavour Kravers Smokin' Paprika Flavour Peanut 140G,https://www.tesco.com/groceries/en-GB/products/310174890,1687615023.4640791,"['£3.00', '£2.14/100g']",3.0,£2.14/100g
6133,Tesco Pistachios Roasted Salted Kernels 100G,https://www.tesco.com/groceries/en-GB/products/297348629,1687615023.537749,"['£3.30', '£3.30/100g']",3.3,£3.30/100g
6134,Belvita Sandwich Plain Yogurt Crunch 253G,https://www.tesco.com/groceries/en-GB/products/271099738,1687615023.605941,"['£2.75', '£1.09/100g']",2.75,£1.09/100g
6135,Walkers Max Double Crunch Cheddar Onion 140G,https://www.tesco.com/groceries/en-GB/products/305844548,1687615023.695811,"['£2.25', '£1.61/100g']",2.25,£1.61/100g
6136,Tesco Brown Flaxseeds 250G,https://www.tesco.com/groceries/en-GB/products/260259912,1687615023.764363,"['£1.20', '£4.80/kg']",1.2,£4.80/kg
6137,Peperami Red Hot Stick 22.5G,https://www.tesco.com/groceries/en-GB/products/296747717,1687615023.844214,"['£1.25', '£5.56/100g']",1.25,£5.56/100g
6138,Smint Xxl Sugarfree Sweet Mint,https://www.tesco.com/groceries/en-GB/products/310681738,1687615023.955327,"['£1.50', '£4.29/100g']",1.5,£4.29/100g
6139,Cadbury Dairy Milk Orange 180G,https://www.tesco.com/groceries/en-GB/products/308087673,1687615024.0675929,"['£2.00', '£1.11/100g']",2.0,£1.11/100g
6140,Doritos Tangy Cheese Corn Chips 48G,https://www.tesco.com/groceries/en-GB/products/308486834,1687615024.135364,"['£1.00', '£2.08/100g']",1.0,£2.08/100g
6141,Norfolk Cake Co Cinnamon Flapjack,https://www.tesco.com/groceries/en-GB/products/288389951,1687615024.245736,"['£0.90', '£0.90/each']",0.9,£0.90/each
6142,Nestle Kit Kat Chunky Caramel Snack Size Chocolate Bars Multipack 4 X 35g,https://www.tesco.com/groceries/en-GB/products/311444903,1687615024.326557,"['£1.50', '£1.07/100g']",1.5,£1.07/100g
6143,Hula Hoops Big Hopps Salt & Vinegar Grab Bag 45G,https://www.tesco.com/groceries/en-GB/products/311431509,1687615024.392577,"['£1.00', '£2.22/100g']",1.0,£2.22/100g
6144,Cadbury Dairy Milk Mint Fingers 114G,https://www.tesco.com/groceries/en-GB/products/309207266,1687615024.504191,"['£1.70', '£1.49/100g']",1.7,£1.49/100g
6145,Graze Dark Chocolate Cherry Tart 40G,https://www.tesco.com/groceries/en-GB/products/293333060,1687615024.601977,"['£1.20', '£3.00/100g']",1.2,£3.00/100g
6146,Rowntrees Random Bag 50G,https://www.tesco.com/groceries/en-GB/products/264720930,1687615024.7142138,"['£0.70', '£1.40/100g']",0.7,£1.40/100g
6147,Yorkie Raisin & Biscuit Duo 66G (P),https://www.tesco.com/groceries/en-GB/products/292094654,1687615024.837954,"['£1.00', '£1.52/100g']",1.0,£1.52/100g
6148,Nestle White Lion Bar Duo Pack 60G,https://www.tesco.com/groceries/en-GB/products/306859063,1687615024.9579892,"['£1.00', '£1.67/100g']",1.0,£1.67/100g
6149,Wicked Kitchen Cool Triangles 85G,https://www.tesco.com/groceries/en-GB/products/309194291,1687615025.078683,"['£1.10', '£1.29/100g']",1.1,£1.29/100g
6150,Alpen Light Chocolate Brownie Flavour 5 Pack 95G,https://www.tesco.com/groceries/en-GB/products/312712199,1687615025.144546,"['£1.00', '£1.05/100g']",1.0,£1.05/100g
6151,Ben & Jerry's Tony's Chocolonely Chocolate Love A Fair Ice Cream 465Ml,https://www.tesco.com/groceries/en-GB/products/312581076,1687615025.219275,"['£5.00', '£1.08/100ml']",5.0,£1.08/100ml
6152,Tesco Finest Belgian Chocolate Selection 200G,https://www.tesco.com/groceries/en-GB/products/293437818,1687615025.315037,"['£6.10', '£3.05/100g']",6.1,£3.05/100g
6153,Ben & Jerry's Baked Alaska Vanilla Ice Cream 465Ml,https://www.tesco.com/groceries/en-GB/products/305949505,1687615025.384629,"['£5.00', '£1.08/100ml']",5.0,£1.08/100ml
6154,Tesco Finest Fruit & Nut 190G,https://www.tesco.com/groceries/en-GB/products/302676982,1687615025.4722078,"['£3.50', '£18.42/kg']",3.5,£18.42/kg
6155,Whitworths Californian Raisins 400G,https://www.tesco.com/groceries/en-GB/products/306943907,1687615025.5413141,"['£3.45', '£8.62/kg']",3.45,£8.62/kg
6156,Wholefoods Goji Berry 200G,https://www.tesco.com/groceries/en-GB/products/276090826,1687615025.60781,"['£3.80', '£19.00/kg']",3.8,£19.00/kg
6157,Tesco Organic Walnuts 100G,https://www.tesco.com/groceries/en-GB/products/261834005,1687615032.080694,"['£3.20', '£32.00/kg']",3.2,£32.00/kg
6158,Ben & Jerry's Sundae Hazel -Nuttin But Chocolate 427Ml,https://www.tesco.com/groceries/en-GB/products/310182237,1687615032.158835,"['£5.40', '£1.26/100ml']",5.4,£1.26/100ml
6159,Tesco Active Cookies & Cream Flavour Protein Bar 60G,https://www.tesco.com/groceries/en-GB/products/302932535,1687615032.229674,"['£1.75', '£2.92/100g']",1.75,£2.92/100g
6160,Grenade Carb Killa Peanut Nutter 60G,https://www.tesco.com/groceries/en-GB/products/297813753,1687615032.2994409,"['£2.70', '£4.50/100g']",2.7,£4.50/100g
6161,Grenade Carb Killa White Chocolate Peanut Bar 60G,https://www.tesco.com/groceries/en-GB/products/303183169,1687615032.368184,"['£2.70', '£4.50/100g']",2.7,£4.50/100g
6162,Lindt Hazelnut Milk Chocolate Bar 150G,https://www.tesco.com/groceries/en-GB/products/258202199,1687615032.438796,"['£3.45', '£2.30/100g']",3.45,£2.30/100g
6163,Belvita Fruit Crunch Raisin & Currant 225G,https://www.tesco.com/groceries/en-GB/products/312344254,1687615032.5392718,"['£3.00', '£1.33/100g']",3.0,£1.33/100g
6164,Wrigley's Extra Sugar Free Strawberry Gum 60 Pieces 84G,https://www.tesco.com/groceries/en-GB/products/310662306,1687615032.60817,"['£2.75', '£3.27/100g']",2.75,£3.27/100g
6165,Wrigleys Extra Refreshers Tropical Chewing Gum 67G,https://www.tesco.com/groceries/en-GB/products/308079602,1687615032.675167,"['£2.85', '£4.25/100g']",2.85,£4.25/100g
6166,Wrigley's Extra White 6X10 Pieces 84G,https://www.tesco.com/groceries/en-GB/products/302277498,1687615032.7432861,"['£2.75', '£3.27/100g']",2.75,£3.27/100g
6167,Philadelphia Intense Herbes Provence Soft Cheese 140G,https://www.tesco.com/groceries/en-GB/products/312360038,1687615032.824188,"['£2.25', '£16.07/kg']",2.25,£16.07/kg
6168,Nakd Cashew Cookie Bars 4 Pack 140G,https://www.tesco.com/groceries/en-GB/products/285964528,1687615032.928693,"['£3.00', '£2.14/100g']",3.0,£2.14/100g
6169,Squashies Drumstick Minis 280G,https://www.tesco.com/groceries/en-GB/products/293193754,1687615033.0222678,"['£2.25', '£0.80/100g']",2.25,£0.80/100g
6170,Tesco Goji Berries 100G,https://www.tesco.com/groceries/en-GB/products/262860352,1687615033.090448,"['£1.85', '£18.50/kg']",1.85,£18.50/kg
6171,Airwaves Blackcurrant Gum 10 Pieces,https://www.tesco.com/groceries/en-GB/products/273599057,1687615033.158556,"['£0.70', '£5.00/100g']",0.7,£5.00/100g
6172,Mr Kipling Deliciously Good Bakewell Cake Slices X5,https://www.tesco.com/groceries/en-GB/products/310161703,1687615033.233186,"['£2.50', '£0.50/each']",2.5,£0.50/each
6173,Tesco Organic Almonds 200 G,https://www.tesco.com/groceries/en-GB/products/266356851,1687615033.321156,"['£3.20', '£16.00/kg']",3.2,£16.00/kg
6174,Nature Valley Fruit & Nut Cereal Bars 4X30g,https://www.tesco.com/groceries/en-GB/products/311793253,1687615033.389216,"['£2.25', '£1.88/100g']",2.25,£1.88/100g
6175,Jacobs Mini Cheddars 45G,https://www.tesco.com/groceries/en-GB/products/311425759,1687615033.458952,"['£1.00', '£2.22/100g']",1.0,£2.22/100g
6176,Nature Valley Fruit & Nut Cranberry 4X30g,https://www.tesco.com/groceries/en-GB/products/311799477,1687615033.569849,"['£2.25', '£1.88/100g']",2.25,£1.88/100g
6177,Reese's Pieces Peanut Butter Candy 90G,https://www.tesco.com/groceries/en-GB/products/311687771,1687615033.639155,"['£1.75', '£1.94/100g']",1.75,£1.94/100g
6178,Bounty Cookies 180G,https://www.tesco.com/groceries/en-GB/products/297544190,1687615033.7061608,"['£2.00', '£1.11/100g']",2.0,£1.11/100g
6179,Cadbury Caramilk Golden Caramel Chocolate 160G,https://www.tesco.com/groceries/en-GB/products/311254483,1687615033.777816,"['£2.00', '£1.25/100g']",2.0,£1.25/100g
6180,The Curators Original Salted Pork Puffs 25G,https://www.tesco.com/groceries/en-GB/products/309782349,1687615033.848248,"['£1.10', '£4.40/100g']",1.1,£4.40/100g
6181,Dubble Bubble Mini Gumball Machine 40G,https://www.tesco.com/groceries/en-GB/products/311435062,1687615033.9189482,"['£1.25', '£3.12/100g']",1.25,£3.12/100g
6182,Popchips Bbq Popped Potato Chips 23G,https://www.tesco.com/groceries/en-GB/products/275236507,1687615033.988659,"['£0.95', '£4.13/100g']",0.95,£4.13/100g
6183,Haribo Sour Sparks 175G,https://www.tesco.com/groceries/en-GB/products/308482533,1687615034.0998158,"['£1.25', '£0.71/100g']",1.25,£0.71/100g
6184,Kp Original Salted Peanuts 50G,https://www.tesco.com/groceries/en-GB/products/297385417,1687615034.1690161,"['£1.10', '£2.20/100g']",1.1,£2.20/100g
6185,Wrigley's Extra Tropical Chewing Gum Sugar Free 15.6G,https://www.tesco.com/groceries/en-GB/products/308099941,1687615034.290404,"['£0.70', '£4.49/100g']",0.7,£4.49/100g
6186,Popworks Sweet & Salty Popped Crisps 28G,https://www.tesco.com/groceries/en-GB/products/312095686,1687615034.372339,"['£0.95', '£3.39/100g']",0.95,£3.39/100g
6187,Bahlsen Choco Leibniz White Biscuits 125G,https://www.tesco.com/groceries/en-GB/products/297544950,1687615034.493491,"['£1.60', '£1.28/100g']",1.6,£1.28/100g
6188,Bear Pure Fruit Yoyos Strawberry 20G,https://www.tesco.com/groceries/en-GB/products/279344603,1687615034.595401,"['£0.60', '£3.00/100g']",0.6,£3.00/100g
6189,Cadbury Wispa Gold Chocolate Duo Bar 67G,https://www.tesco.com/groceries/en-GB/products/309753315,1687615034.7469382,"['£0.90', '£1.34/100g']",0.9,£1.34/100g
6190,Skittles Crazy Sours Squishy Clouds 94G,https://www.tesco.com/groceries/en-GB/products/311260256,1687615034.8733912,"['£0.99', '£1.05/100g']",0.99,£1.05/100g
6191,Ben & Jerry's Caramel Chew Chew Ice Cream 465Ml,https://www.tesco.com/groceries/en-GB/products/305968091,1687615034.946313,"['£5.00', '£1.08/100ml']",5.0,£1.08/100ml
6192,Ben & Jerry's Karamel Sutra Core Ice Cream 465Ml,https://www.tesco.com/groceries/en-GB/products/305956750,1687615035.052934,"['£5.00', '£1.08/100ml']",5.0,£1.08/100ml
6193,Ben & Jerry's Peanut Butter Cup Ice Cream 465Ml,https://www.tesco.com/groceries/en-GB/products/305947489,1687615035.15792,"['£5.00', '£1.08/100ml']",5.0,£1.08/100ml
6194,Tesco Organic Cranberries 100G,https://www.tesco.com/groceries/en-GB/products/309449250,1687615035.2540941,"['£2.90', '£29.00/kg']",2.9,£29.00/kg
6195,Tesco Organic Raisins 375G,https://www.tesco.com/groceries/en-GB/products/309490153,1687615035.380175,"['£2.90', '£7.73/kg']",2.9,£7.73/kg
6196,Tesco Cashew & Raisins 200G,https://www.tesco.com/groceries/en-GB/products/302716227,1687615035.501434,"['£2.75', '£13.75/kg']",2.75,£13.75/kg
6197,Tesco Fruit & Seed Mix 300G,https://www.tesco.com/groceries/en-GB/products/301554615,1687615035.573684,"['£3.10', '£10.33/kg']",3.1,£10.33/kg
6198,Halo Top Gooey Brownie Ice Cream 473Ml,https://www.tesco.com/groceries/en-GB/products/305830759,1687615035.6405609,"['£5.25', '£1.11/100ml']",5.25,£1.11/100ml
6199,Grenade Carb Killa Jaffa Quake 60G,https://www.tesco.com/groceries/en-GB/products/297814003,1687615035.733401,"['£2.70', '£4.50/100g']",2.7,£4.50/100g
6200,Carb Killa Caramel Chaos 60G Bar,https://www.tesco.com/groceries/en-GB/products/290782102,1687615035.800153,"['£2.70', '£4.50/100g']",2.7,£4.50/100g
6201,Trek Power Peanut Butter Crunch Bar 55G,https://www.tesco.com/groceries/en-GB/products/307144636,1687615035.872598,"['£1.85', '£3.36/100g']",1.85,£3.36/100g
6202,Belvita Fruit Crunch Apple & Pear Multigrain 225G,https://www.tesco.com/groceries/en-GB/products/312231785,1687615035.9400132,"['£3.00', '£1.33/100g']",3.0,£1.33/100g
6203,Fulfil Chocolate Brownie Vitamin & Protein Bar 40G,https://www.tesco.com/groceries/en-GB/products/306647901,1687615036.008044,"['£2.00', '£5.00/100g']",2.0,£5.00/100g
6204,Kind Peanut Butter & Dark Chocolate Nut Bars 3 X 30G,https://www.tesco.com/groceries/en-GB/products/308116029,1687615036.11972,"['£3.00', '£3.33/100g']",3.0,£3.33/100g
6205,Urban Fruit Dried Pineapple 100G,https://www.tesco.com/groceries/en-GB/products/262925720,1687615041.6455302,"['£2.60', '£26.00/kg']",2.6,£26.00/kg
6206,Kallo Veggie Cakes Caramelised Onion Chutney 122G,https://www.tesco.com/groceries/en-GB/products/310146532,1687615041.7513778,"['£2.75', '£2.25/100g']",2.75,£2.25/100g
6207,Fruit Bowl Dino Eggs 5X20g,https://www.tesco.com/groceries/en-GB/products/309202507,1687615041.83106,"['£2.25', '£2.25/100g']",2.25,£2.25/100g
6208,Holly's Food Emporium Sweet Chilli Oat Biscuits 100G,https://www.tesco.com/groceries/en-GB/products/312208330,1687615041.907836,"['£1.70', '£1.70/100g']",1.7,£1.70/100g
6209,Nakd Berry Delight Fruit & Nut Bars 4X35g,https://www.tesco.com/groceries/en-GB/products/308499208,1687615041.9831831,"['£3.00', '£2.14/100g']",3.0,£2.14/100g
6210,Jacobs Cream Cracker Snackpk 8Pk 192G,https://www.tesco.com/groceries/en-GB/products/264902491,1687615042.1034958,"['£2.10', '£1.09/100g']",2.1,£1.09/100g
6211,Fibre One Strawberry Cheesecake Bar 4X25g,https://www.tesco.com/groceries/en-GB/products/311686484,1687615042.2021189,"['£2.90', '£29.00/kg']",2.9,£29.00/kg
6212,Love Corn Smoked Bbq 115G,https://www.tesco.com/groceries/en-GB/products/301087160,1687615042.288739,"['£2.20', '£1.91/100g']",2.2,£1.91/100g
6213,Lu Le Petit Ganache Choco Hazelnut 105G,https://www.tesco.com/groceries/en-GB/products/311792605,1687615042.362816,"['£1.50', '£1.43/100g']",1.5,£1.43/100g
6214,Walkers Max Strong Double Coat Peanut Jalapeno & Cheese 175G,https://www.tesco.com/groceries/en-GB/products/310107124,1687615042.4300108,"['£2.25', '£12.86/kg']",2.25,£12.86/kg
6215,"Love,Corn Bbq Roasted Corn Snack 45G",https://www.tesco.com/groceries/en-GB/products/297596496,1687615042.520554,"['£1.00', '£2.22/100g']",1.0,£2.22/100g
6216,Tesco Sesame Rye Crisp Bread 250G,https://www.tesco.com/groceries/en-GB/products/294706650,1687615042.6411688,"['£1.10', '£0.44/100g']",1.1,£0.44/100g
6217,Toblerone 200G,https://www.tesco.com/groceries/en-GB/products/254891298,1687615042.709388,"['£3.50', '£1.75/100g']",3.5,£1.75/100g
6218,Urban Fruit Snack Pack Mango 35G,https://www.tesco.com/groceries/en-GB/products/292559670,1687615042.7769558,"['£1.10', '£3.14/100g']",1.1,£3.14/100g
6219,Kp Dry Roasted Peanuts 50G,https://www.tesco.com/groceries/en-GB/products/297385475,1687615042.88967,"['£1.10', '£22.00/kg']",1.1,£22.00/kg
6220,Kit Kat Bites Milk Chocolate Sharing Bag 90G,https://www.tesco.com/groceries/en-GB/products/310122036,1687615043.002528,"['£1.35', '£1.50/100g']",1.35,£1.50/100g
6221,Lindt Lindor Orange Treat Bar 38G,https://www.tesco.com/groceries/en-GB/products/296250960,1687615043.076092,"['£0.90', '£2.37/100g']",0.9,£2.37/100g
6222,Wrigley's Extra Sugar Free Blueberry Gum 10 Pieces 14G,https://www.tesco.com/groceries/en-GB/products/310658623,1687615043.191982,"['£0.70', '£5.00/100g']",0.7,£5.00/100g
6223,Extra White Peppermint Gum 10 Pieces,https://www.tesco.com/groceries/en-GB/products/268044497,1687615043.258255,"['£0.70', '£5.00/100g']",0.7,£5.00/100g
6224,Cadbury Oreo White Chocolate Tablet 120G,https://www.tesco.com/groceries/en-GB/products/306932552,1687615043.324518,"['£1.35', '£1.12/100g']",1.35,£1.12/100g
6225,Hershey's Cookie 'N' Cream White Chocolate 90G,https://www.tesco.com/groceries/en-GB/products/310166335,1687615043.422902,"['£1.25', '£1.39/100g']",1.25,£1.39/100g
6226,Nature Valley Crunchy Granola Oats & Honey Bar 42G,https://www.tesco.com/groceries/en-GB/products/250073150,1687615043.521842,"['£0.65', '£1.55/100g']",0.65,£1.55/100g
6227,Munchies Tube 52G,https://www.tesco.com/groceries/en-GB/products/258052842,1687615043.638286,"['£0.75', '£1.44/100g']",0.75,£1.44/100g
6228,Kinder Bueno White 39G,https://www.tesco.com/groceries/en-GB/products/268296889,1687615043.75234,"['£0.65', '£1.67/100g']",0.65,£1.67/100g
6229,Tesco Chia Seeds 500G,https://www.tesco.com/groceries/en-GB/products/311792248,1687615043.864341,"['£4.95', '£0.99/100g']",4.95,£0.99/100g
6230,Lindt Nuxor Milk 165G,https://www.tesco.com/groceries/en-GB/products/304554432,1687615043.934491,"['£7.00', '£4.24/100g']",7.0,£4.24/100g
6231,Ben & Jerry's Cookie Dough Sandwich Up Vanilla Ice Cream 465Ml,https://www.tesco.com/groceries/en-GB/products/305736469,1687615044.027837,"['£5.00', '£1.08/100ml']",5.0,£1.08/100ml
6232,Tesco Chewy Banana 200G,https://www.tesco.com/groceries/en-GB/products/312352287,1687615044.1173398,"['£3.80', '£19.00/kg']",3.8,£19.00/kg
6233,Tesco Organic Fair Trade Brazil Nuts 150G,https://www.tesco.com/groceries/en-GB/products/258701017,1687615044.1865542,"['£3.20', '£21.33/kg']",3.2,£21.33/kg
6234,Nakd Apple Danish Bar 4X30g Mpk,https://www.tesco.com/groceries/en-GB/products/297754776,1687615044.252716,"['£3.00', '£2.50/100g']",3.0,£2.50/100g
6235,Grenade Carb Killa Mint Dark Chocolate 60G,https://www.tesco.com/groceries/en-GB/products/293710184,1687615044.3186939,"['£2.70', '£4.50/100g']",2.7,£4.50/100g
6236,Grenade Carb Killa Fudged Up 60G,https://www.tesco.com/groceries/en-GB/products/309474271,1687615044.4363132,"['£2.70', '£4.50/100g']",2.7,£4.50/100g
6237,Ben & Jerry's Tony's Chocolonely Chocolate Love A Fair Non Dairy 465Ml,https://www.tesco.com/groceries/en-GB/products/312348031,1687615044.534407,"['£5.00', '£1.08/100ml']",5.0,£1.08/100ml
6238,Bear Smoothie Fruit Yoyo Peach & Banana 5 X 20G,https://www.tesco.com/groceries/en-GB/products/309450339,1687615044.60271,"['£2.85', '£2.85/100g']",2.85,£2.85/100g
6239,Bonne Maman Lemon Madeleines 175G,https://www.tesco.com/groceries/en-GB/products/303730444,1687615044.694088,"['£2.50', '£1.43/100g']",2.5,£1.43/100g
6240,Gogo Squeez Yogurt Snack Strawberry 4X85g,https://www.tesco.com/groceries/en-GB/products/297754799,1687615044.788065,"['£3.00', '£0.88/100g']",3.0,£0.88/100g
6241,Tesco Organic Cashew Nuts 100G,https://www.tesco.com/groceries/en-GB/products/309477141,1687615044.878934,"['£2.10', '£21.00/kg']",2.1,£21.00/kg
6242,Daelmans Mini Caramel Stroopwafel 200G,https://www.tesco.com/groceries/en-GB/products/312714266,1687615044.9510899,"['£2.00', '£1.00/100g']",2.0,£1.00/100g
6243,Ryvita Vitamin Boost Toasted Oat & Black Sesame200g,https://www.tesco.com/groceries/en-GB/products/311263472,1687615045.030219,"['£2.00', '£1.00/100g']",2.0,£1.00/100g
6244,Mallow & Marsh Salted Caramel Marshmallows 85G,https://www.tesco.com/groceries/en-GB/products/309777500,1687615045.1002429,"['£2.50', '£2.94/100g']",2.5,£2.94/100g
6245,Tesco Strawberry Cheesecake Ice Cream 480Ml,https://www.tesco.com/groceries/en-GB/products/312698497,1687615045.169774,"['£2.40', '£0.50/100ml']",2.4,£0.50/100ml
6246,Fridge Raiders Hot & Spicy Chicken Bites 4X40g,https://www.tesco.com/groceries/en-GB/products/313005620,1687615045.235925,"['£2.50', '£1.56/100g']",2.5,£1.56/100g
6247,Cadbury Nuttier Peanut & Almond Milk Chocolate 3 X 40G,https://www.tesco.com/groceries/en-GB/products/310676618,1687615045.328193,"['£2.00', '£1.67/100g']",2.0,£1.67/100g
6248,Walkers Max Strong Double Coat Peanut Spicy Wasabi 175G,https://www.tesco.com/groceries/en-GB/products/310180064,1687615045.3973272,"['£2.25', '£12.86/kg']",2.25,£12.86/kg
6249,Tesco 8 Cornflake Clusters,https://www.tesco.com/groceries/en-GB/products/278129584,1687615045.492308,"['£1.20', '£0.15/each']",1.2,£0.15/each
6250,Walkers Sensation Thai Sweet Chilli Nuts 45G,https://www.tesco.com/groceries/en-GB/products/312106525,1687615045.559572,"['£1.00', '£2.22/100g']",1.0,£2.22/100g
6251,Graze Cocoa Vanilla & Protein Flapjack 50G,https://www.tesco.com/groceries/en-GB/products/312984803,1687615045.689149,"['£1.20', '£2.40/100g']",1.2,£2.40/100g
6252,Mallow & Marsh Salted Caramel Marshmallow Bar 30G,https://www.tesco.com/groceries/en-GB/products/310661359,1687615045.8017,"['£1.35', '£4.50/100g']",1.35,£4.50/100g
6253,Kettle Chips Mature Cheddar & Red Onion 40G,https://www.tesco.com/groceries/en-GB/products/290898835,1687615051.414634,"['£0.90', '£2.25/100g']",0.9,£2.25/100g
6254,Skips Prawn Cocktail Grab Bag Crisps 35G,https://www.tesco.com/groceries/en-GB/products/311211511,1687615051.8252401,"['£1.00', '£2.86/100g']",1.0,£2.86/100g
6255,Swizzels Drumsticks Squashies Original Bag 60G,https://www.tesco.com/groceries/en-GB/products/308825313,1687615051.9442549,"['£0.75', '£1.25/100g']",0.75,£1.25/100g
6256,Wrigleys Extra Refresher's Gum Bubblemint 7Pce,https://www.tesco.com/groceries/en-GB/products/305946641,1687615052.061989,"['£0.70', '£4.49/100g']",0.7,£4.49/100g
6257,Wrigley's Extra Sugar Free Apple Flavour Gum 14G,https://www.tesco.com/groceries/en-GB/products/310142790,1687615052.13059,"['£0.70', '£5.00/100g']",0.7,£5.00/100g
6258,Crazy Card Factory Fruit Flavoured Sweets 102G,https://www.tesco.com/groceries/en-GB/products/311956758,1687615052.206356,"['£1.00', '£0.98/100g']",1.0,£0.98/100g
6259,Peperami Roasted Chicken Bites 50G,https://www.tesco.com/groceries/en-GB/products/311272265,1687615052.282273,"['£1.00', '£2.00/100g']",1.0,£2.00/100g
6260,Twix Salted Caramel Xtra Twin Bars 75G,https://www.tesco.com/groceries/en-GB/products/305829659,1687615052.35021,"['£0.90', '£1.20/100g']",0.9,£1.20/100g
6261,Nestle Kit Kat Chunky Duo 64G,https://www.tesco.com/groceries/en-GB/products/302440570,1687615052.4609358,"['£1.00', '£1.56/100g']",1.0,£1.56/100g
6262,"Linwoods Milled Flax, Nuts & Q10 360G",https://www.tesco.com/groceries/en-GB/products/284459086,1687615052.572213,"['£5.80', '£16.11/kg']",5.8,£16.11/kg
6263,Tesco Fruit Nut & Seed Mix 300G,https://www.tesco.com/groceries/en-GB/products/301554638,1687615052.682863,"['£3.10', '£10.33/kg']",3.1,£10.33/kg
6264,Nakd Berry Bliss Bar 4X30g,https://www.tesco.com/groceries/en-GB/products/297754718,1687615052.75313,"['£3.00', '£2.50/100g']",3.0,£2.50/100g
6265,Grenade Carb Killa Birthday Cake Protein Bar 60G,https://www.tesco.com/groceries/en-GB/products/302081913,1687615052.82594,"['£2.70', '£4.50/100g']",2.7,£4.50/100g
6266,Mentos Gum Spearmint 50Pc Btl100g,https://www.tesco.com/groceries/en-GB/products/285420216,1687615052.8944051,"['£2.80', '£2.80/100g']",2.8,£2.80/100g
6267,Mentos Gum Pure Fresh Freshmint Bottle 50Pc 100G,https://www.tesco.com/groceries/en-GB/products/285420101,1687615052.966058,"['£2.80', '£2.80/100g']",2.8,£2.80/100g
6268,Tesco Apple & Sultana Bars 5 X 30G,https://www.tesco.com/groceries/en-GB/products/300534779,1687615053.03265,"['£2.00', '£1.33/100g']",2.0,£1.33/100g
6269,Mighty Salted Caramel Brownie Plant-Based Ice Cream 460Ml,https://www.tesco.com/groceries/en-GB/products/312558646,1687615053.1066759,"['£4.50', '£0.98/100ml']",4.5,£0.98/100ml
6270,Tesco Finest 4 Honeycomb Tiffin Slices,https://www.tesco.com/groceries/en-GB/products/305955699,1687615053.196856,"['£2.70', '£0.68/each']",2.7,£0.68/each
6271,Thorntons Pearls Hazelnut Chocolate 167G,https://www.tesco.com/groceries/en-GB/products/309200636,1687615053.264159,"['£4.50', '£2.70/100g']",4.5,£2.70/100g
6272,Ben & Jerry's Netflix & Chilll'd Peanut Butter Non Dairy 465Ml,https://www.tesco.com/groceries/en-GB/products/310113836,1687615053.330615,"['£5.00', '£1.08/100ml']",5.0,£1.08/100ml
6273,Lindt Classic Recipe Vegan Hazelnut Chocolate 100G,https://www.tesco.com/groceries/en-GB/products/310655816,1687615053.397316,"['£3.20', '£3.20/100g']",3.2,£3.20/100g
6274,Kind Caramel Almond & Sea Salt Nut Bars 3X30g,https://www.tesco.com/groceries/en-GB/products/308103494,1687615053.485777,"['£3.00', '£3.33/100g']",3.0,£3.33/100g
6275,Wrigley's Extra Refreshers Bubble Mint 30S Gum 67G,https://www.tesco.com/groceries/en-GB/products/310697697,1687615053.551587,"['£2.85', '£4.25/100g']",2.85,£4.25/100g
6276,Urban Fruit Gently Baked Cherries 75G,https://www.tesco.com/groceries/en-GB/products/312699801,1687615053.619583,"['£2.60', '£34.67/kg']",2.6,£34.67/kg
6277,Tesco Free From 5 Oaty Bakes 150G,https://www.tesco.com/groceries/en-GB/products/308495472,1687615053.719179,"['£2.00', '£1.33/100g']",2.0,£1.33/100g
6278,Whitworths Stoned Dates 350G,https://www.tesco.com/groceries/en-GB/products/297599216,1687615053.7881129,"['£2.00', '£5.71/kg']",2.0,£5.71/kg
6279,Mallow & Marsh Raspberry Marshmallow Coat Dark Chocolate 100G,https://www.tesco.com/groceries/en-GB/products/309778286,1687615053.87924,"['£2.50', '£2.50/100g']",2.5,£2.50/100g
6280,Mallow & Marsh Vanilla Marshmallow Milk Chocolate 100G,https://www.tesco.com/groceries/en-GB/products/309494108,1687615053.9464252,"['£2.50', '£2.50/100g']",2.5,£2.50/100g
6281,Phd Smart Bar Chocolate Peanut Butter 64G,https://www.tesco.com/groceries/en-GB/products/297813851,1687615054.013477,"['£2.25', '£3.52/100g']",2.25,£3.52/100g
6282,Tesco 2 Birthday Cake Cupcakes,https://www.tesco.com/groceries/en-GB/products/312572542,1687615054.1026938,"['£1.60', '£0.80/each']",1.6,£0.80/each
6283,Tesco 9 Classic Biscuit Mini Cupcakes,https://www.tesco.com/groceries/en-GB/products/312558243,1687615054.171954,"['£2.25', '£0.25/each']",2.25,£0.25/each
6284,Tesco Dried Mixed Fruit 1Kg,https://www.tesco.com/groceries/en-GB/products/254915335,1687615054.245176,"['£2.45', '£2.45/kg']",2.45,£2.45/kg
6285,Walkers Max Double Coated Peanuts Chilli & Lime 175G,https://www.tesco.com/groceries/en-GB/products/312838799,1687615054.314674,"['£2.25', '£1.29/100g']",2.25,£1.29/100g
6286,Properchips Barbecue Lentil Chips 20G,https://www.tesco.com/groceries/en-GB/products/302316165,1687615054.402606,"['£0.95', '£4.75/100g']",0.95,£4.75/100g
6287,Tesco Free From Ginger Nuts 180G,https://www.tesco.com/groceries/en-GB/products/308081316,1687615054.513254,"['£1.70', '£0.94/100g']",1.7,£0.94/100g
6288,"Love,Corn Sea Salt Roasted Corn Snack 45G",https://www.tesco.com/groceries/en-GB/products/297596290,1687615054.5800269,"['£1.00', '£2.22/100g']",1.0,£2.22/100g
6289,Graze Bbq Crunch 28G,https://www.tesco.com/groceries/en-GB/products/312567819,1687615054.6887748,"['£1.20', '£4.29/100g']",1.2,£4.29/100g
6290,Mallow & Marsh Raspberry Marshmallow & Dark Chocolate 35G,https://www.tesco.com/groceries/en-GB/products/309741168,1687615054.833087,"['£1.35', '£3.86/100g']",1.35,£3.86/100g
6291,Graze Peanut Butter Flapjack 50G,https://www.tesco.com/groceries/en-GB/products/312353257,1687615054.9550998,"['£1.20', '£2.40/100g']",1.2,£2.40/100g
6292,Hippeas Chickpea Puffs Sweet & Smokin 22G,https://www.tesco.com/groceries/en-GB/products/306949819,1687615055.085972,"['£1.00', '£4.54/100g']",1.0,£4.54/100g
6293,Nakd Blueberry Muffin Bar 35G,https://www.tesco.com/groceries/en-GB/products/303177091,1687615055.194769,"['£1.00', '£2.86/100g']",1.0,£2.86/100g
6294,Graze Lively Lemon Flapjack 53G,https://www.tesco.com/groceries/en-GB/products/311937317,1687615055.347809,"['£1.20', '£2.26/100g']",1.2,£2.26/100g
6295,Kind Protein Crunchy Peanut Butter Bar 50G,https://www.tesco.com/groceries/en-GB/products/305830720,1687615055.469038,"['£1.90', '£3.80/100g']",1.9,£3.80/100g
6296,Walkers Monster Munch Mega Roast Beef Snack 40G,https://www.tesco.com/groceries/en-GB/products/264443123,1687615055.613468,"['£1.00', '£2.50/100g']",1.0,£2.50/100g
6297,Nakd Peanut Delight 35G Bar,https://www.tesco.com/groceries/en-GB/products/295229181,1687615055.827574,"['£1.00', '£2.86/100g']",1.0,£2.86/100g
6298,Walkers Max Strong Prawn Cocktail Crisps 50G,https://www.tesco.com/groceries/en-GB/products/311794200,1687615055.9460711,"['£0.95', '£1.90/100g']",0.95,£1.90/100g
6299,Cadbury Nuttier Peanut & Almond Bar 40G,https://www.tesco.com/groceries/en-GB/products/307735317,1687615056.060721,"['£1.20', '£3.00/100g']",1.2,£3.00/100g
6300,Linwoods Organic Flax Sunflower Seeds Berries 425G,https://www.tesco.com/groceries/en-GB/products/308474013,1687615056.180147,"['£6.00', '£14.12/kg']",6.0,£14.12/kg
6301,Tesco Organic Mixed Nuts 250G,https://www.tesco.com/groceries/en-GB/products/309467084,1687615062.2469718,"['£4.75', '£19.00/kg']",4.75,£19.00/kg
6302,Ben & Jerry's Strawberry Cheesecake Ice Cream 465Ml,https://www.tesco.com/groceries/en-GB/products/310699919,1687615062.3708081,"['£5.00', '£1.08/100ml']",5.0,£1.08/100ml
6303,Tesco Organic Sultanas 375G,https://www.tesco.com/groceries/en-GB/products/309191386,1687615062.4919732,"['£2.90', '£7.73/kg']",2.9,£7.73/kg
6304,Linwoods Flax Seeds Biological Cultures & Vitamin D 200G,https://www.tesco.com/groceries/en-GB/products/295870537,1687615062.686763,"['£4.20', '£21.00/kg']",4.2,£21.00/kg
6305,Halo Top Sea Salt Caramel Ice Cream 473Ml,https://www.tesco.com/groceries/en-GB/products/299443317,1687615062.75673,"['£5.25', '£1.11/100ml']",5.25,£1.11/100ml
6306,Nakd Banana Bread Bar 4X30g,https://www.tesco.com/groceries/en-GB/products/297754570,1687615062.852444,"['£3.00', '£2.50/100g']",3.0,£2.50/100g
6307,Halo Top Chocolate Chip Cookie Dough Ice Cream 473Ml,https://www.tesco.com/groceries/en-GB/products/299443290,1687615062.928567,"['£5.25', '£1.11/100ml']",5.25,£1.11/100ml
6308,Haribo Fruitilicious Multipacks 320G,https://www.tesco.com/groceries/en-GB/products/303668368,1687615063.025648,"['£3.00', '£0.94/100g']",3.0,£0.94/100g
6309,Trek Energy Peanut Power Multipack 3X55g,https://www.tesco.com/groceries/en-GB/products/293199713,1687615063.102816,"['£3.00', '£1.82/100g']",3.0,£1.82/100g
6310,Hollys Food Emporium West Country Oat Biscuits 100G,https://www.tesco.com/groceries/en-GB/products/312090150,1687615063.1722088,"['£1.70', '£1.70/100g']",1.7,£1.70/100g
6311,Kings Wagyu Beef Jerky 45G,https://www.tesco.com/groceries/en-GB/products/312366821,1687615063.269304,"['£3.00', '£66.67/kg']",3.0,£66.67/kg
6312,Bear Smoothie Yoyo Strawberry & Banana 5 X 20G,https://www.tesco.com/groceries/en-GB/products/312209337,1687615063.3399382,"['£2.85', '£28.50/kg']",2.85,£28.50/kg
6313,Urban Fruit Gently Baked Blueberries 75G,https://www.tesco.com/groceries/en-GB/products/312345783,1687615063.436529,"['£2.60', '£34.67/kg']",2.6,£34.67/kg
6314,Tesco Free From 14 Brownie Mini Bites,https://www.tesco.com/groceries/en-GB/products/308838131,1687615063.543898,"['£2.90', '£0.21/each']",2.9,£0.21/each
6315,Gogo Squeez Peach Yogurtz Pouches 4X85g,https://www.tesco.com/groceries/en-GB/products/308082275,1687615063.612146,"['£3.00', '£0.88/100g']",3.0,£0.88/100g
6316,Tesco Free From Flapjack Bites 20 Pack,https://www.tesco.com/groceries/en-GB/products/308456634,1687615063.703874,"['£2.90', '£0.14/each']",2.9,£0.14/each
6317,Forest Feast Honey & Salt Peanuts & Cashews 120G,https://www.tesco.com/groceries/en-GB/products/306802211,1687615063.773736,"['£3.20', '£26.67/kg']",3.2,£26.67/kg
6318,Whitworths Chopped Apricots 140G,https://www.tesco.com/groceries/en-GB/products/286783372,1687615063.868215,"['£2.00', '£14.29/kg']",2.0,£14.29/kg
6319,Kind Dark Chocolate Nuts & Sea Salt 40G,https://www.tesco.com/groceries/en-GB/products/305982735,1687615063.95939,"['£1.30', '£3.25/100g']",1.3,£3.25/100g
6320,Phd Smart Bar Chocolate Brownie 64G,https://www.tesco.com/groceries/en-GB/products/297813874,1687615064.05485,"['£2.25', '£3.52/100g']",2.25,£3.52/100g
6321,Cadbury Nuttier Cranberry & Almond Milk Chocolate Bar 3X40g,https://www.tesco.com/groceries/en-GB/products/310666757,1687615064.144702,"['£2.00', '£1.67/100g']",2.0,£1.67/100g
6322,Graze Marmite Crunch 28G,https://www.tesco.com/groceries/en-GB/products/310658266,1687615064.211639,"['£1.20', '£4.29/100g']",1.2,£4.29/100g
6323,Mentos Spearmint 5 Pack 190G,https://www.tesco.com/groceries/en-GB/products/307346927,1687615064.3271391,"['£1.80', '£0.95/100g']",1.8,£0.95/100g
6324,Bolands Jam Mallows 250G,https://www.tesco.com/groceries/en-GB/products/272322934,1687615064.3939998,"['£1.90', '£0.76/100g']",1.9,£0.76/100g
6325,Kinnerton Plastic Surprise Egg 10G,https://www.tesco.com/groceries/en-GB/products/266459332,1687615064.461038,"['£1.00', '£10.00/100g']",1.0,£10.00/100g
6326,Eat Natural Raw Protein Bar Peanuts Almond & Cocoa 45G,https://www.tesco.com/groceries/en-GB/products/311797107,1687615064.534351,"['£1.10', '£2.44/100g']",1.1,£2.44/100g
6327,Popworks Sweet Chipotle Chilli Popped Crisps 85G,https://www.tesco.com/groceries/en-GB/products/312099492,1687615064.602746,"['£2.25', '£2.65/100g']",2.25,£2.65/100g
6328,Kind Protein Dark Chocolate Nut Bar 50G,https://www.tesco.com/groceries/en-GB/products/306933263,1687615064.6955252,"['£1.90', '£3.80/100g']",1.9,£3.80/100g
6329,Graze Chilli & Lime Nuts 38G,https://www.tesco.com/groceries/en-GB/products/312986277,1687615064.809737,"['£1.20', '£3.16/100g']",1.2,£3.16/100g
6330,Wrigleys Extra Refresher's Gum Peppermint 7 Pieces,https://www.tesco.com/groceries/en-GB/products/305966830,1687615064.922763,"['£0.70', '£4.49/100g']",0.7,£4.49/100g
6331,Kind Peanut Butter & Dark Chocolate 40G,https://www.tesco.com/groceries/en-GB/products/305960836,1687615064.99175,"['£1.30', '£3.25/100g']",1.3,£3.25/100g
6332,Mars Snickers Triple Treat Fruit Nut & Chocolate Bars Multipack 4 X 32g,https://www.tesco.com/groceries/en-GB/products/311259224,1687615065.0876129,"['£1.75', '£1.37/100g']",1.75,£1.37/100g
6333,Candy Kittens Wild Strawberry Gourmet Sweets 54G,https://www.tesco.com/groceries/en-GB/products/311939747,1687615065.155026,"['£1.00', '£1.85/100g']",1.0,£1.85/100g
6334,Tesco Protein Bites Peanut & Cocoa 45G,https://www.tesco.com/groceries/en-GB/products/312344369,1687615065.266735,"['£1.00', '£22.22/kg']",1.0,£22.22/kg
6335,Bear Pure Fruit Yoyos Mango 20G,https://www.tesco.com/groceries/en-GB/products/279344424,1687615065.337045,"['£0.60', '£3.00/100g']",0.6,£3.00/100g
6336,Mars Triple Treat Fruit Nut & Chocolate Bar 40G,https://www.tesco.com/groceries/en-GB/products/311420908,1687615065.480948,"['£0.65', '£1.62/100g']",0.65,£1.62/100g
6337,Kit Kat Chunky Caramel 43.5G,https://www.tesco.com/groceries/en-GB/products/311791819,1687615065.592821,"['£0.70', '£1.61/100g']",0.7,£1.61/100g
6338,Naturya Organic Cacao Powder Fair Trade 250G,https://www.tesco.com/groceries/en-GB/products/301956733,1687615065.704486,"['£6.50', '£26.00/kg']",6.5,£26.00/kg
6339,Linwoods Shelled Hemp 200G,https://www.tesco.com/groceries/en-GB/products/307145883,1687615065.793358,"['£5.50', '£27.50/kg']",5.5,£27.50/kg
6340,Lindt Nuxor Dark 165G,https://www.tesco.com/groceries/en-GB/products/304554455,1687615065.869927,"['£7.00', '£4.24/100g']",7.0,£4.24/100g
6341,Linwoods Organic Milled Hemp Flax & Chia Seeds 200G,https://www.tesco.com/groceries/en-GB/products/307159262,1687615065.9608152,"['£4.00', '£20.00/kg']",4.0,£20.00/kg
6342,Naturya Organic Cacao Nibs 125G,https://www.tesco.com/groceries/en-GB/products/301956791,1687615066.036927,"['£4.00', '£32.00/kg']",4.0,£32.00/kg
6343,English Cheesecake Company Ltd Cheesecake Chocolate Fudge & Cookie Dough390g,https://www.tesco.com/groceries/en-GB/products/312222257,1687615066.1241212,"['£4.85', '£1.24/100g']",4.85,£1.24/100g
6344,Oggs Vegan Victoria Sponge Cakes 4 Pack 184G,https://www.tesco.com/groceries/en-GB/products/311428946,1687615066.189433,"['£3.95', '£2.15/100g']",3.95,£2.15/100g
6345,Urban Fruit Coconut Chips Up 4 Pack 72G,https://www.tesco.com/groceries/en-GB/products/297754459,1687615066.255005,"['£3.05', '£4.24/100g']",3.05,£4.24/100g
6346,Halo Top Cookies & Cream Ice Cream 473Ml,https://www.tesco.com/groceries/en-GB/products/310111850,1687615066.321098,"['£5.25', '£1.11/100ml']",5.25,£1.11/100ml
6347,Halo Top Peanut Butter Cup Ice Cream 473Ml,https://www.tesco.com/groceries/en-GB/products/299443330,1687615066.408107,"['£5.25', '£1.11/100ml']",5.25,£1.11/100ml
6348,Sci-Mx Double Chocolate Protein Cookie 75G,https://www.tesco.com/groceries/en-GB/products/282615279,1687615066.494157,"['£2.00', '£2.67/100g']",2.0,£2.67/100g
6349,Mentos Gum Pure Fresh Bubblefresh 50Pc 97G,https://www.tesco.com/groceries/en-GB/products/309474766,1687615071.930059,"['£2.80', '£2.89/100g']",2.8,£2.89/100g
6350,Trek Energy Cocoa Chaos Multipack 3X55g,https://www.tesco.com/groceries/en-GB/products/293199949,1687615072.067509,"['£3.00', '£1.82/100g']",3.0,£1.82/100g
6351,Schar Grissini 150G,https://www.tesco.com/groceries/en-GB/products/275560733,1687615072.137534,"['£2.60', '£17.33/kg']",2.6,£17.33/kg
6352,Oppo Double Chocolate Brownie Ice Cream 475Ml,https://www.tesco.com/groceries/en-GB/products/311688522,1687615072.205368,"['£5.00', '£1.05/100ml']",5.0,£1.05/100ml
6353,Urban Fruit Gently/Gentle Baked Mango & Passion Fruit 85G,https://www.tesco.com/groceries/en-GB/products/307151846,1687615072.2738292,"['£2.60', '£30.59/kg']",2.6,£30.59/kg
6354,Tesco Finest 4 Trifle Tarts,https://www.tesco.com/groceries/en-GB/products/311937666,1687615072.3710961,"['£2.40', '£0.60/each']",2.4,£0.60/each
6355,Funktional Foods Vegan Protein Blend Vanilla 100G,https://www.tesco.com/groceries/en-GB/products/307139303,1687615072.443331,"['£3.15', '£31.50/kg']",3.15,£31.50/kg
6356,Tesco Organic Whole Almonds 100G,https://www.tesco.com/groceries/en-GB/products/309171208,1687615072.542895,"['£2.10', '£21.00/kg']",2.1,£21.00/kg
6357,Tesco Finest 9 Selection Mini Cupcakes,https://www.tesco.com/groceries/en-GB/products/312559187,1687615072.610511,"['£3.50', '£0.39/each']",3.5,£0.39/each
6358,Phd Smart Salted Fudge Brownie Bar 64G,https://www.tesco.com/groceries/en-GB/products/301971173,1687615072.679955,"['£2.25', '£3.52/100g']",2.25,£3.52/100g
6359,Tesco Currants 1Kg,https://www.tesco.com/groceries/en-GB/products/254915312,1687615072.8019252,"['£2.45', '£2.45/kg']",2.45,£2.45/kg
6360,Phd Smart Bar Cookies & Cream 64G,https://www.tesco.com/groceries/en-GB/products/299488172,1687615072.8743522,"['£2.25', '£3.52/100g']",2.25,£3.52/100g
6361,Wicked Kitchen Salted Caramel Chocolate Bar 150G,https://www.tesco.com/groceries/en-GB/products/310664949,1687615072.967721,"['£2.20', '£1.47/100g']",2.2,£1.47/100g
6362,Plantastic Sweet Apricot & Ginger With Almond Flapjack X5,https://www.tesco.com/groceries/en-GB/products/310116620,1687615073.0384011,"['£2.25', '£0.45/each']",2.25,£0.45/each
6363,Eat Natural Raw Fruit & Nut Bar Hazelnut Dates Peanut 45G,https://www.tesco.com/groceries/en-GB/products/310670734,1687615073.128384,"['£1.10', '£2.44/100g']",1.1,£2.44/100g
6364,Flower & White Mango Passion Fruit Smoothie Mallow Bar 35G,https://www.tesco.com/groceries/en-GB/products/311945564,1687615073.196977,"['£1.30', '£3.71/100g']",1.3,£3.71/100g
6365,Flower & White Strawberry & Banana Smoothie Bar 35G,https://www.tesco.com/groceries/en-GB/products/312094399,1687615073.2649658,"['£1.30', '£3.71/100g']",1.3,£3.71/100g
6366,Kind Maple Pecan & Almond Bars 3X30g,https://www.tesco.com/groceries/en-GB/products/311273206,1687615073.345349,"['£3.00', '£3.33/100g']",3.0,£3.33/100g
6367,Snack A Jacks Salt & Vinegar Rice Cakes 23G,https://www.tesco.com/groceries/en-GB/products/301456904,1687615073.443948,"['£0.95', '£4.13/100g']",0.95,£4.13/100g
6368,Bear Yoyo Banana Fruit Rolls 5X20g,https://www.tesco.com/groceries/en-GB/products/310167196,1687615073.557767,"['£1.50', '£15.00/kg']",1.5,£15.00/kg
6369,Eat Natural Raw Almond Cranberry & Pomegranate Fruit & Nut Bar 45G,https://www.tesco.com/groceries/en-GB/products/311808134,1687615073.64904,"['£1.10', '£2.44/100g']",1.1,£2.44/100g
6370,Tesco Finest Salted Caramel Brownie Bites 266G,https://www.tesco.com/groceries/en-GB/products/311208274,1687615073.7167912,"['£2.75', '£1.03/100g']",2.75,£1.03/100g
6371,Tic Tac Sugar Free Fresh Grapefruit Mint 16.4G,https://www.tesco.com/groceries/en-GB/products/311804979,1687615073.826071,"['£1.00', '£6.10/100g']",1.0,£6.10/100g
6372,Tic Tac Sugar Free Fresh Cool Cherry 16.4G,https://www.tesco.com/groceries/en-GB/products/311959951,1687615073.939328,"['£1.00', '£6.10/100g']",1.0,£6.10/100g
6373,Kind Salted Caramel Dark Chocolate Bar 40G,https://www.tesco.com/groceries/en-GB/products/307140341,1687615074.05307,"['£1.30', '£3.25/100g']",1.3,£3.25/100g
6374,Nakd Cocoa Delight 35G,https://www.tesco.com/groceries/en-GB/products/278942260,1687615074.15049,"['£1.00', '£2.86/100g']",1.0,£2.86/100g
6375,Cadbury Crunchie Cake Bars 5 Pack,https://www.tesco.com/groceries/en-GB/products/306928539,1687615074.26503,"['£2.25', '£0.45/each']",2.25,£0.45/each
6376,Walkers Max Strong Hot Sauce Blaze Crisps 50G,https://www.tesco.com/groceries/en-GB/products/312107196,1687615074.3600461,"['£0.95', '£1.90/100g']",0.95,£1.90/100g
6377,Tesco Protein Bites Almond & Raspberry 45G,https://www.tesco.com/groceries/en-GB/products/312352492,1687615074.473482,"['£1.00', '£22.22/kg']",1.0,£22.22/kg
6378,Snickers Triple Treat Fruit Nut & Chocolate Bar 40G,https://www.tesco.com/groceries/en-GB/products/311797646,1687615074.5425339,"['£0.65', '£1.62/100g']",0.65,£1.62/100g
6379,Tesco Fruit & Nut Mix With Apricots 300G,https://www.tesco.com/groceries/en-GB/products/271074635,1687615074.661431,"['£3.60', '£12.00/kg']",3.6,£12.00/kg
6380,Ben And Jerry's Netflix & Chilld Ice Cream 465Ml,https://www.tesco.com/groceries/en-GB/products/305519312,1687615074.731343,"['£5.00', '£1.08/100ml']",5.0,£1.08/100ml
6381,Naturya Organic Maca Powder 125G,https://www.tesco.com/groceries/en-GB/products/301882508,1687615074.818706,"['£4.00', '£32.00/kg']",4.0,£32.00/kg
6382,English Cheesecake Company Ltd Strawberry & Cream Frozen Cheesecake 350G,https://www.tesco.com/groceries/en-GB/products/312577370,1687615074.910236,"['£4.85', '£1.39/100g']",4.85,£1.39/100g
6383,Ben & Jerry's Sundae Berry Revolutionary Non Dairy 427Ml,https://www.tesco.com/groceries/en-GB/products/310699240,1687615074.978632,"['£4.75', '£1.11/100ml']",4.75,£1.11/100ml
6384,Naturya Super Food Breakfast Berries 150G,https://www.tesco.com/groceries/en-GB/products/300423041,1687615075.084337,"['£4.80', '£32.00/kg']",4.8,£32.00/kg
6385,Tesco 6 Half & Half Cupcakes,https://www.tesco.com/groceries/en-GB/products/312580198,1687615075.176037,"['£4.00', '£0.67/each']",4.0,£0.67/each
6386,Tesco Finest Chocolate And Salted Caramel Cake,https://www.tesco.com/groceries/en-GB/products/312365632,1687615075.251037,"['£5.50', '£5.50/each']",5.5,£5.50/each
6387,"Tesco Finest Lemon, Lime & White Chocolate Cake",https://www.tesco.com/groceries/en-GB/products/312230930,1687615075.317014,"['£5.50', '£5.50/each']",5.5,£5.50/each
6388,Forest Feast Whole Canadian Cranberries 170G,https://www.tesco.com/groceries/en-GB/products/309755745,1687615075.388278,"['£3.50', '£20.59/kg']",3.5,£20.59/kg
6389,Halo Top Strawberry Cheesecake Ice Cream 473Ml,https://www.tesco.com/groceries/en-GB/products/304780329,1687615075.458045,"['£5.25', '£1.11/100ml']",5.25,£1.11/100ml
6390,Nakd Cocoa Twist Bar 4X30g,https://www.tesco.com/groceries/en-GB/products/297754471,1687615075.55213,"['£3.00', '£2.50/100g']",3.0,£2.50/100g
6391,Grenade Carb Killa Dark Chocolate Raspberry Bar 60G,https://www.tesco.com/groceries/en-GB/products/303183181,1687615075.6273222,"['£2.70', '£4.50/100g']",2.7,£4.50/100g
6392,Haagen Dazs Caramel Swirl Gelato 460Ml,https://www.tesco.com/groceries/en-GB/products/310173113,1687615075.694389,"['£5.10', '£1.11/100ml']",5.1,£1.11/100ml
6393,Funktional Foods Cacao Powder 100G,https://www.tesco.com/groceries/en-GB/products/300423029,1687615075.791258,"['£3.15', '£31.50/kg']",3.15,£31.50/kg
6394,Cruga Chilli Biltong Beef Gluten Free 60G,https://www.tesco.com/groceries/en-GB/products/313008231,1687615075.921411,"['£3.00', '£50.00/kg']",3.0,£50.00/kg
6395,Mighty Double Choc Pretzel Plant-Based Ice Cream 460Ml,https://www.tesco.com/groceries/en-GB/products/312716736,1687615076.00685,"['£4.50', '£0.98/100ml']",4.5,£0.98/100ml
6396,Snaffling Pig Chorizo Bites 50G,https://www.tesco.com/groceries/en-GB/products/308482199,1687615076.123441,"['£2.00', '£4.00/100g']",2.0,£4.00/100g
6397,Kp Nut-Tastic Fruit & Nut Mix 4 X 30G,https://www.tesco.com/groceries/en-GB/products/310657739,1687615082.583735,"['£3.25', '£2.71/100g']",3.25,£2.71/100g
6398,Oppo Chocolate Chip Cookie Dough Ice Cream 475Ml,https://www.tesco.com/groceries/en-GB/products/312558174,1687615082.684855,"['£5.00', '£1.05/100ml']",5.0,£1.05/100ml
6399,Kp Nut-Tastic Roasted & Pinch Of Salt Nut Mix4x30g,https://www.tesco.com/groceries/en-GB/products/310679483,1687615082.8625522,"['£3.25', '£2.71/100g']",3.25,£2.71/100g
6400,Oggs Vegan Chocolate Fudge Cupcakes 2 Pack 125G,https://www.tesco.com/groceries/en-GB/products/312696997,1687615082.931298,"['£2.35', '£1.86/100g']",2.35,£1.86/100g
6401,Oggs Brownie Bites 126G,https://www.tesco.com/groceries/en-GB/products/310097088,1687615083.005429,"['£2.35', '£1.86/100g']",2.35,£1.86/100g
6402,Kp Salt & Vinegar Peanuts 5X30g,https://www.tesco.com/groceries/en-GB/products/310678835,1687615083.105757,"['£3.25', '£2.17/100g']",3.25,£2.17/100g
6403,Whitworths Fusions Watermelon Papaya 80G,https://www.tesco.com/groceries/en-GB/products/312559501,1687615083.195571,"['£2.30', '£28.75/kg']",2.3,£28.75/kg
6404,Pez Fruit Flavour Candy With Dispenser 2 X 8.5G,https://www.tesco.com/groceries/en-GB/products/311275325,1687615083.264374,"['£1.60', '£9.41/100g']",1.6,£9.41/100g
6405,Wicked Kitchen Chunky Chocolate Bar 150G,https://www.tesco.com/groceries/en-GB/products/310168713,1687615083.3325498,"['£2.20', '£1.47/100g']",2.2,£1.47/100g
6406,Phd Smart Bar White Chocolate Blondie 64G,https://www.tesco.com/groceries/en-GB/products/299804444,1687615083.400872,"['£2.25', '£3.52/100g']",2.25,£3.52/100g
6407,Phd Smart Bar Dark Chocolate Raspberry 64G,https://www.tesco.com/groceries/en-GB/products/299473385,1687615083.500442,"['£2.25', '£3.52/100g']",2.25,£3.52/100g
6408,Clif Bar Crunchy Peanut Butter 68G Bar,https://www.tesco.com/groceries/en-GB/products/275096666,1687615083.5924459,"['£1.85', '£2.72/100g']",1.85,£2.72/100g
6409,Clif Bar White Chocolate Macadamia Bar Energy Bar 68G,https://www.tesco.com/groceries/en-GB/products/276288841,1687615083.6645288,"['£1.85', '£2.72/100g']",1.85,£2.72/100g
6410,Tesco Finest Caramelised Biscuit Bites 208G,https://www.tesco.com/groceries/en-GB/products/311212003,1687615083.743724,"['£2.75', '£1.32/100g']",2.75,£1.32/100g
6411,Tesco Finest 2 Sticky Toffee Cupbakes,https://www.tesco.com/groceries/en-GB/products/312343324,1687615083.812272,"['£2.90', '£1.45/each']",2.9,£1.45/each
6412,Bip Wacky Monkey 12G,https://www.tesco.com/groceries/en-GB/products/305968839,1687615083.880043,"['£1.10', '£9.17/100g']",1.1,£9.17/100g
6413,Kind Almond & Coconut Bar 40G,https://www.tesco.com/groceries/en-GB/products/307146127,1687615083.950285,"['£1.30', '£3.25/100g']",1.3,£3.25/100g
6414,Emily Vegetable Thins Sour Cream & Onion Tortilla Chips 23G,https://www.tesco.com/groceries/en-GB/products/312232147,1687615084.040642,"['£0.90', '£3.91/100g']",0.9,£3.91/100g
6415,Emily Vegetable Thins Barbecue Tortilla Chips 23G,https://www.tesco.com/groceries/en-GB/products/312579984,1687615084.16407,"['£0.90', '£3.91/100g']",0.9,£3.91/100g
6416,Kind Dark Chocolate Orange Almond Bar 40G,https://www.tesco.com/groceries/en-GB/products/308104959,1687615084.280769,"['£1.30', '£3.25/100g']",1.3,£3.25/100g
6417,Kind Caramel Almond & Sea Salt 40G,https://www.tesco.com/groceries/en-GB/products/290404747,1687615084.3700721,"['£1.30', '£3.25/100g']",1.3,£3.25/100g
6418,Nature Valley Crunchy Canadian Maple Syrup Bar 42G,https://www.tesco.com/groceries/en-GB/products/267708169,1687615084.4643898,"['£0.65', '£1.55/100g']",0.65,£1.55/100g
6419,Bip Dino Friends Pop Ups Lollipop Strawberry 10G,https://www.tesco.com/groceries/en-GB/products/311445983,1687615084.5780962,"['£1.10', '£11.00/100g']",1.1,£11.00/100g
6420,Fulfil Vitamin & Protein Bars 10 Mixed Pack 550G,https://www.tesco.com/groceries/en-GB/products/308485599,1687615084.6459,"['£24.15', '£4.39/100g']",24.15,£4.39/100g
6421,Naturya Organic Hemp Protein Powder 300G,https://www.tesco.com/groceries/en-GB/products/301956779,1687615084.7442958,"['£12.00', '£40.00/kg']",12.0,£40.00/kg
6422,Naturya Organic Greens Blend 250G,https://www.tesco.com/groceries/en-GB/products/302419579,1687615084.838793,"['£15.00', '£60.00/kg']",15.0,£60.00/kg
6423,Naturya Organic Blend Cognition Chocolate Flavoured 250G,https://www.tesco.com/groceries/en-GB/products/307154411,1687615084.946701,"['£12.00', '£48.00/kg']",12.0,£48.00/kg
6424,Naturya Organic Turmeric Blend 250G,https://www.tesco.com/groceries/en-GB/products/302306275,1687615085.041857,"['£8.00', '£32.00/kg']",8.0,£32.00/kg
6425,Lindt Swiss Luxury Selection Chocolates 195G,https://www.tesco.com/groceries/en-GB/products/289489212,1687615085.135741,"['£9.50', '£4.87/100g']",9.5,£4.87/100g
6426,Naturya Organic Spirulina Powder 100G,https://www.tesco.com/groceries/en-GB/products/301956819,1687615085.228393,"['£5.00', '£50.00/kg']",5.0,£50.00/kg
6427,Naturya Super Boost Breakfast Cacao 150G,https://www.tesco.com/groceries/en-GB/products/300423064,1687615085.324537,"['£4.80', '£32.00/kg']",4.8,£32.00/kg
6428,Naturya Super Food Breakfast Seed Crunch 150G,https://www.tesco.com/groceries/en-GB/products/300422825,1687615085.414861,"['£4.80', '£32.00/kg']",4.8,£32.00/kg
6429,Haagen Dazs Gelato Creamy Fudge Brownie Ice Cream 460Ml,https://www.tesco.com/groceries/en-GB/products/310696208,1687615085.574978,"['£5.10', '£1.11/100ml']",5.1,£1.11/100ml
6430,Forest Feast Tropical Dried Pineapple 120G,https://www.tesco.com/groceries/en-GB/products/305733737,1687615085.666238,"['£3.50', '£29.17/kg DR.WT']",3.5,£29.17/kg DR.WT
6431,Tgi Fridays Chocolate Brownie Heaven Cake,https://www.tesco.com/groceries/en-GB/products/312694196,1687615085.737452,"['£5.00', '£5.00/each']",5.0,£5.00/each
6432,Tgi Fridays Caramel Blondie,https://www.tesco.com/groceries/en-GB/products/312699133,1687615085.831289,"['£5.00', '£5.00/each']",5.0,£5.00/each
6433,Funktional Foods Hemp Protein Powder 100G,https://www.tesco.com/groceries/en-GB/products/301956710,1687615085.921841,"['£3.15', '£31.50/kg']",3.15,£31.50/kg
6434,Funktional Foods Wheatgrass Powder 100G,https://www.tesco.com/groceries/en-GB/products/301803696,1687615086.013581,"['£3.15', '£31.50/kg']",3.15,£31.50/kg
6435,Forest Feast Orchard Prunes 200G,https://www.tesco.com/groceries/en-GB/products/310684087,1687615086.102686,"['£3.50', '£17.50/kg']",3.5,£17.50/kg
6436,Funktional Foods Spirulina Powder 100G,https://www.tesco.com/groceries/en-GB/products/300422899,1687615086.180157,"['£3.15', '£31.50/kg']",3.15,£31.50/kg
6437,Funktional Foods Green Superblend Powder 100G,https://www.tesco.com/groceries/en-GB/products/300422860,1687615086.26861,"['£3.15', '£31.50/kg']",3.15,£31.50/kg
6438,Funktional Foods Vegan Protein Blend Banana 100G,https://www.tesco.com/groceries/en-GB/products/307144779,1687615086.355979,"['£3.15', '£31.50/kg']",3.15,£31.50/kg
6439,Funktional Foods Vegan Protein Blend Berry 100G,https://www.tesco.com/groceries/en-GB/products/307140829,1687615086.443649,"['£3.15', '£31.50/kg']",3.15,£31.50/kg
6440,Forest Feast Slow Roasted Nut Mix 120G,https://www.tesco.com/groceries/en-GB/products/306807027,1687615086.537985,"['£3.20', '£26.67/kg']",3.2,£26.67/kg
6441,Whitworths Fusions Coconut Pineapple 80G,https://www.tesco.com/groceries/en-GB/products/312699438,1687615086.626215,"['£2.30', '£28.75/kg']",2.3,£28.75/kg
6442,Funktional Foodsmaca Powder 100G,https://www.tesco.com/groceries/en-GB/products/300420539,1687615086.691607,"['£3.15', '£31.50/kg']",3.15,£31.50/kg
6443,Cadbury Mini Rolls Raspberry 10 Pack,https://www.tesco.com/groceries/en-GB/products/295848818,1687615086.790261,"['£3.95', '£0.40/each']",3.95,£0.40/each
6444,Cadbury Mini Rolls Milk Chocolate 10 Pack,https://www.tesco.com/groceries/en-GB/products/295848830,1687615086.856653,"['£3.95', '£0.40/each']",3.95,£0.40/each
6445,Ben & Jerry's Sundae Choco Lotto Cheesecake Ice Cream 427Ml,https://www.tesco.com/groceries/en-GB/products/313381484,1687615091.5964448,"['£5.40', '£1.26/100ml']",5.4,£1.26/100ml
6446,Mcvitie's Gold Bar 14 Pack 2X124g,https://www.tesco.com/groceries/en-GB/products/313842233,1687615091.6869051,"['£2.30', '£9.27/kg']",2.3,£9.27/kg
6447,Ben & Jerry's Light Vanilla Fudge Brownie 465Ml,https://www.tesco.com/groceries/en-GB/products/313518140,1687615091.822457,"['£5.00', '£1.08/100ml']",5.0,£1.08/100ml
6448,Haagen Dazs Macaron Double Chocolate Ice Cream 420Ml,https://www.tesco.com/groceries/en-GB/products/313517095,1687615091.90271,"['£5.15', '£1.23/100ml']",5.15,£1.23/100ml
6449,Haagen Dazs Macaron Strawberry Raspberry Ice Cream 420Ml,https://www.tesco.com/groceries/en-GB/products/313744551,1687615092.027214,"['£5.15', '£1.23/100ml']",5.15,£1.23/100ml
6450,Haagen Dazs Gelato Chocolate Drizzle Ice Cream 460Ml,https://www.tesco.com/groceries/en-GB/products/312703705,1687615092.150949,"['£5.10', '£1.11/100ml']",5.1,£1.11/100ml
6451,Cadbury Caramilk Ice Cream 480Ml,https://www.tesco.com/groceries/en-GB/products/313735723,1687615092.250402,"['£3.50', '£0.73/100ml']",3.5,£0.73/100ml
6452,Tesco Finest Belgian Chocolate Ice Cream 480Ml,https://www.tesco.com/groceries/en-GB/products/313843284,1687615092.3527858,"['£3.00', '£0.62/100ml']",3.0,£0.62/100ml
6453,Cadbury Fruitier & Nuttier Trail Mix 3X35g,https://www.tesco.com/groceries/en-GB/products/313956283,1687615092.431478,"['£2.50', '£2.38/100g']",2.5,£2.38/100g
6454,Tesco Sultanas 1Kg,https://www.tesco.com/groceries/en-GB/products/259169098,1687615092.500482,"['£2.45', '£2.45/kg']",2.45,£2.45/kg
6455,Haribo Super Mix 400G,https://www.tesco.com/groceries/en-GB/products/296527327,1687615092.572854,"['£2.50', '£0.62/100g']",2.5,£0.62/100g
6456,Cadbury Curly Wurly 5 Pack 107.5G,https://www.tesco.com/groceries/en-GB/products/311679994,1687615092.6407301,"['£1.25', '£1.16/100g']",1.25,£1.16/100g
6457,Mcvities Penguin Original Milk Chocolate Biscuit 7Pk 172.2G,https://www.tesco.com/groceries/en-GB/products/313858261,1687615092.708122,"['£1.50', '£8.71/kg']",1.5,£8.71/kg
6458,Cadbury Delights Nougat Salted Caramel Chocolate 5X22g,https://www.tesco.com/groceries/en-GB/products/313616761,1687615092.78096,"['£1.70', '£1.54/100g']",1.7,£1.54/100g
6459,Cadbury Dairy Milk Giant Buttons 184.8G,https://www.tesco.com/groceries/en-GB/products/313383355,1687615092.875181,"['£2.00', '£1.08/100g']",2.0,£1.08/100g
6460,Cadbury Delights Nougat Hazelnut Chocolate 5X22g,https://www.tesco.com/groceries/en-GB/products/313383418,1687615092.945971,"['£1.70', '£1.54/100g']",1.7,£1.54/100g
6461,Cadbury Delights Soft Nougat Orange & Caramel 5X22g,https://www.tesco.com/groceries/en-GB/products/313621368,1687615093.0371368,"['£1.70', '£1.54/100g']",1.7,£1.54/100g
6462,Mcvitie's Gold Biscuit Bars 7 Pack 124G,https://www.tesco.com/groceries/en-GB/products/307155076,1687615093.137173,"['£1.25', '£10.08/kg']",1.25,£10.08/kg
6463,The Natural Confectionery Company Jelly Snakes 130G,https://www.tesco.com/groceries/en-GB/products/313954204,1687615093.2079518,"['£1.25', '£0.96/100g']",1.25,£0.96/100g
6464,Kit Kat 2 Finger Caramel Chocolate Biscuit Bar 9 X 20.7G,https://www.tesco.com/groceries/en-GB/products/313612120,1687615093.2808168,"['£2.00', '£1.07/100g']",2.0,£1.07/100g
6465,Tesco Finest Roasted Pistachio Ice Cream 480Ml,https://www.tesco.com/groceries/en-GB/products/313512739,1687615093.3494668,"['£3.00', '£0.62/100ml']",3.0,£0.62/100ml
6466,Aero Melts Honeycomb 86G,https://www.tesco.com/groceries/en-GB/products/313614538,1687615093.4170182,"['£1.35', '£1.57/100g']",1.35,£1.57/100g
6467,Kit Kat Bites Lotus Biscoff Chocolate Sharing Bag 90G,https://www.tesco.com/groceries/en-GB/products/313740716,1687615093.485835,"['£1.35', '£1.50/100g']",1.35,£1.50/100g
6468,Squashies Drumstick Sour Cherry & Apple 160G,https://www.tesco.com/groceries/en-GB/products/286975519,1687615093.555729,"['£1.15', '£0.72/100g']",1.15,£0.72/100g
6469,Fruitella Berries & Cherry Sweets 170G,https://www.tesco.com/groceries/en-GB/products/311952549,1687615093.633131,"['£1.50', '£0.88/100g']",1.5,£0.88/100g
6470,Aero Share A Bubble Golden Honeycomb Chocolate 90G,https://www.tesco.com/groceries/en-GB/products/313738576,1687615093.701293,"['£1.25', '£1.39/100g']",1.25,£1.39/100g
6471,Munchies Gold Caramel Flavoured Pieces Soft Caramel 94G,https://www.tesco.com/groceries/en-GB/products/313756548,1687615093.782312,"['£1.25', '£1.33/100g']",1.25,£1.33/100g
6472,Rowntree's Berry Hearts Sweets Sharing Bag 115G,https://www.tesco.com/groceries/en-GB/products/313623815,1687615093.854678,"['£1.25', '£1.09/100g']",1.25,£1.09/100g
6473,Rowntree's Jelly Snakes Sweets Sharing Bag 115G,https://www.tesco.com/groceries/en-GB/products/312835284,1687615093.9235368,"['£1.25', '£1.09/100g']",1.25,£1.09/100g
6475,Rowntree's Safari Mix Sweets 115G,https://www.tesco.com/groceries/en-GB/products/313625525,1687615094.063762,"['£1.25', '£1.09/100g']",1.25,£1.09/100g
6476,Go Ahead Fruit Crispy Slices 4Pack 174G,https://www.tesco.com/groceries/en-GB/products/313848244,1687615094.132576,"['£1.00', '£5.75/kg']",1.0,£5.75/kg
6477,Go Ahead Apple Crispy Fruit Slices 4 Pack 174G,https://www.tesco.com/groceries/en-GB/products/313845987,1687615094.201864,"['£1.00', '£5.75/kg']",1.0,£5.75/kg
6478,Cadbury Dairy Milk Salted Caramel Nibbles Chocolate Bag 120G,https://www.tesco.com/groceries/en-GB/products/313738484,1687615094.271269,"['£1.35', '£1.12/100g']",1.35,£1.12/100g
6479,Milkybar Gold Giant Caramel White Chocolate Pieces 86G,https://www.tesco.com/groceries/en-GB/products/313516925,1687615094.340393,"['£1.25', '£1.45/100g']",1.25,£1.45/100g
6480,Cadbury Fudge 5 Pack 110G,https://www.tesco.com/groceries/en-GB/products/313966403,1687615094.409207,"['£1.25', '£1.14/100g']",1.25,£1.14/100g
6482,Gummy Zone Pizza 21G,https://www.tesco.com/groceries/en-GB/products/313848117,1687615094.550254,"['£0.30', '£1.43/100g']",0.3,£1.43/100g
6483,Wicked Kitchen 4 Chocolate Cupcakes,https://www.tesco.com/groceries/en-GB/products/312989527,1687615094.617621,"['£3.50', '£0.88/each']",3.5,£0.88/each
6484,Wicked Kitchen 4 Lemon Cupcakes,https://www.tesco.com/groceries/en-GB/products/313175383,1687615094.686454,"['£3.50', '£0.88/each']",3.5,£0.88/each
6485,Cadbury Dairy Milk Freddo Caramel 5 Pack 97.5G,https://www.tesco.com/groceries/en-GB/products/313748938,1687615094.814705,"['£1.25', '£1.28/100g']",1.25,£1.28/100g
6486,Tony's Chocolonely Milk Chocolate Caramel Biscuit 180G,https://www.tesco.com/groceries/en-GB/products/312855147,1687615094.883627,"['£3.00', '£1.67/100g']",3.0,£1.67/100g
6487,M/Bassets Liquorice Allsorts 350G,https://www.tesco.com/groceries/en-GB/products/313754216,1687615094.952776,"['£3.00', '£0.86/100g']",3.0,£0.86/100g
6488,Tony's Chocolonely Milk Chocolate Creamy Hazelnut Crunch 180G,https://www.tesco.com/groceries/en-GB/products/313843059,1687615095.022242,"['£3.00', '£1.67/100g']",3.0,£1.67/100g
6489,Maynards Bassetts Wine Gums 350G,https://www.tesco.com/groceries/en-GB/products/313612840,1687615095.091359,"['£3.00', '£0.86/100g']",3.0,£0.86/100g
6490,Maynards Bassetts Jelly Babies 350G,https://www.tesco.com/groceries/en-GB/products/313607553,1687615095.172267,"['£3.00', '£0.86/100g']",3.0,£0.86/100g
6491,Tony's Chocolonely Milk Chocolate Chip Cookie 180G,https://www.tesco.com/groceries/en-GB/products/313752725,1687615095.24585,"['£3.00', '£1.67/100g']",3.0,£1.67/100g
6492,Montezuma's Happiccino Milk Chocolate Coffee 90G,https://www.tesco.com/groceries/en-GB/products/313844784,1687615095.313121,"['£2.75', '£3.06/100g']",2.75,£3.06/100g
6493,Tic Tac Mint 4 X 18G,https://www.tesco.com/groceries/en-GB/products/313627157,1687615099.9902332,"['£1.60', '£1.60/each']",1.6,£1.60/each
6494,Tony's Chocolonely Dark Milk Chocolate Bar With Brwnie Pieces 180G,https://www.tesco.com/groceries/en-GB/products/312852142,1687615100.100139,"['£3.00', '£3.00/each']",3.0,£3.00/each
6495,Tony's Ben&Jerry White Chocolate Strawberry Cheesecake 180G,https://www.tesco.com/groceries/en-GB/products/312834348,1687615100.172139,"['£3.00', '£3.00/each']",3.0,£3.00/each
6496,Nerds Candy Rainbow Fruit Flavour 141.7G,https://www.tesco.com/groceries/en-GB/products/313376767,1687615100.255691,"['£2.50', '£1.76/100g']",2.5,£1.76/100g
6497,Maynards Bassetts Jelly Babies 350G,https://www.tesco.com/groceries/en-GB/products/313966288,1687615100.390661,"['£2.00', '£0.57/100g']",2.0,£0.57/100g
6498,Maynards Bassetts Liquorice Allsorts 350G,https://www.tesco.com/groceries/en-GB/products/313840304,1687615100.45945,"['£2.00', '£0.57/100g']",2.0,£0.57/100g
6499,Attack A Snak Ham & Cheese Wrap Kit 86G,https://www.tesco.com/groceries/en-GB/products/313945296,1687615100.569661,"['£1.50', '£17.44/kg']",1.5,£17.44/kg
6500,Attack A Snak Chicken & Cheese Wrap Kit 86G,https://www.tesco.com/groceries/en-GB/products/313610404,1687615100.714972,"['£1.50', '£17.44/kg']",1.5,£17.44/kg
6501,Attack A Snak Pepperoni & Cheese Wrap Kit 83G,https://www.tesco.com/groceries/en-GB/products/313861607,1687615100.783019,"['£1.50', '£18.07/kg']",1.5,£18.07/kg
6502,Celebrations Chocolates 300G,https://www.tesco.com/groceries/en-GB/products/313521210,1687615100.850465,"['£4.00', '£1.33/100g']",4.0,£1.33/100g
6503,Cadbury Dairy Milk Freddo 5 Pack 90G,https://www.tesco.com/groceries/en-GB/products/305529064,1687615100.939216,"['£1.25', '£1.39/100g']",1.25,£1.39/100g
6504,Milkybar Gold Chocolate Sharing Bar 85G,https://www.tesco.com/groceries/en-GB/products/313378454,1687615101.006162,"['£1.25', '£1.47/100g']",1.25,£1.47/100g
6505,Cadbury Dairy Milk Salted Caramel Chocolate Bar 120G,https://www.tesco.com/groceries/en-GB/products/313523847,1687615101.0816488,"['£1.35', '£1.12/100g']",1.35,£1.12/100g
6506,Rowntree's Gummy Bears Sharing Bag 115G,https://www.tesco.com/groceries/en-GB/products/313605181,1687615101.156571,"['£1.25', '£1.09/100g']",1.25,£1.09/100g
6507,Nerdsd Candy Grape & Strawberry 46.7G,https://www.tesco.com/groceries/en-GB/products/313751527,1687615101.2276568,"['£1.30', '£2.78/100g']",1.3,£2.78/100g
6508,Toffifee 15 Pack 125G,https://www.tesco.com/groceries/en-GB/products/313525246,1687615101.318055,"['£1.80', '£1.44/100g']",1.8,£1.44/100g
6509,Mikado Milk 75G,https://www.tesco.com/groceries/en-GB/products/264396691,1687615101.441053,"['£1.25', '£1.67/100g']",1.25,£1.67/100g
6510,Nerds Candy Watermelon & Cherry 46.7G,https://www.tesco.com/groceries/en-GB/products/313854150,1687615101.5152051,"['£1.30', '£2.78/100g']",1.3,£2.78/100g
6511,Fulfil Chocolate Hazelnut Whip Vitamin & Protein Bar 40G,https://www.tesco.com/groceries/en-GB/products/313731606,1687615101.6206799,"['£2.00', '£5.00/100g']",2.0,£5.00/100g
6512,Tic Tac Fruit Adventure 4 Pack 72G,https://www.tesco.com/groceries/en-GB/products/313757806,1687615101.73239,"['£2.00', '£2.78/100g']",2.0,£2.78/100g
6513,Cadbury Dairy Milk Crunchie Chocolate Barsx9 235G,https://www.tesco.com/groceries/en-GB/products/292215328,1687615101.799047,"['£2.50', '£1.06/100g']",2.5,£1.06/100g
6514,Cadbury Twirl Chocolate Bars 10 Pack Multipack 215G,https://www.tesco.com/groceries/en-GB/products/313377417,1687615101.868093,"['£2.50', '£1.16/100g']",2.5,£1.16/100g
6515,Cadbury Dairy Milk 9 Pack 244.8G,https://www.tesco.com/groceries/en-GB/products/309498248,1687615101.936928,"['£2.50', '£1.02/100g']",2.5,£1.02/100g
6516,Plantastic Millionaire Flapjacks Chocolate & Caramel 5 Pack,https://www.tesco.com/groceries/en-GB/products/311279782,1687615102.007712,"['£2.25', '£0.45/each']",2.25,£0.45/each
6517,Cadbury Dairy Milk Flapjack Bites X14,https://www.tesco.com/groceries/en-GB/products/313849047,1687615102.101435,"['£2.30', '£0.16/each']",2.3,£0.16/each
6518,Cadbury Dairy Milk Caramel Flap Jack Bites X14,https://www.tesco.com/groceries/en-GB/products/313523496,1687615102.166781,"['£2.30', '£0.16/each']",2.3,£0.16/each
6521,Tesco Tuna Chunks In Spring Water 145G,https://www.tesco.com/groceries/en-GB/products/303887546,1687615107.875036,"['£0.90', '£0.88/100g DR.WT']",0.9,£0.88/100g DR.WT
6522,Heinz Baked Beans In Tomato Sauce 4X415g,https://www.tesco.com/groceries/en-GB/products/252004443,1687615107.970229,"['£3.99', '£2.40/kg']",3.99,£2.40/kg
6523,Sensations Thai Sweet Chilli 150G,https://www.tesco.com/groceries/en-GB/products/267308049,1687615108.043523,"['£2.25', '£1.50/100g']",2.25,£1.50/100g
6524,Paxo Sage & Onion Stuffing Mix 170G,https://www.tesco.com/groceries/en-GB/products/299667778,1687615108.122514,"['£2.40', '£1.41/100g']",2.4,£1.41/100g
6525,Heinz Baked Beans In Tomato Sauce 415G,https://www.tesco.com/groceries/en-GB/products/252261477,1687615108.197749,"['£1.40', '£3.37/kg']",1.4,£3.37/kg
6526,Branston Beans In Tomato Sauce 410G,https://www.tesco.com/groceries/en-GB/products/275205504,1687615108.2885618,"['£1.00', '£2.44/kg']",1.0,£2.44/kg
6527,After Eight Mint Dark Chocolate Box 300G,https://www.tesco.com/groceries/en-GB/products/252204546,1687615108.356033,"['£3.00', '£1.00/100g']",3.0,£1.00/100g
6528,Doritos Cool Original Tortilla Chips 180G,https://www.tesco.com/groceries/en-GB/products/296049271,1687615108.4274812,"['£2.10', '£1.17/100g']",2.1,£1.17/100g
6529,Batchelors Super Noodles Chicken 90G,https://www.tesco.com/groceries/en-GB/products/303671726,1687615108.518193,"['£0.99', '£11.00/kg']",0.99,£11.00/kg
6530,Green Giant Original Sweet Corn 198G,https://www.tesco.com/groceries/en-GB/products/254875174,1687615108.586085,"['£1.00', '£6.06/kg DR.WT']",1.0,£6.06/kg DR.WT
6531,Tesco Pure Vegetable Oil 1L,https://www.tesco.com/groceries/en-GB/products/254918067,1687615108.676749,"['£1.85', '£0.18/100ml']",1.85,£0.18/100ml
6532,Kp Skips Prawn Cocktail Crisps 6 X 13.1G,https://www.tesco.com/groceries/en-GB/products/295709926,1687615108.757924,"['£1.40', '£1.78/100g']",1.4,£1.78/100g
6533,Tesco Finest Lightly Salted Crisps 150G,https://www.tesco.com/groceries/en-GB/products/252688220,1687615108.8277068,"['£1.35', '£0.90/100g']",1.35,£0.90/100g
6534,Ritz Crackers 200G,https://www.tesco.com/groceries/en-GB/products/254925421,1687615108.8999639,"['£1.25', '£0.62/100g']",1.25,£0.62/100g
6535,Granulated Sugar 1Kg,https://www.tesco.com/groceries/en-GB/products/252528422,1687615108.9735591,"['£1.05', '£1.05/kg']",1.05,£1.05/kg
6536,Ambrosia Custard 400G,https://www.tesco.com/groceries/en-GB/products/271246162,1687615109.047723,"['£1.60', '£0.40/100g']",1.6,£0.40/100g
6537,Heinz Cream Of Tomato Soup 400G,https://www.tesco.com/groceries/en-GB/products/258147391,1687615109.117204,"['£1.70', '£0.42/100g']",1.7,£0.42/100g
6538,Tesco Microwave Long Grain Rice 250G,https://www.tesco.com/groceries/en-GB/products/251679518,1687615109.2188,"['£0.65', '£2.60/kg']",0.65,£2.60/kg
6539,Don Mario Plum Tomatoes 400G,https://www.tesco.com/groceries/en-GB/products/288390545,1687615109.289215,"['£0.60', '£0.15/100g']",0.6,£0.15/100g
6540,Tesco Natural Sweet Sweetcorn In Water 200G,https://www.tesco.com/groceries/en-GB/products/252695430,1687615109.356744,"['£0.65', '£4.06/kg DR.WT']",0.65,£4.06/kg DR.WT
6541,Tesco Italian Chopped Tomatoes 400G Ce,https://www.tesco.com/groceries/en-GB/products/251825089,1687615109.422592,"['£0.55', '£1.38/kg']",0.55,£1.38/kg
6542,Tesco Cream Of Tomato Soup 400G,https://www.tesco.com/groceries/en-GB/products/250412245,1687615109.543844,"['£0.75', '£0.19/100g']",0.75,£0.19/100g
6543,Terry's Chocolate Orange Milk Chocolate Box 157G,https://www.tesco.com/groceries/en-GB/products/293749766,1687615109.612772,"['£1.49', '£0.95/100g']",1.49,£0.95/100g
6544,Tesco Chickpeas In Water 400G,https://www.tesco.com/groceries/en-GB/products/262490576,1687615109.682063,"['£0.59', '£2.46/kg DR.WT']",0.59,£2.46/kg DR.WT
6545,Tesco Original Breadsticks 125G,https://www.tesco.com/groceries/en-GB/products/258083897,1687615109.750719,"['£0.55', '£0.44/100g']",0.55,£0.44/100g
6546,Tesco Microwave Basmati Rice 250G,https://www.tesco.com/groceries/en-GB/products/251680648,1687615109.8201752,"['£0.65', '£2.60/kg']",0.65,£2.60/kg
6547,Tesco Sage & Onion Stuffing Mix 170G,https://www.tesco.com/groceries/en-GB/products/254881356,1687615109.8855429,"['£0.49', '£2.88/kg']",0.49,£2.88/kg
6548,Tesco Cranberry Sauce 200G,https://www.tesco.com/groceries/en-GB/products/289707952,1687615109.955296,"['£0.70', '£0.35/100g']",0.7,£0.35/100g
6549,Tesco Bourbon Creams Biscuits 296G,https://www.tesco.com/groceries/en-GB/products/290329100,1687615110.021399,"['£0.65', '£0.22/100g']",0.65,£0.22/100g
6550,Tesco Milk Chocolate Digestive 300G,https://www.tesco.com/groceries/en-GB/products/254924572,1687615110.091727,"['£0.85', '£0.28/100g']",0.85,£0.28/100g
6551,Tesco Baked Beans In Tomato Sauce 220G,https://www.tesco.com/groceries/en-GB/products/254876305,1687615110.1596658,"['£0.40', '£1.82/kg']",0.4,£1.82/kg
6552,Tesco Baked Beans In Tomato Sauce 420G,https://www.tesco.com/groceries/en-GB/products/258510116,1687615110.232737,"['£0.50', '£1.19/kg']",0.5,£1.19/kg
6553,Tesco Reduced Sugar And Salt Baked Beans In Tomato Sauce 420G,https://www.tesco.com/groceries/en-GB/products/309203408,1687615110.353933,"['£0.50', '£1.19/kg']",0.5,£1.19/kg
6554,Grower's Harvest Chopped Tomatoes 400G,https://www.tesco.com/groceries/en-GB/products/299768716,1687615110.445641,"['£0.35', '£0.88/kg']",0.35,£0.88/kg
6555,Growers Harvest Red Kidney Beans In Water 400G,https://www.tesco.com/groceries/en-GB/products/300808531,1687615110.52351,"['£0.33', '£1.38/kg DR.WT']",0.33,£1.38/kg DR.WT
6556,Growers Harvest Tomato Puree 200G,https://www.tesco.com/groceries/en-GB/products/310093518,1687615110.5912,"['£0.52', '£2.60/kg']",0.52,£2.60/kg
6557,Growers Harvest Unsweetened Soya Drink 1L,https://www.tesco.com/groceries/en-GB/products/300661949,1687615110.659758,"['£0.50', '£0.50/litre']",0.5,£0.50/litre
6558,Tesco Tomato Puree Tube 200G,https://www.tesco.com/groceries/en-GB/products/254879475,1687615110.726914,"['£0.65', '£3.25/kg']",0.65,£3.25/kg
6559,Growers Harvest Tomato Passata 500G,https://www.tesco.com/groceries/en-GB/products/300522845,1687615110.7958348,"['£0.49', '£0.98/kg']",0.49,£0.98/kg
6560,Hearty Food Co. Penne Pasta 500G,https://www.tesco.com/groceries/en-GB/products/297844111,1687615110.864188,"['£0.41', '£0.82/kg']",0.41,£0.82/kg
6561,Stockwell & Co Baked Beans In Tomato Sauce 420G,https://www.tesco.com/groceries/en-GB/products/299669062,1687615110.941426,"['£0.28', '£0.67/kg']",0.28,£0.67/kg
6562,Hearty Food Co. Spaghetti Pasta 500G,https://www.tesco.com/groceries/en-GB/products/297844134,1687615111.0217059,"['£0.28', '£0.56/kg']",0.28,£0.56/kg
6563,Stockwell & Co Tuna Chunks In Brine 145G,https://www.tesco.com/groceries/en-GB/products/300535536,1687615111.091684,"['£0.55', '£0.54/100g DR.WT']",0.55,£0.54/100g DR.WT
6564,Bisto Favourite Gravy Granules 190G,https://www.tesco.com/groceries/en-GB/products/309449428,1687615111.175591,"['£3.00', '£1.58/100g']",3.0,£1.58/100g
6565,Merchant Gourmet Whole Chestnuts 180G,https://www.tesco.com/groceries/en-GB/products/289645831,1687615111.245106,"['£2.65', '£14.72/kg']",2.65,£14.72/kg
6566,Tesco Oat Drink 1 Litre,https://www.tesco.com/groceries/en-GB/products/307745622,1687615111.329172,"['£1.40', '£1.40/litre']",1.4,£1.40/litre
6567,Heinz Top Down Tomato Ketchup 910G,https://www.tesco.com/groceries/en-GB/products/254722768,1687615111.3978,"['£4.25', '£0.47/100g']",4.25,£0.47/100g
6568,Tesco Finest Assorted Cracker For Cheese 250G,https://www.tesco.com/groceries/en-GB/products/257998352,1687615111.4687319,"['£3.90', '£1.56/100g']",3.9,£1.56/100g
6569,Peperami Original 5 Pack 5X22.5G,https://www.tesco.com/groceries/en-GB/products/296526864,1687615118.298243,"['£2.75', '£2.44/100g']",2.75,£2.44/100g
6570,Ambrosia Devon Custard 1Kg,https://www.tesco.com/groceries/en-GB/products/309495067,1687615118.39726,"['£3.00', '£0.30/100g']",3.0,£0.30/100g
6571,Heinz Baked Beans In Tomato Sauce 200G,https://www.tesco.com/groceries/en-GB/products/250993529,1687615118.468916,"['£1.00', '£5.00/kg']",1.0,£5.00/kg
6572,Doritos Tangy Cheese Tortilla Chips 180G,https://www.tesco.com/groceries/en-GB/products/296049236,1687615118.541902,"['£2.10', '£1.17/100g']",2.1,£1.17/100g
6573,Mccoy's Flame Grilled Steak Crisps 6X25g,https://www.tesco.com/groceries/en-GB/products/303485273,1687615118.6465652,"['£2.25', '£1.50/100g']",2.25,£1.50/100g
6574,Doritos Chilli Heatwave Tortilla Chips 180G,https://www.tesco.com/groceries/en-GB/products/296049294,1687615118.722095,"['£2.10', '£1.17/100g']",2.1,£1.17/100g
6575,Colman's Bread Sauce Mix 40G,https://www.tesco.com/groceries/en-GB/products/254881696,1687615118.813303,"['£1.00', '£2.50/100g']",1.0,£2.50/100g
6576,Silver Spoon Granulated Sugar 2Kg,https://www.tesco.com/groceries/en-GB/products/252528508,1687615118.8849611,"['£2.00', '£1.00/kg']",2.0,£1.00/kg
6577,Tesco Lightly Salted Tortilla Chips 200G,https://www.tesco.com/groceries/en-GB/products/250057901,1687615118.989271,"['£1.10', '£0.55/100g']",1.1,£0.55/100g
6578,Tesco Squeezy Honey 340G,https://www.tesco.com/groceries/en-GB/products/274088885,1687615119.068393,"['£1.50', '£0.44/100g']",1.5,£0.44/100g
6579,Walkers Ready Salted Crisps 6X25g,https://www.tesco.com/groceries/en-GB/products/254926800,1687615119.143172,"['£1.95', '£1.30/100g']",1.95,£1.30/100g
6580,Tesco Basmati Rice 1Kg,https://www.tesco.com/groceries/en-GB/products/254877477,1687615119.246749,"['£1.75', '£1.75/kg']",1.75,£1.75/kg
6581,Pringles Sizzl'n Mexican Chilli & Lime Crisps 180G,https://www.tesco.com/groceries/en-GB/products/314589168,1687615119.319886,"['£1.85', '£1.03/100g']",1.85,£1.03/100g
6582,Kit Kat 2 Finger Milk Chocolate Biscuits 9 Pack 186.3G,https://www.tesco.com/groceries/en-GB/products/297556924,1687615119.389889,"['£2.00', '£1.07/100g']",2.0,£1.07/100g
6583,Pom Bear Original Crisps 6 X 13G,https://www.tesco.com/groceries/en-GB/products/302309577,1687615119.458292,"['£1.50', '£1.92/100g']",1.5,£1.92/100g
6584,Burts Devon Roast Beef Potato Chips 150G,https://www.tesco.com/groceries/en-GB/products/309470897,1687615119.53761,"['£1.85', '£1.23/100g']",1.85,£1.23/100g
6585,Tesco Microwave Wholegrain Rice 250G,https://www.tesco.com/groceries/en-GB/products/257004208,1687615119.61022,"['£0.65', '£2.60/kg']",0.65,£2.60/kg
6586,Tesco Drained Tuna Steak In Spring Water 110G,https://www.tesco.com/groceries/en-GB/products/300992005,1687615119.6801338,"['£1.20', '£1.09/100g']",1.2,£1.09/100g
6587,Cadbury Brunch Bar Chocolate Chip 5X32g,https://www.tesco.com/groceries/en-GB/products/309470281,1687615119.7755141,"['£1.15', '£0.72/100g']",1.15,£0.72/100g
6588,Pot Noodle Chicken And Mushroom 90G,https://www.tesco.com/groceries/en-GB/products/260188876,1687615119.842885,"['£1.20', '£13.33/kg']",1.2,£13.33/kg
6589,Cadbury Twirl Chocolate Bars Multipack 4 X 34g,https://www.tesco.com/groceries/en-GB/products/266712758,1687615119.9140449,"['£1.50', '£1.10/100g']",1.5,£1.10/100g
6590,Tesco Malted Milk Biscuits 200G,https://www.tesco.com/groceries/en-GB/products/255220251,1687615119.984132,"['£0.65', '£0.32/100g']",0.65,£0.32/100g
6591,Tesco Rich Tea Biscuit 300G,https://www.tesco.com/groceries/en-GB/products/295229307,1687615120.0568461,"['£0.70', '£0.23/100g']",0.7,£0.23/100g
6592,Tesco Marshmallows 200G,https://www.tesco.com/groceries/en-GB/products/254026955,1687615120.13696,"['£1.10', '£0.55/100g']",1.1,£0.55/100g
6593,Tesco Fusilli Pasta Twists 1Kg,https://www.tesco.com/groceries/en-GB/products/254878499,1687615120.2094662,"['£1.50', '£1.50/kg']",1.5,£1.50/kg
6594,Tesco Bolognese Pasta Sauce Jar 500G,https://www.tesco.com/groceries/en-GB/products/257797970,1687615120.2856052,"['£0.95', '£0.19/100g']",0.95,£0.19/100g
6595,Tesco Red Kidney Beans 400G,https://www.tesco.com/groceries/en-GB/products/259061829,1687615120.355285,"['£0.65', '£2.71/kg DR.WT']",0.65,£2.71/kg DR.WT
6596,Tesco Digestive Biscuits 400G,https://www.tesco.com/groceries/en-GB/products/273331841,1687615120.422424,"['£0.70', '£0.18/100g']",0.7,£0.18/100g
6597,Tesco Marrow Fat Peas 300G,https://www.tesco.com/groceries/en-GB/products/254873660,1687615120.49903,"['£0.45', '£2.50/kg DR.WT']",0.45,£2.50/kg DR.WT
6598,Tesco Italian Plum Peeled Tomatoes 400G,https://www.tesco.com/groceries/en-GB/products/251825037,1687615120.5816588,"['£0.55', '£1.38/kg']",0.55,£1.38/kg
6599,Tesco Spaghetti Rings 410G,https://www.tesco.com/groceries/en-GB/products/289055728,1687615120.6802728,"['£0.60', '£1.46/kg']",0.6,£1.46/kg
6600,Tesco Pilau Rice 250G,https://www.tesco.com/groceries/en-GB/products/282512389,1687615120.7550259,"['£0.65', '£2.60/kg']",0.65,£2.60/kg
6601,Tesco Plain Poppadoms 8 Pack 64G,https://www.tesco.com/groceries/en-GB/products/285583564,1687615120.83235,"['£0.95', '£1.48/100g']",0.95,£1.48/100g
6602,Tesco Plain Flour 1.5Kg,https://www.tesco.com/groceries/en-GB/products/254917828,1687615120.912569,"['£0.80', '£0.53/kg']",0.8,£0.53/kg
6603,Tesco Sieved Tomatoes Passata 500G Ce,https://www.tesco.com/groceries/en-GB/products/254874296,1687615120.993597,"['£0.60', '£1.20/kg']",0.6,£1.20/kg
6604,Tesco Italian Finely Chopped Tomatoes 400G,https://www.tesco.com/groceries/en-GB/products/254757959,1687615121.108543,"['£0.55', '£1.38/kg']",0.55,£1.38/kg
6605,Stockwell & Co Roasted & Salted Cashews 125G,https://www.tesco.com/groceries/en-GB/products/301970829,1687615121.184243,"['£1.00', '£8.00/kg']",1.0,£8.00/kg
6606,Stockwell & Co Lightly Salted Tortilla 200G,https://www.tesco.com/groceries/en-GB/products/300273874,1687615121.259841,"['£0.51', '£0.26/100g']",0.51,£0.26/100g
6607,Ms Molly's Chocolate Digestives Biscuits 300G,https://www.tesco.com/groceries/en-GB/products/299598986,1687615121.33977,"['£0.75', '£0.25/100g']",0.75,£0.25/100g
6608,Tesco Custard Cream Biscuits 400G,https://www.tesco.com/groceries/en-GB/products/254921258,1687615121.4147048,"['£0.65', '£0.16/100g']",0.65,£0.16/100g
6609,Grower's Harvest Plum Tomatoes 400G,https://www.tesco.com/groceries/en-GB/products/300522822,1687615121.545343,"['£0.37', '£0.92/kg']",0.37,£0.92/kg
6610,Hellmann's Real Squeezy Mayonnaise 750Ml,https://www.tesco.com/groceries/en-GB/products/266573311,1687615121.666662,"['£3.90', '£0.52/100ml']",3.9,£0.52/100ml
6611,Silver Spoon Caster Sugar 1Kg,https://www.tesco.com/groceries/en-GB/products/301965329,1687615121.732598,"['£2.25', '£2.25/kg']",2.25,£2.25/kg
6612,Cadbury Hot Chocolate Cocoa Powder 500G,https://www.tesco.com/groceries/en-GB/products/254890316,1687615121.799384,"['£3.70', '£0.74/100g']",3.7,£0.74/100g
6613,Heinz Cream Of Tomato Soup 4 X 400G,https://www.tesco.com/groceries/en-GB/products/258156783,1687615121.865632,"['£3.99', '£0.25/100g']",3.99,£0.25/100g
6614,Kellogg's Crunchy Nut 500G,https://www.tesco.com/groceries/en-GB/products/256267349,1687615121.933088,"['£3.30', '£0.66/100g']",3.3,£0.66/100g
6615,Tesco Tuna Chunks In Brine 145G,https://www.tesco.com/groceries/en-GB/products/303887523,1687615122.033571,"['£0.90', '£0.88/100g DR.WT']",0.9,£0.88/100g DR.WT
6617,Tesco Finest Red Onion Chutney 230G,https://www.tesco.com/groceries/en-GB/products/289013681,1687615127.9017,"['£1.70', '£0.74/100g']",1.7,£0.74/100g
6618,Napolina Chopped Tomatoes 4 X 400G,https://www.tesco.com/groceries/en-GB/products/254299631,1687615127.99783,"['£3.00', '£1.88/kg']",3.0,£1.88/kg
6619,Walkers Quavers Cheese Snacks 6X16g,https://www.tesco.com/groceries/en-GB/products/312218888,1687615128.120713,"['£1.95', '£2.03/100g']",1.95,£2.03/100g
6620,Frisps Assorted Crisps 6X25.5G,https://www.tesco.com/groceries/en-GB/products/300639304,1687615128.197353,"['£1.50', '£0.98/100g']",1.5,£0.98/100g
6621,Tesco Longlife Almond Drink Unsweetened 1Ltr,https://www.tesco.com/groceries/en-GB/products/287531928,1687615128.265096,"['£1.25', '£1.25/litre']",1.25,£1.25/litre
6622,Tesco Finest Sea Salt Chardonnay Vinegar Crisps 150G,https://www.tesco.com/groceries/en-GB/products/309482036,1687615128.333459,"['£1.35', '£0.90/100g']",1.35,£0.90/100g
6623,Tesco Finest Mature Cheddar & Onion Crisps 150G,https://www.tesco.com/groceries/en-GB/products/255160730,1687615128.4309518,"['£1.35', '£0.90/100g']",1.35,£0.90/100g
6624,Ocean Spray Smooth Cranberry Sauce 250G,https://www.tesco.com/groceries/en-GB/products/271266178,1687615128.498231,"['£1.60', '£0.64/100g']",1.6,£0.64/100g
6625,Discos Salt & Vinegar Flavour Crisps 86G,https://www.tesco.com/groceries/en-GB/products/313952771,1687615128.568001,"['£1.25', '£1.45/100g']",1.25,£1.45/100g
6626,Cadbury Fingers Milk Chocolate 114G,https://www.tesco.com/groceries/en-GB/products/284384444,1687615128.647773,"['£1.70', '£1.49/100g']",1.7,£1.49/100g
6627,Seabrook Sea Salted Potato Crisps 6 X 25G,https://www.tesco.com/groceries/en-GB/products/275594819,1687615128.718596,"['£1.35', '£0.90/100g']",1.35,£0.90/100g
6628,Nestle Kit Kat Chunky Milk Chocolate Bars Multipack 4 X 40g,https://www.tesco.com/groceries/en-GB/products/304390383,1687615128.787174,"['£1.50', '£0.94/100g']",1.5,£0.94/100g
6629,Tesco Red Kidney Beans In Chilli 390G,https://www.tesco.com/groceries/en-GB/products/301956693,1687615128.8584461,"['£0.95', '£2.44/kg']",0.95,£2.44/kg
6630,Tesco Sweet & Salted Popcorn 110G,https://www.tesco.com/groceries/en-GB/products/280663792,1687615128.9265869,"['£1.25', '£1.14/100g']",1.25,£1.14/100g
6631,Heinz Cream Of Chicken Soup 400G,https://www.tesco.com/groceries/en-GB/products/258147293,1687615128.994934,"['£1.70', '£0.42/100g']",1.7,£0.42/100g
6632,Pom-Bear Original Potato Snacks 65G,https://www.tesco.com/groceries/en-GB/products/313841954,1687615129.0841558,"['£1.25', '£1.92/100g']",1.25,£1.92/100g
6633,Tesco Finest Honey & Sriracha Flavour Hand Cooked Crisps 150G,https://www.tesco.com/groceries/en-GB/products/312573077,1687615129.155158,"['£1.35', '£0.90/100g']",1.35,£0.90/100g
6634,Heinz Vegetable Soup 400G,https://www.tesco.com/groceries/en-GB/products/258147794,1687615129.228447,"['£1.70', '£0.42/100g']",1.7,£0.42/100g
6635,Tesco Wheat Biscuits Cereal 24 Pack,https://www.tesco.com/groceries/en-GB/products/254852938,1687615129.3167071,"['£1.85', '£0.08/each']",1.85,£0.08/each
6636,Roysters T-Bone Steak Crisps 6X21g,https://www.tesco.com/groceries/en-GB/products/313752126,1687615129.391274,"['£1.50', '£1.19/100g']",1.5,£1.19/100g
6638,Smiths Frazzles Crispy Bacon Flavour Snacks 120G,https://www.tesco.com/groceries/en-GB/products/313504104,1687615129.523008,"['£1.25', '£1.04/100g']",1.25,£1.04/100g
6639,Tunnocks Milk Chocolate Teacakes 6X24g,https://www.tesco.com/groceries/en-GB/products/254923832,1687615129.5907001,"['£1.10', '£0.76/100g']",1.1,£0.76/100g
6640,Smiths Chipsticks Salt & Vinegar 105G,https://www.tesco.com/groceries/en-GB/products/313511274,1687615129.662412,"['£1.25', '£1.19/100g']",1.25,£1.19/100g
6641,Tesco Coconut Milk 400Ml,https://www.tesco.com/groceries/en-GB/products/289660927,1687615129.732161,"['£0.85', '£2.12/litre']",0.85,£2.12/litre
6642,Tesco Vegetable Soup 400G,https://www.tesco.com/groceries/en-GB/products/250412487,1687615129.811313,"['£0.75', '£0.19/100g']",0.75,£0.19/100g
6643,Batchelors Mushy Peas Original 300G,https://www.tesco.com/groceries/en-GB/products/275205412,1687615129.879395,"['£0.55', '£1.83/kg']",0.55,£1.83/kg
6644,Tesco Ginger Nuts 300G,https://www.tesco.com/groceries/en-GB/products/290329082,1687615129.949816,"['£0.65', '£0.22/100g']",0.65,£0.22/100g
6645,Tesco Multigrain Hoops Cereal 375G,https://www.tesco.com/groceries/en-GB/products/256455294,1687615130.017521,"['£1.05', '£0.28/100g']",1.05,£0.28/100g
6646,Grower's Harvest Porridge Oats 1Kg,https://www.tesco.com/groceries/en-GB/products/299669085,1687615130.086825,"['£0.90', '£0.09/100g']",0.9,£0.09/100g
6647,Tesco Mushy Peas 300G,https://www.tesco.com/groceries/en-GB/products/263903641,1687615130.1554408,"['£0.45', '£1.50/kg']",0.45,£1.50/kg
6648,Tesco Cream Of Chicken Soup 400G,https://www.tesco.com/groceries/en-GB/products/250412533,1687615130.221997,"['£0.75', '£0.19/100g']",0.75,£0.19/100g
6649,Tesco Dreamy Caramel Chocolate Bars Multipack 6 X 40g,https://www.tesco.com/groceries/en-GB/products/300876915,1687615130.2907991,"['£1.30', '£0.54/100g']",1.3,£0.54/100g
6650,Ms Molly's Milk Chocolate Bar 100G,https://www.tesco.com/groceries/en-GB/products/300795072,1687615130.363888,"['£0.43', '£0.43/100g']",0.43,£0.43/100g
6651,Tesco Wheat Biscuits Cereal 48Pk,https://www.tesco.com/groceries/en-GB/products/254852950,1687615130.4689531,"['£2.70', '£0.06/each']",2.7,£0.06/each
6652,Tesco Rice Snaps Cereal 375G,https://www.tesco.com/groceries/en-GB/products/285364305,1687615130.536258,"['£0.85', '£0.23/100g']",0.85,£0.23/100g
6653,Stockwell & Co Baked Beans & Pork Sausages 405G,https://www.tesco.com/groceries/en-GB/products/300523965,1687615130.6421828,"['£0.60', '£1.48/kg']",0.6,£1.48/kg
6654,Oxo 12 Beef Stock Cubes 71G,https://www.tesco.com/groceries/en-GB/products/254881051,1687615130.711278,"['£2.40', '£3.38/100g']",2.4,£3.38/100g
6655,Weetabix Cereal 24 Pack,https://www.tesco.com/groceries/en-GB/products/254852996,1687615130.7806349,"['£3.50', '£0.15/each']",3.5,£0.15/each
6656,Carrs Cheese Melts 150G,https://www.tesco.com/groceries/en-GB/products/251969609,1687615130.846891,"['£2.00', '£1.33/100g']",2.0,£1.33/100g
6657,Heinz Top Down Squeezy Tomato Ketchup Sauce 460G,https://www.tesco.com/groceries/en-GB/products/250167878,1687615130.9133272,"['£3.40', '£0.74/100g']",3.4,£0.74/100g
6658,Walkers Ready Salted Crisps 12 X 25G,https://www.tesco.com/groceries/en-GB/products/299913390,1687615131.003569,"['£3.25', '£1.08/100g']",3.25,£1.08/100g
6659,Kellogg's Corn Flakes 720G,https://www.tesco.com/groceries/en-GB/products/303300896,1687615131.083085,"['£3.00', '£0.42/100g']",3.0,£0.42/100g
6660,Tyrells Tomato & Chilli Chutney Flavoured Crisps 150G,https://www.tesco.com/groceries/en-GB/products/313524662,1687615131.1548648,"['£2.30', '£1.53/100g']",2.3,£1.53/100g
6661,Walkers Classic Variety Crisps 12 X 25G,https://www.tesco.com/groceries/en-GB/products/299913418,1687615131.2519639,"['£3.25', '£1.08/100g']",3.25,£1.08/100g
6662,Kellogg's Crunchy Nut Salted Caramel 375G,https://www.tesco.com/groceries/en-GB/products/313000308,1687615131.318733,"['£3.00', '£0.80/100g']",3.0,£0.80/100g
6663,Batchelors Super Noodle Pots Chicken 75G,https://www.tesco.com/groceries/en-GB/products/295870612,1687615131.408267,"['£1.00', '£13.33/kg']",1.0,£13.33/kg
6664,Walkers Max Strong Jalapeno & Cheese Crisps 140G,https://www.tesco.com/groceries/en-GB/products/313852768,1687615131.485594,"['£2.25', '£1.61/100g']",2.25,£1.61/100g
6666,Jacob's Crinklys Salt & Vinegar Snack Biscuits 6 Pack 138G,https://www.tesco.com/groceries/en-GB/products/314117774,1687615136.969491,"['£1.35', '£0.98/100g']",1.35,£0.98/100g
6667,Jacob's Crinklys Cheese & Onion Snacks Biscuits 6 Pack 138G,https://www.tesco.com/groceries/en-GB/products/314314051,1687615137.0407271,"['£1.35', '£0.98/100g']",1.35,£0.98/100g
6668,Tesco High Baked Water Biscuits 200G,https://www.tesco.com/groceries/en-GB/products/254925058,1687615137.110792,"['£1.10', '£0.55/100g']",1.1,£0.55/100g
6669,Popchips Hot & Spicy Flavoured Potato Snacks 85G,https://www.tesco.com/groceries/en-GB/products/313731854,1687615137.184746,"['£2.25', '£2.65/100g']",2.25,£2.65/100g
6670,Walkers Salt & Vinegar Crisps 6X25g,https://www.tesco.com/groceries/en-GB/products/259738992,1687615137.260711,"['£1.95', '£1.30/100g']",1.95,£1.30/100g
6671,Walkers Cheese & Onion Crisps 6X25g,https://www.tesco.com/groceries/en-GB/products/259738773,1687615137.3619032,"['£1.95', '£1.30/100g']",1.95,£1.30/100g
6672,Pringles Smokey Bacon Crisps 185G,https://www.tesco.com/groceries/en-GB/products/314116084,1687615137.4498,"['£2.25', '£1.22/100g']",2.25,£1.22/100g
6673,Popchips Sea Salt & Vinegar Flavour Potato Snacks 5X17g,https://www.tesco.com/groceries/en-GB/products/314121198,1687615137.5412962,"['£2.25', '£2.65/100g']",2.25,£2.65/100g
6674,Tunnocks Milk Chocolate Caramel Wafer 240G,https://www.tesco.com/groceries/en-GB/products/255526609,1687615137.62897,"['£1.65', '£0.69/100g']",1.65,£0.69/100g
6675,Maltesers Milk Chocolate Box 110G,https://www.tesco.com/groceries/en-GB/products/306503489,1687615137.7327821,"['£1.65', '£1.50/100g']",1.65,£1.50/100g
6676,Pringles Prawn Cocktail Crisps 185G,https://www.tesco.com/groceries/en-GB/products/314103773,1687615137.825024,"['£2.25', '£1.22/100g']",2.25,£1.22/100g
6677,Pringles Paprika Crisps 185G,https://www.tesco.com/groceries/en-GB/products/314306867,1687615137.9199412,"['£2.25', '£1.22/100g']",2.25,£1.22/100g
6678,Pringles Cheese & Onion Crisps 185G,https://www.tesco.com/groceries/en-GB/products/314428112,1687615138.018187,"['£2.25', '£1.22/100g']",2.25,£1.22/100g
6679,Pringles Salt & Vinegar Crisps 185G,https://www.tesco.com/groceries/en-GB/products/314111924,1687615138.111549,"['£2.25', '£1.22/100g']",2.25,£1.22/100g
6680,Pringles Texas Bbq Crisps 185G,https://www.tesco.com/groceries/en-GB/products/313836157,1687615138.201025,"['£2.25', '£1.22/100g']",2.25,£1.22/100g
6681,Tesco Baked Beans & Pork Sausages In Tomato Sauce 395G,https://www.tesco.com/groceries/en-GB/products/259051507,1687615138.289939,"['£1.05', '£2.66/kg']",1.05,£2.66/kg
6682,Pringles Sour Cream & Onion Crisps 185G,https://www.tesco.com/groceries/en-GB/products/314602277,1687615138.360138,"['£2.25', '£1.22/100g']",2.25,£1.22/100g
6683,Pringles Original Crisps 185G,https://www.tesco.com/groceries/en-GB/products/313751070,1687615138.449218,"['£2.25', '£1.22/100g']",2.25,£1.22/100g
6684,Tesco Black Beans 400G,https://www.tesco.com/groceries/en-GB/products/297021336,1687615138.542159,"['£0.65', '£2.77/kg DR.WT']",0.65,£2.77/kg DR.WT
6685,Hearty Food Co. Chicken Flavour Instant Noodles 100G,https://www.tesco.com/groceries/en-GB/products/310094903,1687615138.609431,"['£0.35', '£3.50/kg']",0.35,£3.50/kg
6686,Tesco Ready To Serve Custard 400G,https://www.tesco.com/groceries/en-GB/products/271245013,1687615138.715033,"['£0.85', '£0.21/100g']",0.85,£0.21/100g
6687,Tesco Butter Beans 400G,https://www.tesco.com/groceries/en-GB/products/262490708,1687615138.782187,"['£0.65', '£2.77/kg DR.WT']",0.65,£2.77/kg DR.WT
6688,Tesco Garden Peas In Water 290G,https://www.tesco.com/groceries/en-GB/products/256789198,1687615138.8552608,"['£0.50', '£2.86/kg DR.WT']",0.5,£2.86/kg DR.WT
6689,Tesco Self Raising Flour 1.5Kg,https://www.tesco.com/groceries/en-GB/products/254917759,1687615138.927825,"['£0.80', '£0.53/kg']",0.8,£0.53/kg
6690,Stockwell & Co. Plain Flour 1.5Kg,https://www.tesco.com/groceries/en-GB/products/299623681,1687615138.9967492,"['£0.69', '£0.46/kg']",0.69,£0.46/kg
6691,Tesco Cheese Twists 125G,https://www.tesco.com/groceries/en-GB/products/256487388,1687615139.066544,"['£0.75', '£0.60/100g']",0.75,£0.60/100g
6692,Tesco Malt Wheats Cereal 750G,https://www.tesco.com/groceries/en-GB/products/250181131,1687615139.138495,"['£0.95', '£0.13/100g']",0.95,£0.13/100g
6693,Tesco Sardines In Sunflower Oil 120G,https://www.tesco.com/groceries/en-GB/products/258574380,1687615139.2087638,"['£0.47', '£0.56/100g DR.WT']",0.47,£0.56/100g DR.WT
6694,Quality Street Mint Matchmakers 120G,https://www.tesco.com/groceries/en-GB/products/301736838,1687615139.277523,"['£1.25', '£1.04/100g']",1.25,£1.04/100g
6695,Tesco Bramley Apple Sauce 270G,https://www.tesco.com/groceries/en-GB/products/257471969,1687615139.34574,"['£0.70', '£0.26/100g']",0.7,£0.26/100g
6696,Tesco Choco Snaps 375G,https://www.tesco.com/groceries/en-GB/products/305971218,1687615139.41208,"['£0.89', '£0.24/100g']",0.89,£0.24/100g
6698,Tesco Cornflakes Cereal 500G,https://www.tesco.com/groceries/en-GB/products/254842766,1687615139.552568,"['£0.70', '£0.14/100g']",0.7,£0.14/100g
6699,Stockwell & Co. Rice Pudding 400G,https://www.tesco.com/groceries/en-GB/products/300770441,1687615139.624732,"['£0.25', '£0.06/100g']",0.25,£0.06/100g
6700,Tesco Goose Fat 320G,https://www.tesco.com/groceries/en-GB/products/304393443,1687615139.700109,"['£4.30', '£1.34/100g']",4.3,£1.34/100g
6701,Jacobs Biscuits For Cheese 300G,https://www.tesco.com/groceries/en-GB/products/297544472,1687615139.774505,"['£4.00', '£1.33/100g']",4.0,£1.33/100g
6702,Tesco Olive Oil 1L,https://www.tesco.com/groceries/en-GB/products/254918424,1687615139.86983,"['£5.80', '£0.58/100ml']",5.8,£0.58/100ml
6703,Peperami Mini Original 10X10g,https://www.tesco.com/groceries/en-GB/products/250591613,1687615139.9424052,"['£2.75', '£2.75/100g']",2.75,£2.75/100g
6704,Tesco Longlife Soya Drink Sweetened 1Ltr,https://www.tesco.com/groceries/en-GB/products/256438810,1687615140.0195148,"['£1.25', '£1.25/litre']",1.25,£1.25/litre
6705,Colman's Horseradish Sauce 136G,https://www.tesco.com/groceries/en-GB/products/296186804,1687615140.086621,"['£1.70', '£1.25/100g']",1.7,£1.25/100g
6706,Walkers Quavers Cheese 12X16g,https://www.tesco.com/groceries/en-GB/products/261495152,1687615140.1560571,"['£3.25', '£1.69/100g']",3.25,£1.69/100g
6707,Ambrosia Creamed Rice 400G,https://www.tesco.com/groceries/en-GB/products/271241772,1687615140.2237608,"['£1.60', '£0.40/100g']",1.6,£0.40/100g
6708,Old Jamaica Ginger Beer 330Ml,https://www.tesco.com/groceries/en-GB/products/258519168,1687615140.296347,"['£0.60', '£0.18/100ml']",0.6,£0.18/100ml
6709,Tesco Pure Sunflower Oil 1L,https://www.tesco.com/groceries/en-GB/products/254918228,1687615140.370469,"['£2.25', '£0.22/100ml']",2.25,£0.22/100ml
6710,Mccoy's Salt & Malt Vinegar Crisps 6X25g,https://www.tesco.com/groceries/en-GB/products/303485238,1687615140.4399092,"['£2.25', '£1.50/100g']",2.25,£1.50/100g
6711,Walkers Doritos Chilli Heatwave Flavour Crisps 5 X 24G,https://www.tesco.com/groceries/en-GB/products/314412758,1687615140.513406,"['£1.95', '£1.62/100g']",1.95,£1.62/100g
6712,Branston Beans In Tomato Sauce 220G,https://www.tesco.com/groceries/en-GB/products/275205441,1687615140.6043122,"['£0.75', '£3.41/kg']",0.75,£3.41/kg
6713,Heinz Baked Beans & Pork Sausages 415G,https://www.tesco.com/groceries/en-GB/products/252633026,1687615146.169805,"['£2.00', '£4.82/kg']",2.0,£4.82/kg
6714,Discos Assorted Crisps 6X25.5G,https://www.tesco.com/groceries/en-GB/products/300162130,1687615146.269543,"['£1.50', '£0.98/100g']",1.5,£0.98/100g
6715,Jacob's Mini Cheddars Original 6 X 23G,https://www.tesco.com/groceries/en-GB/products/312985128,1687615146.350348,"['£1.75', '£1.27/100g']",1.75,£1.27/100g
6716,Del Monte Peach Slices In Juice 415G,https://www.tesco.com/groceries/en-GB/products/254900030,1687615146.443593,"['£1.20', '£4.80/kg DR.WT']",1.2,£4.80/kg DR.WT
6717,Tesco Prawn Crackers 60G,https://www.tesco.com/groceries/en-GB/products/255553381,1687615146.520563,"['£1.00', '£1.67/100g']",1.0,£1.67/100g
6718,Walkers Quavers Prawn Cocktail Snacks 6X16g,https://www.tesco.com/groceries/en-GB/products/312213087,1687615146.5915022,"['£1.95', '£2.03/100g']",1.95,£2.03/100g
6719,Ben's Original Golden Vegetable Microwave Rice 250G,https://www.tesco.com/groceries/en-GB/products/309174476,1687615146.657778,"['£1.40', '£5.60/kg']",1.4,£5.60/kg
6720,Ocean Spray Whole Berry Cranberry Sauce 250G,https://www.tesco.com/groceries/en-GB/products/271266005,1687615146.726381,"['£1.60', '£0.64/100g']",1.6,£0.64/100g
6721,Tesco Mild Salsa Dip 300G,https://www.tesco.com/groceries/en-GB/products/257572562,1687615146.7934191,"['£1.00', '£0.33/100g']",1.0,£0.33/100g
6722,Walkers Quavers Bbq Sauce Potato Snacks 6 X 16G,https://www.tesco.com/groceries/en-GB/products/313503831,1687615146.859359,"['£1.95', '£2.03/100g']",1.95,£2.03/100g
6723,Pride Coconut Milk 400Ml,https://www.tesco.com/groceries/en-GB/products/261626649,1687615146.930658,"['£1.05', '£2.62/litre']",1.05,£2.62/litre
6724,Walkers Monster Munch Pickled Onion Flavour Crisps 5 X 24G,https://www.tesco.com/groceries/en-GB/products/314582665,1687615147.026192,"['£1.95', '£1.62/100g']",1.95,£1.62/100g
6725,Tesco Cool Tortilla Chips 200G,https://www.tesco.com/groceries/en-GB/products/250057918,1687615147.1190689,"['£1.10', '£0.55/100g']",1.1,£0.55/100g
6726,Batchelors Bigga Marrow Fat Bigga Peas 300G,https://www.tesco.com/groceries/en-GB/products/275205320,1687615147.201916,"['£0.55', '£3.06/kg DR.WT']",0.55,£3.06/kg DR.WT
6728,Cadbury Dairy Milk For Kids 6 Pack 108G,https://www.tesco.com/groceries/en-GB/products/290337849,1687615147.3406951,"['£1.25', '£1.16/100g']",1.25,£1.16/100g
6729,Snack A Jacks Salt & Vinegar Snacks 5 X 19G,https://www.tesco.com/groceries/en-GB/products/313519686,1687615147.408918,"['£1.95', '£2.05/100g']",1.95,£2.05/100g
6730,Tesco Spaghetti Pasta 1Kg,https://www.tesco.com/groceries/en-GB/products/254878424,1687615147.496713,"['£1.50', '£1.50/kg']",1.5,£1.50/kg
6731,Snack A Jacks Sour Cream & Chive Snacks 5 X 19G,https://www.tesco.com/groceries/en-GB/products/313743811,1687615147.562787,"['£1.95', '£2.05/100g']",1.95,£2.05/100g
6732,Snack A Jacks Barbecue Flavour Snacks 5 X 19G,https://www.tesco.com/groceries/en-GB/products/313625329,1687615147.651298,"['£1.95', '£2.05/100g']",1.95,£2.05/100g
6733,Ye Old Oak 8 Hot Dogs 400G,https://www.tesco.com/groceries/en-GB/products/278855328,1687615147.74438,"['£0.99', '£0.54/100g DR.WT']",0.99,£0.54/100g DR.WT
6735,Cadbury Mini Fingers Snack Pack 6X19.3G,https://www.tesco.com/groceries/en-GB/products/304403652,1687615147.87747,"['£0.95', '£0.82/100g']",0.95,£0.82/100g
6736,Cadbury Dairy Milk Caramel Chocolate Bars Multipack 4 X 37g,https://www.tesco.com/groceries/en-GB/products/292215265,1687615147.946889,"['£1.50', '£1.01/100g']",1.5,£1.01/100g
6737,Tesco Oaty Rounds Biscuits 300G,https://www.tesco.com/groceries/en-GB/products/261856250,1687615148.040676,"['£0.65', '£0.22/100g']",0.65,£0.22/100g
6738,Tesco Mint Sauce 185G,https://www.tesco.com/groceries/en-GB/products/256993290,1687615148.1140962,"['£0.70', '£0.38/100g']",0.7,£0.38/100g
6739,Tesco Pineapple Chunks In Juice 425G,https://www.tesco.com/groceries/en-GB/products/308859526,1687615148.1836421,"['£1.00', '£3.85/kg DR.WT']",1.0,£3.85/kg DR.WT
6740,Tesco Rigatoni Pasta 500G,https://www.tesco.com/groceries/en-GB/products/277016811,1687615148.2522671,"['£0.80', '£1.60/kg']",0.8,£1.60/kg
6741,Stockwell & Co. Ready Salted Crisps 6X25g,https://www.tesco.com/groceries/en-GB/products/306663962,1687615148.3198972,"['£0.85', '£0.57/100g']",0.85,£0.57/100g
6742,Barber Cream Crackers 300G,https://www.tesco.com/groceries/en-GB/products/307748059,1687615148.38902,"['£0.65', '£0.22/100g']",0.65,£0.22/100g
6743,Stockwell & Co Honey 340G,https://www.tesco.com/groceries/en-GB/products/300257829,1687615148.455499,"['£0.75', '£0.22/100g']",0.75,£0.22/100g
6744,Silver Spoon Icing Sugar 1Kg,https://www.tesco.com/groceries/en-GB/products/252528831,1687615148.525677,"['£2.30', '£2.30/kg']",2.3,£2.30/kg
6745,Nestle Curiously Cinnamon Cereal 375G,https://www.tesco.com/groceries/en-GB/products/256587304,1687615148.601724,"['£3.50', '£0.93/100g']",3.5,£0.93/100g
6746,Ferrero Rocher 24 Pieces Boxed Chocolates 300G,https://www.tesco.com/groceries/en-GB/products/254897038,1687615148.6910532,"['£9.50', '£3.17/100g']",9.5,£3.17/100g
6747,Tesco Finest Cranberry Sauce 220G,https://www.tesco.com/groceries/en-GB/products/289013456,1687615148.7568781,"['£1.90', '£0.86/100g']",1.9,£0.86/100g
6748,Ambrosia Ready To Eat Devon Custard 4 X 125G,https://www.tesco.com/groceries/en-GB/products/268420645,1687615148.823738,"['£2.95', '£0.59/100g']",2.95,£0.59/100g
6749,Tesco Tuna Chunks In Sunflower Oil 145G,https://www.tesco.com/groceries/en-GB/products/303882199,1687615148.896256,"['£0.90', '£0.88/100g DR.WT']",0.9,£0.88/100g DR.WT
6750,Tyrrells Crisps Lightlyseasalted Crisps 150G,https://www.tesco.com/groceries/en-GB/products/271208882,1687615149.020768,"['£2.50', '£1.67/100g']",2.5,£1.67/100g
6751,Tesco Mincemeat 411G,https://www.tesco.com/groceries/en-GB/products/254915940,1687615149.130764,"['£1.70', '£4.14/kg']",1.7,£4.14/kg
6752,Loyd Grossman Tomato & Basil Pasta Sauce 350G,https://www.tesco.com/groceries/en-GB/products/250742228,1687615149.201157,"['£3.00', '£0.86/100g']",3.0,£0.86/100g
6753,Marmite Yeast Extract 250G,https://www.tesco.com/groceries/en-GB/products/254880991,1687615149.293707,"['£3.25', '£1.30/100g']",3.25,£1.30/100g
6754,Maltesers Gift Box Chocolates 310G,https://www.tesco.com/groceries/en-GB/products/302275689,1687615149.3593569,"['£4.00', '£1.29/100g']",4.0,£1.29/100g
6755,Mccoy's Classic Variety Crisps 6X25g,https://www.tesco.com/groceries/en-GB/products/303485215,1687615149.458604,"['£2.25', '£1.50/100g']",2.25,£1.50/100g
6756,Heinz Ravioli In Tomato Sauce 400G,https://www.tesco.com/groceries/en-GB/products/264771074,1687615149.531005,"['£2.00', '£5.00/kg']",2.0,£5.00/kg
6757,Walkers Squares Salt & Vinegar Snacks 6X22g,https://www.tesco.com/groceries/en-GB/products/264924240,1687615149.6203089,"['£1.95', '£1.48/100g']",1.95,£1.48/100g
6758,Heinz Baked Beans 3X200g,https://www.tesco.com/groceries/en-GB/products/262229847,1687615149.6859121,"['£2.25', '£3.75/kg']",2.25,£3.75/kg
6760,Tesco Easy Cook Long Grain Rice 1Kg,https://www.tesco.com/groceries/en-GB/products/254877356,1687615149.828471,"['£1.60', '£1.60/kg']",1.6,£1.60/kg
6761,Tesco Salt & Pepper Cracker 185G,https://www.tesco.com/groceries/en-GB/products/276885416,1687615155.08365,"['£1.20', '£0.65/100g']",1.2,£0.65/100g
6762,Kellogg's Rice Krispie Squares Marshmallow 4 X 28G,https://www.tesco.com/groceries/en-GB/products/250202649,1687615155.157891,"['£2.00', '£1.79/100g']",2.0,£1.79/100g
6763,Hartleys Strawberry Jelly 135G,https://www.tesco.com/groceries/en-GB/products/252472628,1687615155.230578,"['£0.95', '£0.70/100g']",0.95,£0.70/100g
6764,Del Monte Fruit Cocktail In Juice 415G,https://www.tesco.com/groceries/en-GB/products/254901582,1687615155.302527,"['£1.20', '£4.80/kg DR.WT']",1.2,£4.80/kg DR.WT
6765,Tesco Classic 74% Dark Chocolate 100G,https://www.tesco.com/groceries/en-GB/products/300794885,1687615155.3744562,"['£1.15', '£1.15/100g']",1.15,£1.15/100g
6766,Smarties Chocolate Multipack 4 X 34G,https://www.tesco.com/groceries/en-GB/products/308846294,1687615155.4502249,"['£1.50', '£1.10/100g']",1.5,£1.10/100g
6767,Walkers Prawn Cocktail Crisps 6X25g,https://www.tesco.com/groceries/en-GB/products/256644773,1687615155.5265431,"['£1.95', '£1.30/100g']",1.95,£1.30/100g
6768,Tesco Scottish Oats Porridge 1Kg,https://www.tesco.com/groceries/en-GB/products/254853776,1687615155.61719,"['£1.25', '£0.12/100g']",1.25,£0.12/100g
6769,Haribo Starmix 175G,https://www.tesco.com/groceries/en-GB/products/308482395,1687615155.6873732,"['£1.25', '£0.71/100g']",1.25,£0.71/100g
6770,Heinz Cream Of Mushroom Soup 400G,https://www.tesco.com/groceries/en-GB/products/258147333,1687615155.787638,"['£1.70', '£0.42/100g']",1.7,£0.42/100g
6771,Maryland Cookies Chocolate Chip Minis 6 Bags 118.8G,https://www.tesco.com/groceries/en-GB/products/304391537,1687615155.896877,"['£1.25', '£1.05/100g']",1.25,£1.05/100g
6772,Heinz Oxtail Soup 400G,https://www.tesco.com/groceries/en-GB/products/258147523,1687615155.988033,"['£1.70', '£0.42/100g']",1.7,£0.42/100g
6773,Paterson's Shortbread Fingers 300G,https://www.tesco.com/groceries/en-GB/products/311425074,1687615156.0866392,"['£1.25', '£0.42/100g']",1.25,£0.42/100g
6774,Tesco Ready Salted Crisps 6X25g,https://www.tesco.com/groceries/en-GB/products/254926662,1687615156.180067,"['£1.10', '£0.73/100g']",1.1,£0.73/100g
6775,Tesco Fusilli Pasta 500G,https://www.tesco.com/groceries/en-GB/products/254878545,1687615156.252907,"['£0.80', '£1.60/kg']",0.8,£1.60/kg
6776,Tesco Garlic/Coriander Naan 2 Pack 260G,https://www.tesco.com/groceries/en-GB/products/266837858,1687615156.32264,"['£0.80', '£0.31/100g']",0.8,£0.31/100g
6777,Jammie Dodgers Jam 140 G,https://www.tesco.com/groceries/en-GB/products/278003053,1687615156.395148,"['£0.80', '£0.57/100g']",0.8,£0.57/100g
6778,Jammie Dodger Apple & Blackcurrant Biscuits 140G,https://www.tesco.com/groceries/en-GB/products/313956467,1687615156.487006,"['£0.80', '£0.57/100g']",0.8,£0.57/100g
6780,Tesco Sliced Carrots In Water 300G,https://www.tesco.com/groceries/en-GB/products/256228356,1687615156.640511,"['£0.45', '£2.81/kg DR.WT']",0.45,£2.81/kg DR.WT
6781,Tesco White Lasagne Sauce 340G,https://www.tesco.com/groceries/en-GB/products/305054095,1687615156.707245,"['£0.95', '£0.28/100g']",0.95,£0.28/100g
6782,Tesco Crunchy Caramel Chocolate Bars Multipack 5 X 42g,https://www.tesco.com/groceries/en-GB/products/300876973,1687615156.773518,"['£1.30', '£0.62/100g']",1.3,£0.62/100g
6783,Ms Molly's Dark Chocolate Bar 100G,https://www.tesco.com/groceries/en-GB/products/300795095,1687615156.847331,"['£0.43', '£0.43/100g']",0.43,£0.43/100g
6784,Grower's Harvest Sultanas 500G,https://www.tesco.com/groceries/en-GB/products/299772320,1687615156.922414,"['£0.95', '£1.90/kg']",0.95,£1.90/kg
6785,Tesco Reduced Sugar & Salt Baked Beans 220G,https://www.tesco.com/groceries/en-GB/products/309189073,1687615156.9939158,"['£0.40', '£1.82/kg']",0.4,£1.82/kg
6786,Stockwell & Co Roasted & Salted Peanuts 200G,https://www.tesco.com/groceries/en-GB/products/300283810,1687615157.06345,"['£0.54', '£2.70/kg']",0.54,£2.70/kg
6787,Tesco Fruit & Fibre Cereal 750G,https://www.tesco.com/groceries/en-GB/products/254853062,1687615157.133835,"['£1.45', '£0.19/100g']",1.45,£0.19/100g
6788,Lindt Lindor Milk Chocolate Truffles Carton 200G,https://www.tesco.com/groceries/en-GB/products/250265770,1687615157.202585,"['£6.00', '£3.00/100g']",6.0,£3.00/100g
6789,Walkers Classic Variety Multipack Crisps 32X25g,https://www.tesco.com/groceries/en-GB/products/310099103,1687615157.2703412,"['£7.50', '£0.94/100g']",7.5,£0.94/100g
6790,Walkers Quavers Variety Snacks 20X16g,https://www.tesco.com/groceries/en-GB/products/313179767,1687615157.3371751,"['£4.85', '£1.52/100g']",4.85,£1.52/100g
6791,Walkers 99 Calorie Mix Snacks 18 Pack 322.5G,https://www.tesco.com/groceries/en-GB/products/313185707,1687615157.403869,"['£4.65', '£1.44/100g']",4.65,£1.44/100g
6792,Nutella Hazelnut Chocolate Spread 350G,https://www.tesco.com/groceries/en-GB/products/263914432,1687615157.478183,"['£3.20', '£0.91/100g']",3.2,£0.91/100g
6793,Walkers Classic Variety Multipack Crisps 20 X 25G,https://www.tesco.com/groceries/en-GB/products/313860332,1687615157.5457711,"['£4.85', '£0.97/100g']",4.85,£0.97/100g
6794,Walkers Meaty Variety Crisps 20X25g,https://www.tesco.com/groceries/en-GB/products/313855068,1687615157.6139982,"['£4.85', '£0.97/100g']",4.85,£0.97/100g
6796,Colman's Mint Sauce 165G,https://www.tesco.com/groceries/en-GB/products/296186862,1687615157.7485042,"['£1.70', '£1.03/100g']",1.7,£1.03/100g
6797,Sensations Oven Roast Chicken & Thyme 150G,https://www.tesco.com/groceries/en-GB/products/288016201,1687615157.816791,"['£2.50', '£1.67/100g']",2.5,£1.67/100g
6798,Tilda Pure Steamed Basmati Rice Classic 250G,https://www.tesco.com/groceries/en-GB/products/262311847,1687615157.92301,"['£0.95', '£3.80/kg']",0.95,£3.80/kg
6799,Tesco Mango Chutney 230G,https://www.tesco.com/groceries/en-GB/products/263625653,1687615157.99405,"['£1.40', '£0.61/100g']",1.4,£0.61/100g
6800,Doritos Dippers Sour Cream & Onion Corn Chips 230G,https://www.tesco.com/groceries/en-GB/products/313516021,1687615158.065048,"['£2.50', '£1.09/100g']",2.5,£1.09/100g
6801,Mcvitie's Jaffa Cakes Twin Pack 244G,https://www.tesco.com/groceries/en-GB/products/297544852,1687615158.166904,"['£2.00', '£0.82/100g']",2.0,£0.82/100g
6802,Tesco Ready To Serve Custard 1Kg,https://www.tesco.com/groceries/en-GB/products/256525603,1687615158.24591,"['£1.30', '£0.13/100g']",1.3,£0.13/100g
6803,Doritos Dippers Hint Of Salt Corn Chips 230G,https://www.tesco.com/groceries/en-GB/products/313849312,1687615158.31575,"['£2.50', '£1.09/100g']",2.5,£1.09/100g
6804,Tesco Seedless Raisins 500G,https://www.tesco.com/groceries/en-GB/products/254915364,1687615158.409407,"['£1.55', '£3.10/kg']",1.55,£3.10/kg
6805,Doritos Dippers Smoked Paprika Flavoured Corn Chips 230G,https://www.tesco.com/groceries/en-GB/products/313834067,1687615158.4864042,"['£2.50', '£1.09/100g']",2.5,£1.09/100g
6806,Colman's Chilli Con Carne Recipe Mix 50G,https://www.tesco.com/groceries/en-GB/products/254882418,1687615158.590143,"['£1.00', '£2.00/100g']",1.0,£2.00/100g
6807,Kp Hula Hoops Original 6X24g,https://www.tesco.com/groceries/en-GB/products/287040530,1687615158.65794,"['£2.25', '£1.56/100g']",2.25,£1.56/100g
6810,Tesco Sea Salt Crackers 185G,https://www.tesco.com/groceries/en-GB/products/294971903,1687615164.657558,"['£1.20', '£0.65/100g']",1.2,£0.65/100g
6811,Smiths Frazzles Crispy Bacon 6 X 18G,https://www.tesco.com/groceries/en-GB/products/310191157,1687615164.732068,"['£1.49', '£1.38/100g']",1.49,£1.38/100g
6812,Space Raiders Pickled Onion Flavoured Crisp 6X13g,https://www.tesco.com/groceries/en-GB/products/308827569,1687615164.8109078,"['£1.50', '£1.92/100g']",1.5,£1.92/100g
6813,Pot Noodle King Chicken & Mushroom 114G,https://www.tesco.com/groceries/en-GB/products/260135097,1687615164.884789,"['£1.40', '£12.28/kg']",1.4,£12.28/kg
6814,Cadbury Timeout Wafer Biscuits 6 X 20.2G,https://www.tesco.com/groceries/en-GB/products/309484057,1687615164.956331,"['£1.50', '£1.24/100g']",1.5,£1.24/100g
6815,Tesco Pickled Silverskin Onions 440G,https://www.tesco.com/groceries/en-GB/products/256039804,1687615165.028564,"['£0.90', '£0.41/100g DR.WT']",0.9,£0.41/100g DR.WT
6816,Tesco Easy Oats Golden Syrup Flavour 8X36g,https://www.tesco.com/groceries/en-GB/products/312851687,1687615165.102137,"['£1.00', '£0.35/100g']",1.0,£0.35/100g
6817,Tesco Potato Chips 150G,https://www.tesco.com/groceries/en-GB/products/254973150,1687615165.1734731,"['£1.20', '£0.80/100g']",1.2,£0.80/100g
6818,Tesco Tomato Ketchup 890G,https://www.tesco.com/groceries/en-GB/products/305831840,1687615165.2440782,"['£1.35', '£0.15/100g']",1.35,£0.15/100g
6819,Tesco Easy Oats Apple & Blueberry 8X36g,https://www.tesco.com/groceries/en-GB/products/312997157,1687615165.3178508,"['£1.10', '£0.38/100g']",1.1,£0.38/100g
6820,Batchelors Pasta & Sauce Cheese & Broccoli Quick Cook 99G,https://www.tesco.com/groceries/en-GB/products/303671628,1687615165.3855832,"['£1.00', '£10.10/kg']",1.0,£10.10/kg
6821,Tesco Green Lentils In Water 390G,https://www.tesco.com/groceries/en-GB/products/264129006,1687615165.477252,"['£0.65', '£2.77/kg DR.WT']",0.65,£2.77/kg DR.WT
6822,Tesco Jam Sandwich Creams Biscuit 150G,https://www.tesco.com/groceries/en-GB/products/265201408,1687615165.548141,"['£0.65', '£0.43/100g']",0.65,£0.43/100g
6823,Tesco Cannellini Beans 400G,https://www.tesco.com/groceries/en-GB/products/262489348,1687615165.61731,"['£0.65', '£2.64/kg DR.WT']",0.65,£2.64/kg DR.WT
6825,Tesco Twirls Salt & Vinegar Snacks 125G,https://www.tesco.com/groceries/en-GB/products/260085466,1687615165.7668889,"['£1.20', '£0.96/100g']",1.2,£0.96/100g
6826,Tesco Dark Chocolate Bar 200G,https://www.tesco.com/groceries/en-GB/products/300794948,1687615165.8335922,"['£1.20', '£0.60/100g']",1.2,£0.60/100g
6827,Carnation Sweetened Condensed Milk 397G,https://www.tesco.com/groceries/en-GB/products/258050084,1687615165.903893,"['£1.75', '£4.41/kg']",1.75,£4.41/kg
6828,Tesco Clear Honey 454G,https://www.tesco.com/groceries/en-GB/products/254850860,1687615165.971243,"['£1.50', '£0.33/100g']",1.5,£0.33/100g
6829,Tesco Bunny Bites 6X19g,https://www.tesco.com/groceries/en-GB/products/293193570,1687615166.040599,"['£1.15', '£1.01/100g']",1.15,£1.01/100g
6830,Tesco Milk Chocolate Raisins 200G,https://www.tesco.com/groceries/en-GB/products/300792956,1687615166.105877,"['£1.10', '£0.55/100g']",1.1,£0.55/100g
6831,Tesco Sardines In Tomato Sauce 120G,https://www.tesco.com/groceries/en-GB/products/258574345,1687615166.1771379,"['£0.44', '£0.37/100g']",0.44,£0.37/100g
6832,Tesco Tomato Mascarpone Pasta Sauce 500G,https://www.tesco.com/groceries/en-GB/products/277081778,1687615166.246034,"['£0.95', '£0.19/100g']",0.95,£0.19/100g
6833,Weetabix 48Pk,https://www.tesco.com/groceries/en-GB/products/254853004,1687615166.3375201,"['£5.50', '£0.12/each']",5.5,£0.12/each
6834,Quaker Oat So Simple Golden Syrup Porridge 57G,https://www.tesco.com/groceries/en-GB/products/268060840,1687615166.4065468,"['£1.30', '£2.28/100g']",1.3,£2.28/100g
6835,Colman's Original English Mustard 100G,https://www.tesco.com/groceries/en-GB/products/254887027,1687615166.501696,"['£1.70', '£1.70/100g']",1.7,£1.70/100g
6836,Hp Top Down Brown Sauce 450G,https://www.tesco.com/groceries/en-GB/products/261507134,1687615166.573486,"['£3.40', '£0.76/100g']",3.4,£0.76/100g
6837,Hellmann's Real Squeezy Mayonnaise 430Ml,https://www.tesco.com/groceries/en-GB/products/264365273,1687615166.641332,"['£2.65', '£0.62/100ml']",2.65,£0.62/100ml
6838,Walkers Cheese & Onion Crisps 12 X 25G,https://www.tesco.com/groceries/en-GB/products/299913355,1687615166.70974,"['£3.25', '£1.08/100g']",3.25,£1.08/100g
6839,Tuc Cheese Sandwich 150G,https://www.tesco.com/groceries/en-GB/products/254925496,1687615166.775724,"['£1.70', '£1.13/100g']",1.7,£1.13/100g
6840,Heinz Big Soup Chicken & Vegetable 400G,https://www.tesco.com/groceries/en-GB/products/258147016,1687615166.843292,"['£2.00', '£0.50/100g']",2.0,£0.50/100g
6841,Green Giant No Added Salt Sweet Corn 198G,https://www.tesco.com/groceries/en-GB/products/254875329,1687615166.934301,"['£1.00', '£6.06/kg DR.WT']",1.0,£6.06/kg DR.WT
6842,Kit Kat 2 Finger Milk Chocolate 14 Bar Pack 289.8G,https://www.tesco.com/groceries/en-GB/products/307166184,1687615167.025728,"['£2.50', '£0.86/100g']",2.5,£0.86/100g
6843,Walkers Wotsits Cheese Snacks 6X16.5G,https://www.tesco.com/groceries/en-GB/products/254423859,1687615167.099264,"['£1.95', '£1.97/100g']",1.95,£1.97/100g
6844,Magicorn Eazypop Microwave Popcorn Sweet Flavour 85G,https://www.tesco.com/groceries/en-GB/products/305519813,1687615167.167902,"['£0.90', '£1.06/100g']",0.9,£1.06/100g
6845,Tesco Rice Pudding 400G,https://www.tesco.com/groceries/en-GB/products/257407068,1687615167.2347572,"['£0.90', '£0.22/100g']",0.9,£0.22/100g
6846,Walker Monster Munch Pickled Onion Crisp 6X20g,https://www.tesco.com/groceries/en-GB/products/311446627,1687615167.3057358,"['£1.95', '£1.62/100g']",1.95,£1.62/100g
6847,Kellogg's Rice Krispie Squares Chocolate 4X36g,https://www.tesco.com/groceries/en-GB/products/264525476,1687615167.3734221,"['£2.00', '£1.39/100g']",2.0,£1.39/100g
6848,Nik Naks Nice & Spicy Corn Snacks 6X20g,https://www.tesco.com/groceries/en-GB/products/305036998,1687615167.442208,"['£1.50', '£1.25/100g']",1.5,£1.25/100g
6849,Tesco Indian Style Roti,https://www.tesco.com/groceries/en-GB/products/313613349,1687615167.541284,"['£1.10', '£0.55/each']",1.1,£0.55/each
6850,East End Kasuri Methi 100G,https://www.tesco.com/groceries/en-GB/products/261150641,1687615167.612703,"['£1.00', '£0.10/10g']",1.0,£0.10/10g
6851,Haribo Tangfastics 175G,https://www.tesco.com/groceries/en-GB/products/308487211,1687615167.692771,"['£1.25', '£0.71/100g']",1.25,£0.71/100g
6852,Heinz Classic Soup Carrot & Coriander 400G,https://www.tesco.com/groceries/en-GB/products/268699793,1687615167.772311,"['£1.70', '£0.42/100g']",1.7,£0.42/100g
6853,Natco Madras Curry Powder 100g,https://www.tesco.com/groceries/en-GB/products/313950312,1687615167.865406,"['£1.00', '£0.10/10g']",1.0,£0.10/10g
6854,Tesco Fine Cut Orange Marmalade 454G,https://www.tesco.com/groceries/en-GB/products/254850330,1687615167.931798,"['£1.05', '£0.23/100g']",1.05,£0.23/100g
6855,Gia Garlic Puree 90G,https://www.tesco.com/groceries/en-GB/products/253126769,1687615168.0071218,"['£0.90', '£10.00/kg']",0.9,£10.00/kg
6856,Surya Crushed Garlic 400g,https://www.tesco.com/groceries/en-GB/products/314691518,1687615168.0851252,"['£1.00', '£2.50/kg']",1.0,£2.50/kg
6857,Laila Sweet chilli grills 80g,https://www.tesco.com/groceries/en-GB/products/313834750,1687615174.312734,"['£0.80', '£1.00/100g']",0.8,£1.00/100g
6858,Laila Cannelli Beans in Salted Water 400g,https://www.tesco.com/groceries/en-GB/products/314327738,1687615174.396864,"['£0.75', '£3.12/kg DR.WT']",0.75,£3.12/kg DR.WT
6859,Laila Rocecoco Beans 400g,https://www.tesco.com/groceries/en-GB/products/313846269,1687615174.477217,"['£0.75', '£3.12/kg DR.WT']",0.75,£3.12/kg DR.WT
6860,Laila Peri Peri Crispy Potato Grills 80g,https://www.tesco.com/groceries/en-GB/products/314575789,1687615174.55229,"['£0.80', '£1.00/100g']",0.8,£1.00/100g
6862,Green Giant Original Sweet Corn 340G,https://www.tesco.com/groceries/en-GB/products/254875197,1687615174.68753,"['£1.20', '£4.21/kg DR.WT']",1.2,£4.21/kg DR.WT
6863,Tesco Penne Pasta Quills 500G,https://www.tesco.com/groceries/en-GB/products/254878482,1687615174.776066,"['£0.80', '£1.60/kg']",0.8,£1.60/kg
6864,Laila Butter Beans 400g,https://www.tesco.com/groceries/en-GB/products/314313795,1687615174.8439932,"['£0.75', '£1.88/kg']",0.75,£1.88/kg
6865,Tesco Ridge Cut Crisp Meaty Variety 6X30g,https://www.tesco.com/groceries/en-GB/products/300273056,1687615174.923792,"['£1.20', '£0.67/100g']",1.2,£0.67/100g
6866,Niru Rose Sherbet Flavoured Drink 290Ml,https://www.tesco.com/groceries/en-GB/products/306946484,1687615175.0072708,"['£1.30', '£0.45/100ml']",1.3,£0.45/100ml
6867,Tesco Italian Chopped Tomatoes227g,https://www.tesco.com/groceries/en-GB/products/254051665,1687615175.076311,"['£0.50', '£2.20/kg']",0.5,£2.20/kg
6868,Niru Mango Faluda Drink 290Ml,https://www.tesco.com/groceries/en-GB/products/307140001,1687615175.145906,"['£1.30', '£0.45/100ml']",1.3,£0.45/100ml
6869,Ms Molly's White Chocolate Bar 100G,https://www.tesco.com/groceries/en-GB/products/300795187,1687615175.219712,"['£0.43', '£0.43/100g']",0.43,£0.43/100g
6870,Alpro Junior Growing Up Soya Drink 1Ltr,https://www.tesco.com/groceries/en-GB/products/267438511,1687615175.3031528,"['£2.10', '£2.10/litre']",2.1,£2.10/litre
6871,Bisto Chicken Gravy Granules 190G,https://www.tesco.com/groceries/en-GB/products/309481354,1687615175.371486,"['£3.00', '£1.58/100g']",3.0,£1.58/100g
6872,Nestle Shreddies The Original Cereal 630G,https://www.tesco.com/groceries/en-GB/products/312109194,1687615175.437887,"['£3.50', '£0.56/100g']",3.5,£0.56/100g
6873,Bisto Reduced Salt Gravy Granules 190G,https://www.tesco.com/groceries/en-GB/products/309181679,1687615175.505117,"['£3.00', '£1.58/100g']",3.0,£1.58/100g
6874,Tesco Longlife Unsweetened Soya Milk Alternative 1L,https://www.tesco.com/groceries/en-GB/products/295790361,1687615175.573549,"['£1.25', '£1.25/litre']",1.25,£1.25/litre
6875,Cadbury Instant Hot Chocolate Cocoa Powder 400G,https://www.tesco.com/groceries/en-GB/products/254890627,1687615175.644398,"['£3.00', '£0.75/100g']",3.0,£0.75/100g
6876,Hula Hoops Original Crisps Multipack 12X24g,https://www.tesco.com/groceries/en-GB/products/302036939,1687615175.7131069,"['£3.50', '£1.22/100g']",3.5,£1.22/100g
6877,Colman's Bramley Apple Sauce 155G,https://www.tesco.com/groceries/en-GB/products/296186827,1687615175.787124,"['£1.70', '£1.10/100g']",1.7,£1.10/100g
6878,Tyrrells Sea Salted & Cider Vinegar Crisps 150G,https://www.tesco.com/groceries/en-GB/products/271208916,1687615175.85569,"['£2.50', '£1.67/100g']",2.5,£1.67/100g
6879,Loyd Grossman Tomato & Chilli Pasta Sauce 350G,https://www.tesco.com/groceries/en-GB/products/250742263,1687615175.984016,"['£3.00', '£0.86/100g']",3.0,£0.86/100g
6880,Colman's Cheddar Cheese Sauce Mix 40G,https://www.tesco.com/groceries/en-GB/products/254881713,1687615176.073049,"['£1.00', '£2.50/100g']",1.0,£2.50/100g
6881,Maggi 2 Minute Chicken Noodles 75G,https://www.tesco.com/groceries/en-GB/products/300472483,1687615176.143142,"['£0.65', '£8.67/kg']",0.65,£8.67/kg
6882,Walkers Sunbites Sun Ripenedsweet Chilli 6 X 25G,https://www.tesco.com/groceries/en-GB/products/264441321,1687615176.216699,"['£1.95', '£1.30/100g']",1.95,£1.30/100g
6883,Tesco Fajita Seasoning 30G,https://www.tesco.com/groceries/en-GB/products/292761809,1687615176.284414,"['£0.85', '£2.83/100g']",0.85,£2.83/100g
6884,Heinz Spaghetti & Sausages 400G Can,https://www.tesco.com/groceries/en-GB/products/258479395,1687615176.350176,"['£2.00', '£5.00/kg']",2.0,£5.00/kg
6885,Old El Paso Smoky Bbq Fajita Seasoning Mx 35G,https://www.tesco.com/groceries/en-GB/products/251505071,1687615176.440752,"['£1.00', '£2.86/100g']",1.0,£2.86/100g
6886,Tesco Pitted Black Olives 330G,https://www.tesco.com/groceries/en-GB/products/253375738,1687615176.508501,"['£1.10', '£0.68/100g DR.WT']",1.1,£0.68/100g DR.WT
6887,Tesco Dry Roasted Peanuts 200G,https://www.tesco.com/groceries/en-GB/products/297508936,1687615176.579919,"['£1.10', '£5.50/kg']",1.1,£5.50/kg
6888,Carr's Premium Plain Flour 1Kg,https://www.tesco.com/groceries/en-GB/products/314096060,1687615176.644405,"['£1.00', '£1.00/kg']",1.0,£1.00/kg
6889,Schwartz Cheddar Cheese Sauce Mix 38G,https://www.tesco.com/groceries/en-GB/products/307147909,1687615176.7147362,"['£0.95', '£2.50/100g']",0.95,£2.50/100g
6890,Pringles Sour Cream & Onion Crisps 165G,https://www.tesco.com/groceries/en-GB/products/308870356,1687615176.8034291,"['£1.95', '£1.18/100g']",1.95,£1.18/100g
6891,Walkers Less Salt Lightly Salted Crisp 6X25g,https://www.tesco.com/groceries/en-GB/products/311264505,1687615176.873046,"['£1.95', '£1.30/100g']",1.95,£1.30/100g
6892,Fox's Mini Party Rings 120G,https://www.tesco.com/groceries/en-GB/products/295065609,1687615176.993811,"['£1.15', '£0.96/100g']",1.15,£0.96/100g
6893,Tesco Cinnamon Instant Oats Cinnamon Pot 55G,https://www.tesco.com/groceries/en-GB/products/292991427,1687615177.060715,"['£0.45', '£0.82/100g']",0.45,£0.82/100g
6894,Heinz Lentil Soup 400G,https://www.tesco.com/groceries/en-GB/products/258147402,1687615177.1282718,"['£1.70', '£0.42/100g']",1.7,£0.42/100g
6895,Fox's Rocky Chocolate 8Pk 168G,https://www.tesco.com/groceries/en-GB/products/295065546,1687615177.217152,"['£1.20', '£0.71/100g']",1.2,£0.71/100g
6896,Kellogg's Nutrigrain Apple 6X37g,https://www.tesco.com/groceries/en-GB/products/267952731,1687615177.284275,"['£2.00', '£0.90/100g']",2.0,£0.90/100g
6897,Tesco Mini Poppadoms 70G,https://www.tesco.com/groceries/en-GB/products/264881976,1687615177.360723,"['£1.20', '£1.71/100g']",1.2,£1.71/100g
6899,Tesco Salt & Vinegar Crisps 6X25g,https://www.tesco.com/groceries/en-GB/products/254926691,1687615177.536978,"['£1.10', '£0.73/100g']",1.1,£0.73/100g
6900,Fox's Party Rings Biscuits 125G,https://www.tesco.com/groceries/en-GB/products/254921644,1687615177.612231,"['£0.75', '£0.60/100g']",0.75,£0.60/100g
6901,Sarsons Malt Vinegar 250Ml,https://www.tesco.com/groceries/en-GB/products/255664543,1687615177.705823,"['£0.85', '£0.34/100ml']",0.85,£0.34/100ml
6902,Tesco Variety Crisps 6X25g,https://www.tesco.com/groceries/en-GB/products/254927010,1687615177.7833862,"['£1.10', '£0.73/100g']",1.1,£0.73/100g
6903,Tesco Pillows Chocolate Nut Cereal 375G,https://www.tesco.com/groceries/en-GB/products/275905217,1687615177.885356,"['£1.00', '£0.27/100g']",1.0,£0.27/100g
6904,Tesco Conchiglie Pasta Shell 500G,https://www.tesco.com/groceries/en-GB/products/254878539,1687615178.035199,"['£0.80', '£1.60/kg']",0.8,£1.60/kg
6905,Tesco Mayonnaise 500Ml,https://www.tesco.com/groceries/en-GB/products/309197604,1687615183.774463,"['£1.20', '£0.24/100ml']",1.2,£0.24/100ml
6906,Tesco Whole Wheat Fusilli Pasta 500G,https://www.tesco.com/groceries/en-GB/products/254878614,1687615183.859498,"['£0.80', '£1.60/kg']",0.8,£1.60/kg
6907,Lyons Viscount Mint Chocolate Biscuit 7 Pack 98G,https://www.tesco.com/groceries/en-GB/products/275216658,1687615183.942493,"['£0.60', '£0.61/100g']",0.6,£0.61/100g
6908,Tesco Tagliatelle Pasta 500G,https://www.tesco.com/groceries/en-GB/products/250211356,1687615184.029537,"['£0.80', '£1.60/kg']",0.8,£1.60/kg
6909,Stockwell & Co. Self Raising Flour 1.5Kg,https://www.tesco.com/groceries/en-GB/products/299623646,1687615184.138922,"['£0.69', '£0.46/kg']",0.69,£0.46/kg
6910,Tesco Traditional Pickled Onions 440G,https://www.tesco.com/groceries/en-GB/products/256039194,1687615184.208471,"['£0.95', '£0.42/100g DR.WT']",0.95,£0.42/100g DR.WT
6911,Grower Harvest Long Grain Rice 1Kg,https://www.tesco.com/groceries/en-GB/products/300843799,1687615184.2748082,"['£0.52', '£0.52/kg']",0.52,£0.52/kg
6912,Summer Pride Peach Slices In Light Syrup 411G,https://www.tesco.com/groceries/en-GB/products/310664229,1687615184.34382,"['£0.34', '£1.42/kg DR.WT']",0.34,£1.42/kg DR.WT
6913,Jacob's Mini Cheddars Original 14 Pack 322G,https://www.tesco.com/groceries/en-GB/products/312721447,1687615184.4495418,"['£3.00', '£0.93/100g']",3.0,£0.93/100g
6914,Very Lazy Garlic 200G,https://www.tesco.com/groceries/en-GB/products/257949060,1687615184.518733,"['£1.90', '£0.10/10g']",1.9,£0.10/10g
6915,Tesco Light Soft Brown Sugar 500G,https://www.tesco.com/groceries/en-GB/products/254917483,1687615184.588544,"['£1.55', '£3.10/kg']",1.55,£3.10/kg
6916,Colman's Seafood Sauce 155G,https://www.tesco.com/groceries/en-GB/products/296186840,1687615184.6574552,"['£1.70', '£1.10/100g']",1.7,£1.10/100g
6917,Branston Small Chunk Pickle 720G,https://www.tesco.com/groceries/en-GB/products/256633636,1687615184.730178,"['£2.90', '£0.40/100g']",2.9,£0.40/100g
6918,Wikinger 8 Hot Dogs 550G,https://www.tesco.com/groceries/en-GB/products/303881564,1687615184.7976892,"['£1.85', '£0.51/100g DR.WT']",1.85,£0.51/100g DR.WT
6919,Knorr Chicken Stock Pot 4 X 28G,https://www.tesco.com/groceries/en-GB/products/259338780,1687615184.873611,"['£1.90', '£1.70/100g']",1.9,£1.70/100g
6920,Heinz Beanz No Added Sugar 200G,https://www.tesco.com/groceries/en-GB/products/295444789,1687615184.9442508,"['£1.00', '£5.00/kg']",1.0,£5.00/kg
6921,Walkers Baked Cheese & Onion Crisps 6 X 22G,https://www.tesco.com/groceries/en-GB/products/311943407,1687615185.017867,"['£1.95', '£1.48/100g']",1.95,£1.48/100g
6922,Walkers French Fries Variety Snacks 6X18g,https://www.tesco.com/groceries/en-GB/products/254928412,1687615185.08546,"['£1.95', '£1.81/100g']",1.95,£1.81/100g
6923,Tesco Roasted Salted Peanuts 550G,https://www.tesco.com/groceries/en-GB/products/297512084,1687615185.152669,"['£2.00', '£3.64/kg']",2.0,£3.64/kg
6924,Kettle Lightly Salted Potato Chips 130G,https://www.tesco.com/groceries/en-GB/products/306500758,1687615185.2186592,"['£2.40', '£1.85/100g']",2.4,£1.85/100g
6925,Lotus Biscoff Snack Pack 248G,https://www.tesco.com/groceries/en-GB/products/301088337,1687615185.3075268,"['£1.70', '£0.68/100g']",1.7,£0.68/100g
6926,Foxs Chocolate Chocolate Viennese 120G,https://www.tesco.com/groceries/en-GB/products/286519272,1687615185.406048,"['£1.75', '£1.46/100g']",1.75,£1.46/100g
6927,Colman's Beef Casserole Recipe Mix 40G,https://www.tesco.com/groceries/en-GB/products/254882194,1687615185.503569,"['£1.00', '£2.50/100g']",1.0,£2.50/100g
6928,Tesco Sweet Chilli Coated Peanuts 200G,https://www.tesco.com/groceries/en-GB/products/265879153,1687615185.571775,"['£1.30', '£6.50/kg']",1.3,£6.50/kg
6929,Carnation Evaporated Milk 170G,https://www.tesco.com/groceries/en-GB/products/254902431,1687615185.63934,"['£0.75', '£4.41/kg']",0.75,£4.41/kg
6930,Nissin Demae Ramen Chicken Noodles 100G,https://www.tesco.com/groceries/en-GB/products/276826574,1687615185.706846,"['£0.65', '£6.50/kg']",0.65,£6.50/kg
6931,Tesco Multigrain Cracker 170G,https://www.tesco.com/groceries/en-GB/products/276879764,1687615185.774836,"['£1.20', '£0.71/100g']",1.2,£0.71/100g
6932,Walkers Sensations Thai Sweet Chilli Crisps 5X25g,https://www.tesco.com/groceries/en-GB/products/305827892,1687615185.84029,"['£1.95', '£1.56/100g']",1.95,£1.56/100g
6933,Mcvitie's Iced Gems Biscuits 5X23g,https://www.tesco.com/groceries/en-GB/products/314409193,1687615185.9342232,"['£1.25', '£1.09/100g']",1.25,£1.09/100g
6934,Space Raiders Beef Flavoured Corn Snacks 6X13g,https://www.tesco.com/groceries/en-GB/products/308471258,1687615185.999817,"['£1.50', '£1.92/100g']",1.5,£1.92/100g
6935,Foxs Chocolatey Milk Chocolate Rounds 130G,https://www.tesco.com/groceries/en-GB/products/286541584,1687615186.0673568,"['£1.85', '£1.42/100g']",1.85,£1.42/100g
6936,Bahlsen Pick Up! Chocolate Biscuit Bars Hazelnut 5 X 28G,https://www.tesco.com/groceries/en-GB/products/314101222,1687615186.134134,"['£1.25', '£0.89/100g']",1.25,£0.89/100g
6937,Pringles Original Crisps 165G,https://www.tesco.com/groceries/en-GB/products/308856092,1687615186.200781,"['£1.95', '£1.18/100g']",1.95,£1.18/100g
6938,Cheetos Cheese Puffs Snack 6 X 13G,https://www.tesco.com/groceries/en-GB/products/310170698,1687615186.269658,"['£1.49', '£1.91/100g']",1.49,£1.91/100g
6940,Tesco Sweet & Salted Popcorn 6X14g,https://www.tesco.com/groceries/en-GB/products/297512245,1687615186.407912,"['£1.50', '£1.79/100g']",1.5,£1.79/100g
6941,Pot Noodle Beef And Tomato 90G,https://www.tesco.com/groceries/en-GB/products/260187553,1687615186.54663,"['£1.20', '£13.33/kg']",1.2,£13.33/kg
6942,Fox's Golden Crunch Creams Biscuit 200G,https://www.tesco.com/groceries/en-GB/products/310700320,1687615186.6132748,"['£1.25', '£0.62/100g']",1.25,£0.62/100g
6943,Kellogg's Krave Stix Chocolate Hazelnut Snack 5X20.5G,https://www.tesco.com/groceries/en-GB/products/312850789,1687615186.702989,"['£1.50', '£1.46/100g']",1.5,£1.46/100g
6944,Heinz Chicken Noodle Soup 400G,https://www.tesco.com/groceries/en-GB/products/256639288,1687615186.79478,"['£1.70', '£0.42/100g']",1.7,£0.42/100g
6945,Pot Noodle Original Curry 90G,https://www.tesco.com/groceries/en-GB/products/260187386,1687615186.883787,"['£1.20', '£13.33/kg']",1.2,£13.33/kg
6946,Victoria Bakery Cornflour 250G,https://www.tesco.com/groceries/en-GB/products/313617685,1687615186.963564,"['£1.05', '£4.20/kg']",1.05,£4.20/kg
6947,Tesco Strawberry Jam 454G,https://www.tesco.com/groceries/en-GB/products/254849603,1687615187.032985,"['£1.15', '£0.25/100g']",1.15,£0.25/100g
6948,Tesco Tomato & Basil Sauce For Meatballs 500G,https://www.tesco.com/groceries/en-GB/products/277081824,1687615187.099915,"['£0.95', '£0.19/100g']",0.95,£0.19/100g
6949,Tesco Pear Quarters In Natural Juice 410G,https://www.tesco.com/groceries/en-GB/products/254900600,1687615187.168416,"['£1.00', '£4.44/kg DR.WT']",1.0,£4.44/kg DR.WT
6950,Tesco Rich Tea Finger Biscuits 250G,https://www.tesco.com/groceries/en-GB/products/254922545,1687615187.235187,"['£0.70', '£0.28/100g']",0.7,£0.28/100g
6951,Tesco Drained Tuna Steak In Sunflower Oil 110G,https://www.tesco.com/groceries/en-GB/products/300992028,1687615187.3080268,"['£1.20', '£1.09/100g']",1.2,£1.09/100g
6952,Summer Pride Red Kidney Beans 400G,https://www.tesco.com/groceries/en-GB/products/302170480,1687615187.395827,"['£0.45', '£1.88/kg DR.WT']",0.45,£1.88/kg DR.WT
6953,Tesco Nutty Nougat Caramel Chocolate Bars Multipack 6 X 40g,https://www.tesco.com/groceries/en-GB/products/300876938,1687615193.3354461,"['£1.30', '£0.54/100g']",1.3,£0.54/100g
6954,Tesco Milk Chocolate Peanut 200G,https://www.tesco.com/groceries/en-GB/products/300792887,1687615193.408531,"['£1.10', '£0.55/100g']",1.1,£0.55/100g
6955,Tesco Frosted Flakes Cereal 500G,https://www.tesco.com/groceries/en-GB/products/254852685,1687615193.479467,"['£1.40', '£0.28/100g']",1.4,£0.28/100g
6956,Cadbury Roses 290G,https://www.tesco.com/groceries/en-GB/products/303823260,1687615193.554576,"['£3.00', '£1.03/100g']",3.0,£1.03/100g
6957,Ms Molly's Chocolate Chip Cookies 250G,https://www.tesco.com/groceries/en-GB/products/299599000,1687615193.623608,"['£0.49', '£0.20/100g']",0.49,£0.20/100g
6958,Tesco Dijon Mustard 185G,https://www.tesco.com/groceries/en-GB/products/260691710,1687615193.7008672,"['£0.85', '£0.46/100g']",0.85,£0.46/100g
6959,Maggi 2 Minute Masala Spicy Noodles 70G,https://www.tesco.com/groceries/en-GB/products/283054157,1687615193.771007,"['£0.65', '£9.29/kg']",0.65,£9.29/kg
6960,Mcvities Rich Tea Twin Pack 2 X 300G,https://www.tesco.com/groceries/en-GB/products/255352138,1687615193.837389,"['£3.00', '£0.50/100g']",3.0,£0.50/100g
6961,Dolmio Bolognese Original Pasta Sauce 500G,https://www.tesco.com/groceries/en-GB/products/253538414,1687615193.9032829,"['£2.50', '£0.50/100g']",2.5,£0.50/100g
6962,Paxo Sage & Onion Stuffing Mix 340G,https://www.tesco.com/groceries/en-GB/products/299667790,1687615193.970434,"['£3.50', '£1.03/100g']",3.5,£1.03/100g
6963,Tesco Honey Roast Peanuts & Cashews 200G,https://www.tesco.com/groceries/en-GB/products/304409853,1687615194.039289,"['£2.50', '£12.50/kg']",2.5,£12.50/kg
6965,Tyrrells Crisps Mature Cheddar & Chive 150G,https://www.tesco.com/groceries/en-GB/products/271208951,1687615194.205888,"['£2.50', '£1.67/100g']",2.5,£1.67/100g
6966,Walkers Wotsits Cheese 12X16.5G,https://www.tesco.com/groceries/en-GB/products/261495181,1687615194.299446,"['£3.25', '£1.64/100g']",3.25,£1.64/100g
6967,Tesco Jumbo Roasted Salted Cashew Nuts 150G,https://www.tesco.com/groceries/en-GB/products/297385262,1687615194.373218,"['£2.50', '£16.67/kg']",2.5,£16.67/kg
6968,Carrs Table Water Biscuits 125 G,https://www.tesco.com/groceries/en-GB/products/254925087,1687615194.457039,"['£1.70', '£1.36/100g']",1.7,£1.36/100g
6969,Loyd Grossman Tomato Roasted Garlic Pasta Sauce 350G,https://www.tesco.com/groceries/en-GB/products/253668818,1687615194.531165,"['£3.00', '£0.86/100g']",3.0,£0.86/100g
6970,Tesco Finest Chicken Gravy 350Ml,https://www.tesco.com/groceries/en-GB/products/280517479,1687615194.633058,"['£2.00', '£0.57/100ml']",2.0,£0.57/100ml
6971,Tesco Seafood Sauce 250Ml,https://www.tesco.com/groceries/en-GB/products/305253723,1687615194.705586,"['£1.00', '£0.40/100ml']",1.0,£0.40/100ml
6972,Tesco Fire Pit Cola Ketchup 280Ml,https://www.tesco.com/groceries/en-GB/products/310675314,1687615194.7782981,"['£1.60', '£0.57/100ml']",1.6,£0.57/100ml
6973,Heinz Baked Beans No Added Sugar 415G,https://www.tesco.com/groceries/en-GB/products/295444766,1687615194.845407,"['£1.40', '£3.37/kg']",1.4,£3.37/kg
6974,Walkers French Fries Ready Salted 6X18g,https://www.tesco.com/groceries/en-GB/products/278583995,1687615194.9455209,"['£1.95', '£1.81/100g']",1.95,£1.81/100g
6975,Pataks Tikka Masala Medium Sauce 450G,https://www.tesco.com/groceries/en-GB/products/274748122,1687615195.014386,"['£2.00', '£0.44/100g']",2.0,£0.44/100g
6976,Doritos Chilli Heatwave 5X30g,https://www.tesco.com/groceries/en-GB/products/308489347,1687615195.082355,"['£1.95', '£1.30/100g']",1.95,£1.30/100g
6977,Wheat Crunchies Crispy Bacon 6 X 20G,https://www.tesco.com/groceries/en-GB/products/302302249,1687615195.210083,"['£1.50', '£1.25/100g']",1.5,£1.25/100g
6978,Heinz Spaghetti In Tomato Sauce 400G Can,https://www.tesco.com/groceries/en-GB/products/258306226,1687615195.285742,"['£1.25', '£3.12/kg']",1.25,£3.12/kg
6979,Tesco Finest Lightly Sea Salted Crinkle Cut Crisps 150G,https://www.tesco.com/groceries/en-GB/products/297048777,1687615195.4077592,"['£1.35', '£0.90/100g']",1.35,£0.90/100g
6980,Tesco Red Pesto 190G,https://www.tesco.com/groceries/en-GB/products/266578847,1687615195.474591,"['£1.25', '£0.66/100g']",1.25,£0.66/100g
6981,Propercorn Sweet & Salty Popcorn 6X14g,https://www.tesco.com/groceries/en-GB/products/297511920,1687615195.541298,"['£1.90', '£2.26/100g']",1.9,£2.26/100g
6982,Tesco Salad Cream 450Ml,https://www.tesco.com/groceries/en-GB/products/305431000,1687615195.607682,"['£1.20', '£0.27/100ml']",1.2,£0.27/100ml
6983,Tesco 8 Trifle Sponges 160G,https://www.tesco.com/groceries/en-GB/products/254948630,1687615195.673325,"['£1.10', '£0.69/100g']",1.1,£0.69/100g
6984,Nestle Aero Peppermint Chocolate Bars Multipack 4 X 27g,https://www.tesco.com/groceries/en-GB/products/268592982,1687615195.741009,"['£1.50', '£1.39/100g']",1.5,£1.39/100g
6985,Daddies Tomato Ketchup 400G,https://www.tesco.com/groceries/en-GB/products/262028031,1687615195.814188,"['£1.50', '£0.38/100g']",1.5,£0.38/100g
6986,Heinz Minestrone Soup 400G,https://www.tesco.com/groceries/en-GB/products/258147425,1687615195.8871,"['£1.70', '£0.42/100g']",1.7,£0.42/100g
6987,Heinz Potato & Leek Soup 400G,https://www.tesco.com/groceries/en-GB/products/258147609,1687615195.988899,"['£1.70', '£0.42/100g']",1.7,£0.42/100g
6988,Snack Organisation Sweet Chilli Cracker 100G,https://www.tesco.com/groceries/en-GB/products/287733802,1687615196.2417972,"['£1.00', '£1.00/100g']",1.0,£1.00/100g
6989,Tesco Gravy Granules For Chicken 200G,https://www.tesco.com/groceries/en-GB/products/259557284,1687615196.310611,"['£0.95', '£0.48/100g']",0.95,£0.48/100g
6990,Tesco Short Spaghetti Pasta 500G,https://www.tesco.com/groceries/en-GB/products/254878401,1687615196.377661,"['£0.80', '£1.60/kg']",0.8,£1.60/kg
6992,Tesco Choco Hoops 375G,https://www.tesco.com/groceries/en-GB/products/293046578,1687615196.513431,"['£1.05', '£0.28/100g']",1.05,£0.28/100g
6994,Tesco Tartare Sauce 175G,https://www.tesco.com/groceries/en-GB/products/264876866,1687615196.66658,"['£0.70', '£0.40/100g']",0.7,£0.40/100g
6995,Tesco Peshwari Naan Breads 2 Pack 260G,https://www.tesco.com/groceries/en-GB/products/278104918,1687615196.7350001,"['£0.80', '£0.31/100g']",0.8,£0.31/100g
6996,Tesco Milk Chocolate Bar 200G,https://www.tesco.com/groceries/en-GB/products/300794925,1687615196.8046,"['£1.20', '£0.60/100g']",1.2,£0.60/100g
6997,Tesco Macaroni Pasta 500G,https://www.tesco.com/groceries/en-GB/products/254878637,1687615196.870419,"['£0.80', '£1.60/kg']",0.8,£1.60/kg
6998,Tesco Fusilli Pasta Twists 3Kg,https://www.tesco.com/groceries/en-GB/products/255343007,1687615196.9411771,"['£4.00', '£1.33/kg']",4.0,£1.33/kg
6999,Tesco Sesame Breadsticks 125G,https://www.tesco.com/groceries/en-GB/products/265940149,1687615197.0179121,"['£0.55', '£0.44/100g']",0.55,£0.44/100g
7000,Weetabix Crispy Minis Chocolate Chip Cereal 500G,https://www.tesco.com/groceries/en-GB/products/313861112,1687615197.085988,"['£3.50', '£0.70/100g']",3.5,£0.70/100g
7001,Weetabix Crispy Minis Fruit & Nut Cereal 500G,https://www.tesco.com/groceries/en-GB/products/314095971,1687615202.75708,"['£3.50', '£0.70/100g']",3.5,£0.70/100g
7002,Bisto Gravy Granules 550G,https://www.tesco.com/groceries/en-GB/products/296383640,1687615202.851506,"['£5.80', '£1.06/100g']",5.8,£1.06/100g
7003,Alpro Long Life Oat Drink 1 Litre,https://www.tesco.com/groceries/en-GB/products/280832278,1687615202.9212449,"['£2.10', '£2.10/litre']",2.1,£2.10/litre
7004,Lindt Lindor Assorted Chocolate Truffles 200G,https://www.tesco.com/groceries/en-GB/products/255359133,1687615202.994221,"['£6.00', '£3.00/100g']",6.0,£3.00/100g
7005,Celebrations Box Chocolate Bars 385G,https://www.tesco.com/groceries/en-GB/products/309181283,1687615203.071546,"['£5.00', '£1.30/100g']",5.0,£1.30/100g
7006,Fibre One 90 Calorie Doughnut Banoffee 4X23g,https://www.tesco.com/groceries/en-GB/products/313834675,1687615203.1614652,"['£2.50', '£2.72/100g']",2.5,£2.72/100g
7007,Belvita Soft Bakes Chocolate Chip 250G,https://www.tesco.com/groceries/en-GB/products/289954626,1687615203.2280982,"['£2.50', '£1.00/100g']",2.5,£1.00/100g
7008,Homepride Pasta Bake Creamy Tomato & Herb 485G,https://www.tesco.com/groceries/en-GB/products/301517659,1687615203.293971,"['£2.80', '£0.58/100g']",2.8,£0.58/100g
7009,Mcvitie's Jaffa Cakes Triple Pack 30 Cakes,https://www.tesco.com/groceries/en-GB/products/301516189,1687615203.38923,"['£2.75', '£0.09/each']",2.75,£0.09/each
7010,Kit Kat 2 Finger Milk Chocolate 21 Pack 434.7G,https://www.tesco.com/groceries/en-GB/products/292743872,1687615203.478069,"['£3.00', '£0.69/100g']",3.0,£0.69/100g
7011,Scott's Porridge Oats 1Kg,https://www.tesco.com/groceries/en-GB/products/252329813,1687615203.549216,"['£2.30', '£0.23/100g']",2.3,£0.23/100g
7012,Walker Sensation Thai Sweet Chilli Nuts 150G,https://www.tesco.com/groceries/en-GB/products/282799976,1687615203.6207402,"['£2.50', '£16.67/kg']",2.5,£16.67/kg
7013,Tesco Finest Meringue Nests 8S,https://www.tesco.com/groceries/en-GB/products/260245738,1687615203.690563,"['£1.90', '£0.24/each']",1.9,£0.24/each
7014,Walkers Doritos Tangy Cheese 5X30g,https://www.tesco.com/groceries/en-GB/products/285847633,1687615203.7847612,"['£1.95', '£1.30/100g']",1.95,£1.30/100g
7015,Walkers Baked Variety Crisps 6 X 22G,https://www.tesco.com/groceries/en-GB/products/312106099,1687615203.876866,"['£1.95', '£1.48/100g']",1.95,£1.48/100g
7016,"Kurkure Naughty Tomato Dal, Corn & Rice Snack 100G",https://www.tesco.com/groceries/en-GB/products/309748339,1687615203.955053,"['£1.40', '£1.40/100g']",1.4,£1.40/100g
7017,Batchelors Super Noodles Bbq Beef 90G,https://www.tesco.com/groceries/en-GB/products/303646164,1687615204.0250618,"['£0.99', '£11.00/kg']",0.99,£11.00/kg
7018,Tesco Strong White Bread Flour 1.5Kg,https://www.tesco.com/groceries/en-GB/products/254917932,1687615204.092163,"['£1.30', '£0.87/kg']",1.3,£0.87/kg
7019,Kettle Sea Salt & Balsamic Vinegar Potato Chips 130G,https://www.tesco.com/groceries/en-GB/products/306652664,1687615204.157845,"['£2.40', '£1.85/100g']",2.4,£1.85/100g
7020,Colman's Sausage Casserole Recipe Mix 39G,https://www.tesco.com/groceries/en-GB/products/268392493,1687615204.249738,"['£1.00', '£2.56/100g']",1.0,£2.56/100g
7021,Barny Chocolate Sponge Bears 5 Pack 125G,https://www.tesco.com/groceries/en-GB/products/306665038,1687615204.317624,"['£1.80', '£1.44/100g']",1.8,£1.44/100g
7022,New Tahira Chicken Mortadella With Paprika 200G,https://www.tesco.com/groceries/en-GB/products/254858713,1687615204.44659,"['£1.45', '£0.72/100g']",1.45,£0.72/100g
7023,Laila Mung Beans 500g,https://www.tesco.com/groceries/en-GB/products/314436782,1687615204.512856,"['£1.50', '£3.00/kg']",1.5,£3.00/kg
7024,Fibre One Snack Bars Cookies & Cream Squares 5X24g,https://www.tesco.com/groceries/en-GB/products/313620415,1687615204.58142,"['£2.60', '£2.17/100g']",2.6,£2.17/100g
7025,Fibre One Snack Bars Crispy Chocolate Brownies 5X24g,https://www.tesco.com/groceries/en-GB/products/313504179,1687615204.674603,"['£2.60', '£2.17/100g']",2.6,£2.17/100g
7026,Kellogg's Corn Flakes 500G,https://www.tesco.com/groceries/en-GB/products/309764734,1687615204.7684999,"['£2.25', '£0.45/100g']",2.25,£0.45/100g
7027,Carnation Evaporated Milk 410G-14.5 Oz Can,https://www.tesco.com/groceries/en-GB/products/254902477,1687615204.8388338,"['£1.65', '£4.02/kg']",1.65,£4.02/kg
7028,Heinz Spaghetti Hoops In Tomato Sauce 400G,https://www.tesco.com/groceries/en-GB/products/258400811,1687615204.906803,"['£1.25', '£3.12/kg']",1.25,£3.12/kg
7029,Tesco Rosemary Cracker 185G,https://www.tesco.com/groceries/en-GB/products/297315951,1687615204.99491,"['£1.20', '£0.65/100g']",1.2,£0.65/100g
7030,Nissin Demae Ramen Spicy Noodles 100G,https://www.tesco.com/groceries/en-GB/products/276827043,1687615205.0622551,"['£0.65', '£6.50/kg']",0.65,£6.50/kg
7031,Tesco Cheese Puff Snacks 150G,https://www.tesco.com/groceries/en-GB/products/260085915,1687615205.131551,"['£1.20', '£0.80/100g']",1.2,£0.80/100g
7032,Nature Valley Cereal Bar Oaty & Crispy Cocoa 5X23g,https://www.tesco.com/groceries/en-GB/products/314107262,1687615205.19745,"['£2.50', '£2.17/100g']",2.5,£2.17/100g
7033,Tesco Pitted Green Olives In Brine 340G,https://www.tesco.com/groceries/en-GB/products/258251520,1687615205.264118,"['£1.10', '£0.68/100g DR.WT']",1.1,£0.68/100g DR.WT
7034,Nestle Milkybar White Chocolate Bars Multipack 4 X 25g,https://www.tesco.com/groceries/en-GB/products/272097278,1687615205.331155,"['£1.50', '£1.50/100g']",1.5,£1.50/100g
7035,Tesco Taco Mix Beans & Mexican Sauce 395G,https://www.tesco.com/groceries/en-GB/products/259061910,1687615205.4037938,"['£0.95', '£2.40/kg']",0.95,£2.40/kg
7036,Walkers Variety Crisps 6X25g,https://www.tesco.com/groceries/en-GB/products/254927131,1687615205.4744709,"['£1.95', '£1.30/100g']",1.95,£1.30/100g
7037,Jammie Dodger Minis 6 X 20G,https://www.tesco.com/groceries/en-GB/products/296688337,1687615205.592155,"['£1.25', '£1.04/100g']",1.25,£1.04/100g
7038,Fox's Rocky Caramel 8Pk 168G,https://www.tesco.com/groceries/en-GB/products/295065569,1687615205.741914,"['£1.20', '£0.71/100g']",1.2,£0.71/100g
7039,Maryland Chocolate Chip Cookies 200G,https://www.tesco.com/groceries/en-GB/products/293418761,1687615205.819097,"['£1.50', '£0.75/100g']",1.5,£0.75/100g
7040,Tesco Pasta Quills 1Kg,https://www.tesco.com/groceries/en-GB/products/253167098,1687615205.918785,"['£1.50', '£1.50/kg']",1.5,£1.50/kg
7041,Tesco Wholegrain Mustard 180G,https://www.tesco.com/groceries/en-GB/products/260691779,1687615205.985645,"['£0.85', '£0.47/100g']",0.85,£0.47/100g
7042,Tesco Snappy Milk Chocolate Finger Biscuit 8Pk 172G,https://www.tesco.com/groceries/en-GB/products/254581348,1687615206.0544698,"['£1.10', '£0.64/100g']",1.1,£0.64/100g
7043,Tesco Mackerel Fillets In Brine 125G,https://www.tesco.com/groceries/en-GB/products/258574760,1687615206.1220548,"['£0.90', '£1.02/100g DR.WT']",0.9,£1.02/100g DR.WT
7044,Tesco Prunes In Juice 410G,https://www.tesco.com/groceries/en-GB/products/259062039,1687615206.203286,"['£1.10', '£4.68/kg DR.WT']",1.1,£4.68/kg DR.WT
7045,Tesco Honey Hoops 375G,https://www.tesco.com/groceries/en-GB/products/292975729,1687615206.27037,"['£1.05', '£0.28/100g']",1.05,£0.28/100g
7047,Alpro Soya No Sugars Long Life Drink 1L,https://www.tesco.com/groceries/en-GB/products/253178655,1687615206.409261,"['£2.10', '£2.10/litre']",2.1,£2.10/litre
7048,Nestle Shreddies Coco Cereal 560G,https://www.tesco.com/groceries/en-GB/products/308473694,1687615206.478401,"['£4.00', '£0.71/100g']",4.0,£0.71/100g
7049,Nestle Cheerios Multigrain Cereal 800G,https://www.tesco.com/groceries/en-GB/products/312094007,1687615213.103876,"['£4.35', '£0.54/100g']",4.35,£0.54/100g
7051,Oxo 12 Chicken Stock Cubes 71G,https://www.tesco.com/groceries/en-GB/products/254881114,1687615213.311123,"['£2.40', '£3.38/100g']",2.4,£3.38/100g
7052,Tesco Arborio Risotto Rice 1Kg,https://www.tesco.com/groceries/en-GB/products/278086149,1687615213.406772,"['£3.00', '£3.00/kg']",3.0,£3.00/kg
7053,Heinz Salad Cream 425G,https://www.tesco.com/groceries/en-GB/products/288514602,1687615213.475122,"['£3.40', '£0.80/100g']",3.4,£0.80/100g
7054,Tesco Walnuts 200G,https://www.tesco.com/groceries/en-GB/products/296546961,1687615213.545977,"['£2.75', '£13.75/kg']",2.75,£13.75/kg
7055,Branston Piccalilli 360G,https://www.tesco.com/groceries/en-GB/products/309496256,1687615213.6156101,"['£2.20', '£0.61/100g']",2.2,£0.61/100g
7056,Tesco Smooth Peanut Butter 340G,https://www.tesco.com/groceries/en-GB/products/264769626,1687615213.6940129,"['£1.50', '£0.44/100g']",1.5,£0.44/100g
7057,Mccoy's Cheddar & Onion Crisps 6X25g,https://www.tesco.com/groceries/en-GB/products/303485250,1687615213.765148,"['£2.25', '£1.50/100g']",2.25,£1.50/100g
7058,Hartleys Best Strawberry Seedless Jam 340G,https://www.tesco.com/groceries/en-GB/products/282337775,1687615213.833437,"['£1.95', '£0.57/100g']",1.95,£0.57/100g
7059,Tesco Honey Roasted Cashews 150G,https://www.tesco.com/groceries/en-GB/products/297508873,1687615213.9130828,"['£2.20', '£14.67/kg']",2.2,£14.67/kg
7060,Dr.Oetker Madagascan Vanilla Extract 35Ml,https://www.tesco.com/groceries/en-GB/products/278532342,1687615213.982558,"['£1.45', '£0.41/10ml']",1.45,£0.41/10ml
7061,Heinz Big Soup Beef & Vegetable 400G,https://www.tesco.com/groceries/en-GB/products/258146927,1687615214.056302,"['£2.00', '£0.50/100g']",2.0,£0.50/100g
7062,Tesco Original Mini Breadsticks 100G,https://www.tesco.com/groceries/en-GB/products/251697723,1687615214.148447,"['£1.10', '£1.10/100g']",1.1,£1.10/100g
7063,Tesco Pickled Red Cabbage 340G,https://www.tesco.com/groceries/en-GB/products/275681244,1687615214.216646,"['£1.10', '£0.32/100g DR.WT']",1.1,£0.32/100g DR.WT
7064,Tesco Medium Egg Noodles 250G,https://www.tesco.com/groceries/en-GB/products/272640603,1687615214.2858398,"['£1.15', '£4.60/kg']",1.15,£4.60/kg
7065,Birds Traditional Custard Powder 350G,https://www.tesco.com/groceries/en-GB/products/297558369,1687615214.358751,"['£2.00', '£0.57/100g']",2.0,£0.57/100g
7066,Tesco Salted Popcorn 85G,https://www.tesco.com/groceries/en-GB/products/300161534,1687615214.425604,"['£1.25', '£1.47/100g']",1.25,£1.47/100g
7067,Batchelors Cup A Soup Creamy Potato & Leek 4S 107.4G,https://www.tesco.com/groceries/en-GB/products/256768198,1687615214.4952378,"['£1.50', '£1.40/100g']",1.5,£1.40/100g
7068,Ben's Original Mexican Style Microwave Rice 250G,https://www.tesco.com/groceries/en-GB/products/309188258,1687615214.5628219,"['£1.40', '£5.60/kg']",1.4,£5.60/kg
7069,Mcvities Ginger Nuts 250G,https://www.tesco.com/groceries/en-GB/products/268313899,1687615214.629793,"['£1.50', '£0.60/100g']",1.5,£0.60/100g
7070,Tesco Roasted Salted Peanuts 200G,https://www.tesco.com/groceries/en-GB/products/297511989,1687615214.7477682,"['£1.10', '£5.50/kg']",1.1,£5.50/kg
7071,Nature Valley Cereal Bars Oaty & Crispy Honey 5X23g,https://www.tesco.com/groceries/en-GB/products/313945031,1687615214.82226,"['£2.50', '£2.17/100g']",2.5,£2.17/100g
7072,Tesco Variety Crisps 30X25g,https://www.tesco.com/groceries/en-GB/products/286717417,1687615214.8933928,"['£4.20', '£0.56/100g']",4.2,£0.56/100g
7073,Tesco Strawberry Flavour Laces 75G,https://www.tesco.com/groceries/en-GB/products/257133783,1687615214.96224,"['£0.70', '£0.93/100g']",0.7,£0.93/100g
7074,Tesco Salt & Vinegar Rice Cakes 130G,https://www.tesco.com/groceries/en-GB/products/309175544,1687615215.0314019,"['£1.25', '£0.96/100g']",1.25,£0.96/100g
7075,Tesco Sweet Shop Mint Humbugs 200G,https://www.tesco.com/groceries/en-GB/products/268379158,1687615215.1008,"['£1.10', '£0.55/100g']",1.1,£0.55/100g
7076,Tesco Pineapple Slices In Natural Juice 227G,https://www.tesco.com/groceries/en-GB/products/255605263,1687615215.168457,"['£0.80', '£5.88/kg DR.WT']",0.8,£5.88/kg DR.WT
7077,Napolina Chopped Tomatoes 400G,https://www.tesco.com/groceries/en-GB/products/254874209,1687615215.2415202,"['£1.00', '£2.50/kg']",1.0,£2.50/kg
7078,Fox's Jam Sandwich Cream Biscuit 150G,https://www.tesco.com/groceries/en-GB/products/251576968,1687615215.3075998,"['£0.75', '£0.50/100g']",0.75,£0.50/100g
7079,Tesco Whole Wheat Spaghetti 500G,https://www.tesco.com/groceries/en-GB/products/297484513,1687615215.373885,"['£0.80', '£1.60/kg']",0.8,£1.60/kg
7080,Tesco Meatballs In Tomato Sauce 395G,https://www.tesco.com/groceries/en-GB/products/306661169,1687615215.441783,"['£1.00', '£2.53/kg']",1.0,£2.53/kg
7081,Tesco Tricolore Fusilli Pasta Twists 500G,https://www.tesco.com/groceries/en-GB/products/254878522,1687615215.5462499,"['£0.80', '£1.60/kg']",0.8,£1.60/kg
7082,Tesco Oxtail Soup 400G,https://www.tesco.com/groceries/en-GB/products/250412660,1687615215.6144938,"['£0.75', '£0.19/100g']",0.75,£0.19/100g
7083,Tesco Farfalle Pasta Bows 500G,https://www.tesco.com/groceries/en-GB/products/254878476,1687615215.683991,"['£0.80', '£1.60/kg']",0.8,£1.60/kg
7084,Tesco Lentil And Bacon Soup 400G,https://www.tesco.com/groceries/en-GB/products/285132396,1687615215.789331,"['£0.75', '£0.19/100g']",0.75,£0.19/100g
7085,Tesco Mulligatawny Soup 400G,https://www.tesco.com/groceries/en-GB/products/267153496,1687615215.858876,"['£0.75', '£0.19/100g']",0.75,£0.19/100g
7086,Tesco Cheese Curls 10 Pack 150G,https://www.tesco.com/groceries/en-GB/products/300595003,1687615215.926909,"['£1.35', '£0.90/100g']",1.35,£0.90/100g
7087,Tesco Mackerel Fillets Sunflower Oil 125G,https://www.tesco.com/groceries/en-GB/products/253951621,1687615215.995352,"['£0.90', '£1.02/100g DR.WT']",0.9,£1.02/100g DR.WT
7088,Nestle Shreddies The Original Cereal 1.1Kg,https://www.tesco.com/groceries/en-GB/products/311959191,1687615216.0624151,"['£4.50', '£0.41/100g']",4.5,£0.41/100g
7089,Hellmann's Light Squeezy Mayonnaise 750Ml,https://www.tesco.com/groceries/en-GB/products/266573328,1687615216.1291661,"['£3.90', '£0.52/100ml']",3.9,£0.52/100ml
7090,Tesco Mixed Nuts 200G,https://www.tesco.com/groceries/en-GB/products/266375033,1687615216.200028,"['£2.75', '£13.75/kg']",2.75,£13.75/kg
7091,Heinz Baked Beans In Tomato Sauce 6 X 415G,https://www.tesco.com/groceries/en-GB/products/253034146,1687615216.267776,"['£5.50', '£2.21/kg']",5.5,£2.21/kg
7092,Bisto Best Chicken Gravy 230G,https://www.tesco.com/groceries/en-GB/products/312210021,1687615216.356641,"['£4.00', '£1.74/100g']",4.0,£1.74/100g
7093,Kp Original Salted Peanuts 415G,https://www.tesco.com/groceries/en-GB/products/300201309,1687615216.4234738,"['£4.25', '£10.24/kg']",4.25,£10.24/kg
7094,Blue Diamond Almond Breeze Unsweetened Drink 1L,https://www.tesco.com/groceries/en-GB/products/273706064,1687615216.512526,"['£1.75', '£1.75/litre']",1.75,£1.75/litre
7095,Branston Pickle 720G,https://www.tesco.com/groceries/en-GB/products/256632804,1687615216.600975,"['£2.90', '£0.40/100g']",2.9,£0.40/100g
7096,Colman's Tartare Sauce 144G,https://www.tesco.com/groceries/en-GB/products/296186885,1687615216.667223,"['£1.70', '£1.18/100g']",1.7,£1.18/100g
7097,Knorr Chicken Stock Cubes 8 X 10G,https://www.tesco.com/groceries/en-GB/products/254881241,1687615223.347109,"['£1.90', '£2.38/100g']",1.9,£2.38/100g
7098,Homepride Pasta Bake Creamy Tomato & Bacon 485G,https://www.tesco.com/groceries/en-GB/products/301517672,1687615223.4415848,"['£2.80', '£0.58/100g']",2.8,£0.58/100g
7099,Tesco Sultanas 500G,https://www.tesco.com/groceries/en-GB/products/259169069,1687615223.575274,"['£1.55', '£3.10/kg']",1.55,£3.10/kg
7100,Walkers Baked Sea Salt 6 X 22G,https://www.tesco.com/groceries/en-GB/products/311687736,1687615223.653261,"['£1.95', '£1.48/100g']",1.95,£1.48/100g
7101,Tesco Finest Root Vegetable With Sea Salt Crisps 125G,https://www.tesco.com/groceries/en-GB/products/309488813,1687615223.727832,"['£1.80', '£1.44/100g']",1.8,£1.44/100g
7102,Nature Valley Crunchy Granola Oats & Honey 5X42g,https://www.tesco.com/groceries/en-GB/products/280447962,1687615223.7952158,"['£2.50', '£1.19/100g']",2.5,£1.19/100g
7103,Maggi 2 Minute Curry Flavour Noodles 79G,https://www.tesco.com/groceries/en-GB/products/266026165,1687615223.8854342,"['£0.65', '£8.23/kg']",0.65,£8.23/kg
7104,Tesco Sourdough Pizza Base 2 Pack 220G,https://www.tesco.com/groceries/en-GB/products/300600488,1687615223.955432,"['£1.35', '£0.61/100g']",1.35,£0.61/100g
7105,Tesco Pink & White Marshmallows 100G,https://www.tesco.com/groceries/en-GB/products/278838015,1687615224.022399,"['£1.00', '£1.00/100g']",1.0,£1.00/100g
7106,Tesco Golden Syrup 680G,https://www.tesco.com/groceries/en-GB/products/303668040,1687615224.088982,"['£1.40', '£0.21/100g']",1.4,£0.21/100g
7107,Koka Instant Noodles Curry Flavour 85G,https://www.tesco.com/groceries/en-GB/products/254462378,1687615224.15863,"['£0.55', '£6.47/kg']",0.55,£6.47/kg
7108,Tesco Lemon Juice 500Ml,https://www.tesco.com/groceries/en-GB/products/255547279,1687615224.226828,"['£1.25', '£0.25/100ml']",1.25,£0.25/100ml
7109,Cadbury Dairy Milk Chocolate 180G,https://www.tesco.com/groceries/en-GB/products/311272207,1687615224.296607,"['£2.00', '£1.11/100g']",2.0,£1.11/100g
7111,Pringles Texas Bbq Crisps 165G,https://www.tesco.com/groceries/en-GB/products/310179320,1687615224.443638,"['£1.95', '£1.18/100g']",1.95,£1.18/100g
7112,Tesco Sweet Piccalilli 350G,https://www.tesco.com/groceries/en-GB/products/302903904,1687615224.512191,"['£1.30', '£0.37/100g']",1.3,£0.37/100g
7113,Tesco Garlic Granules 56G,https://www.tesco.com/groceries/en-GB/products/287851797,1687615224.581998,"['£0.90', '£0.16/10g']",0.9,£0.16/10g
7114,Tesco Sweet Popcorn 110G,https://www.tesco.com/groceries/en-GB/products/268497375,1687615224.650433,"['£1.25', '£1.14/100g']",1.25,£1.14/100g
7115,Tesco Sweet Pickled Silverskin Onions 440G,https://www.tesco.com/groceries/en-GB/products/256039770,1687615224.718108,"['£0.90', '£0.41/100g DR.WT']",0.9,£0.41/100g DR.WT
7116,Bahlsen Pick Up! Biscuit 5 Pack 140G,https://www.tesco.com/groceries/en-GB/products/277587802,1687615224.793163,"['£1.25', '£0.89/100g']",1.25,£0.89/100g
7117,Schwartz Mix Chilli Con Carne Casserole 41G,https://www.tesco.com/groceries/en-GB/products/254882706,1687615224.86162,"['£0.95', '£2.32/100g']",0.95,£2.32/100g
7118,Heinz Cream Of Tomato & Basil Soup 400G,https://www.tesco.com/groceries/en-GB/products/260748253,1687615224.950617,"['£1.70', '£0.42/100g']",1.7,£0.42/100g
7119,Heinz Beef Broth Soup 400G,https://www.tesco.com/groceries/en-GB/products/258147581,1687615225.075506,"['£1.70', '£0.42/100g']",1.7,£0.42/100g
7120,Tesco Red Lasagne Sauce 500G,https://www.tesco.com/groceries/en-GB/products/268012570,1687615225.169439,"['£0.95', '£0.19/100g']",0.95,£0.19/100g
7121,Tesco Sponge Fingers 200G,https://www.tesco.com/groceries/en-GB/products/254948751,1687615225.241377,"['£1.25', '£0.62/100g']",1.25,£0.62/100g
7122,Cadbury Dairy Milk 110G,https://www.tesco.com/groceries/en-GB/products/284117451,1687615225.319965,"['£1.35', '£1.23/100g']",1.35,£1.23/100g
7123,Tesco Garlic & Herb Passata 500G,https://www.tesco.com/groceries/en-GB/products/271947225,1687615225.3887072,"['£1.00', '£2.00/kg']",1.0,£2.00/kg
7124,Tesco Milk Cooking Chocolate 150G,https://www.tesco.com/groceries/en-GB/products/258520070,1687615225.456172,"['£1.00', '£0.67/100g']",1.0,£0.67/100g
7125,Tesco Jaffa Cakes Twin Pack 282G,https://www.tesco.com/groceries/en-GB/products/300795325,1687615225.52606,"['£1.35', '£0.48/100g']",1.35,£0.48/100g
7127,Tesco Shortcake Biscuits 200G,https://www.tesco.com/groceries/en-GB/products/254922142,1687615225.6624372,"['£0.65', '£0.32/100g']",0.65,£0.32/100g
7128,Tesco Beef Gravy Granules 200G,https://www.tesco.com/groceries/en-GB/products/259557163,1687615225.733542,"['£0.95', '£0.48/100g']",0.95,£0.48/100g
7129,Tesco Quick Cook Fusilli Pasta 500G,https://www.tesco.com/groceries/en-GB/products/255340108,1687615225.7992609,"['£0.80', '£1.60/kg']",0.8,£1.60/kg
7130,Tesco Free From Fusilli Pasta 500G,https://www.tesco.com/groceries/en-GB/products/256876792,1687615225.866018,"['£1.20', '£2.40/kg']",1.2,£2.40/kg
7131,Galaxy Multipack Chocolate Bars 4 X42g,https://www.tesco.com/groceries/en-GB/products/280036005,1687615225.93252,"['£1.65', '£0.98/100g']",1.65,£0.98/100g
7132,Alpro Original Longlife Soya Drink Alternative 1L,https://www.tesco.com/groceries/en-GB/products/251523947,1687615226.072039,"['£2.10', '£2.10/litre']",2.1,£2.10/litre
7133,Heinz Seriously Good Mayonnaise 775G,https://www.tesco.com/groceries/en-GB/products/292048088,1687615226.138443,"['£4.00', '£0.52/100g']",4.0,£0.52/100g
7134,Kellogg's Crunchy Nut 1Kg,https://www.tesco.com/groceries/en-GB/products/265689717,1687615226.2300422,"['£5.50', '£0.55/100g']",5.5,£0.55/100g
7135,John West Red Salmon 213G,https://www.tesco.com/groceries/en-GB/products/258341356,1687615226.299874,"['£4.00', '£1.88/100g']",4.0,£1.88/100g
7136,Tesco Tomato & Herb Pizza Sauce 200G,https://www.tesco.com/groceries/en-GB/products/282999958,1687615226.374869,"['£1.65', '£0.82/100g']",1.65,£0.82/100g
7137,Knorr Chicken Stock Pot 8'S 224G,https://www.tesco.com/groceries/en-GB/products/273960228,1687615226.446856,"['£2.80', '£1.25/100g']",2.8,£1.25/100g
7138,John West No Drain Tuna Fridge Pot Springwater 110G,https://www.tesco.com/groceries/en-GB/products/301554304,1687615226.5251908,"['£1.35', '£1.23/100g DR.WT']",1.35,£1.23/100g DR.WT
7139,Tesco Scottish Oats Porridge 2Kg,https://www.tesco.com/groceries/en-GB/products/292990837,1687615226.596241,"['£2.45', '£0.12/100g']",2.45,£0.12/100g
7140,Old Jamaica Ginger Beer Light 330Ml,https://www.tesco.com/groceries/en-GB/products/266304683,1687615226.667228,"['£0.60', '£0.18/100ml']",0.6,£0.18/100ml
7141,Tesco Mini Cornichons 340G,https://www.tesco.com/groceries/en-GB/products/280068422,1687615226.735486,"['£1.45', '£0.76/100g DR.WT']",1.45,£0.76/100g DR.WT
7142,Jordans Country Crisp & Strawberry 500G,https://www.tesco.com/groceries/en-GB/products/256784255,1687615226.807932,"['£1.99', '£0.40/100g']",1.99,£0.40/100g
7143,Doritos Mild Salsa Dip 300G,https://www.tesco.com/groceries/en-GB/products/267031030,1687615226.875516,"['£2.50', '£0.83/100g']",2.5,£0.83/100g
7144,Pataks Mild Korma Sauce 450G,https://www.tesco.com/groceries/en-GB/products/274747492,1687615226.9716868,"['£2.00', '£0.44/100g']",2.0,£0.44/100g
7145,Tesco Roasted Salted Cashew Nuts 150G,https://www.tesco.com/groceries/en-GB/products/297385240,1687615232.224216,"['£2.20', '£14.67/kg']",2.2,£14.67/kg
7146,Baxters Baby Beetroot 567G,https://www.tesco.com/groceries/en-GB/products/255055901,1687615232.298402,"['£2.25', '£0.55/100g DR.WT']",2.25,£0.55/100g DR.WT
7147,Walkers Monster Munch Roast Beef 6X20g,https://www.tesco.com/groceries/en-GB/products/311252577,1687615232.3910909,"['£1.95', '£1.62/100g']",1.95,£1.62/100g
7148,Ben's Original Spicy Mexican Microwave Rice 250G,https://www.tesco.com/groceries/en-GB/products/309204809,1687615232.4665432,"['£1.40', '£5.60/kg']",1.4,£5.60/kg
7149,Hartleys Raspberry Jelly 135G,https://www.tesco.com/groceries/en-GB/products/252472438,1687615232.535031,"['£0.95', '£0.70/100g']",0.95,£0.70/100g
7150,Tesco Ready To Serve Custard 500G,https://www.tesco.com/groceries/en-GB/products/309185060,1687615232.6103108,"['£0.85', '£0.17/100g']",0.85,£0.17/100g
7151,Tesco Gravy Granules For Beef 500G,https://www.tesco.com/groceries/en-GB/products/255648459,1687615232.6856792,"['£2.20', '£0.44/100g']",2.2,£0.44/100g
7152,Tesco Smoked Paprika 48G,https://www.tesco.com/groceries/en-GB/products/255770365,1687615232.7562041,"['£0.90', '£0.19/10g']",0.9,£0.19/10g
7153,Princes Corned Beef 340G Can,https://www.tesco.com/groceries/en-GB/products/259200234,1687615232.823898,"['£3.50', '£1.03/100g']",3.5,£1.03/100g
7154,Haribo Maoam Stripes 140G (R),https://www.tesco.com/groceries/en-GB/products/302225952,1687615232.893654,"['£1.25', '£0.89/100g']",1.25,£0.89/100g
7155,Walkers Roast Chicken Crisps 6X25g,https://www.tesco.com/groceries/en-GB/products/250580505,1687615232.9651809,"['£1.95', '£1.30/100g']",1.95,£1.30/100g
7156,Mars Snickers Chocolate Bars Multipack 4 X 41.7g,https://www.tesco.com/groceries/en-GB/products/287853000,1687615233.056353,"['£1.65', '£0.99/100g']",1.65,£0.99/100g
7157,Tesco Macaroni Cheese In Sauce 385G,https://www.tesco.com/groceries/en-GB/products/250372274,1687615233.134669,"['£1.00', '£2.60/kg']",1.0,£2.60/kg
7158,Walkers Bugles Southern Style Bbq 110G,https://www.tesco.com/groceries/en-GB/products/292671743,1687615233.201948,"['£1.49', '£1.36/100g']",1.49,£1.36/100g
7159,Cadbury Dairy Milk Chocolate Bars Multipack 4 X 33.5g,https://www.tesco.com/groceries/en-GB/products/308465865,1687615233.2708359,"['£1.50', '£1.12/100g']",1.5,£1.12/100g
7160,Heinz Chicken & Mushroom Soup 400G,https://www.tesco.com/groceries/en-GB/products/258147143,1687615233.34892,"['£1.70', '£0.42/100g']",1.7,£0.42/100g
7161,Tesco Cous Cous 500G,https://www.tesco.com/groceries/en-GB/products/256532598,1687615233.435534,"['£1.15', '£2.30/kg']",1.15,£2.30/kg
7162,Tesco Tikka Masala Cooking Sauce 500G,https://www.tesco.com/groceries/en-GB/products/252547641,1687615233.5069509,"['£1.20', '£0.24/100g']",1.2,£0.24/100g
7163,Tesco 10 Vegetable Stock Cubes 100G,https://www.tesco.com/groceries/en-GB/products/264545918,1687615233.5733829,"['£0.75', '£0.75/100g']",0.75,£0.75/100g
7164,Kellogg's Coco Pops Cereal Bar 6 X 20G,https://www.tesco.com/groceries/en-GB/products/252861844,1687615233.640736,"['£1.15', '£0.96/100g']",1.15,£0.96/100g
7165,Batchelors Pasta & Sauce Cheese Leek Ham Quick Cook 99G,https://www.tesco.com/groceries/en-GB/products/303671640,1687615233.7096162,"['£1.00', '£10.10/kg']",1.0,£10.10/kg
7166,Walkers Salt & Shake Crisps 6X24g,https://www.tesco.com/groceries/en-GB/products/254926817,1687615233.801478,"['£1.95', '£1.35/100g']",1.95,£1.35/100g
7167,Heinz Baked Beans & Pork Sausages 200G,https://www.tesco.com/groceries/en-GB/products/252632995,1687615233.888582,"['£1.20', '£6.00/kg']",1.2,£6.00/kg
7168,Koka Tom Yum Noodles 85G,https://www.tesco.com/groceries/en-GB/products/261626494,1687615233.9607759,"['£0.55', '£6.47/kg']",0.55,£6.47/kg
7169,Cadbury Fry's Turkish Delight Chocolate Bars Multipack 3 X 51g,https://www.tesco.com/groceries/en-GB/products/287853222,1687615234.032893,"['£1.25', '£0.82/100g']",1.25,£0.82/100g
7170,Tesco Meaty Variety Crisps 6X25g,https://www.tesco.com/groceries/en-GB/products/268396241,1687615234.099839,"['£1.10', '£0.73/100g']",1.1,£0.73/100g
7171,Ayoola Curry Flavour Instant Noodles 70g,https://www.tesco.com/groceries/en-GB/products/314306320,1687615234.2000582,"['£0.45', '£6.43/kg']",0.45,£6.43/kg
7172,Ayoola Chicken Flavour Instant Noodles 70g,https://www.tesco.com/groceries/en-GB/products/314111538,1687615234.271729,"['£0.45', '£6.43/kg']",0.45,£6.43/kg
7173,Mars Bounty Chocolate Bars Multipack 4 X 57g,https://www.tesco.com/groceries/en-GB/products/272431350,1687615234.338819,"['£1.65', '£0.72/100g']",1.65,£0.72/100g
7174,Stockwell & Co. Variety Pack Crisps 6X25g,https://www.tesco.com/groceries/en-GB/products/306653529,1687615234.408533,"['£0.85', '£0.57/100g']",0.85,£0.57/100g
7175,Tesco Malt Vinegar 568Ml,https://www.tesco.com/groceries/en-GB/products/254885093,1687615234.478187,"['£0.29', '£0.05/100ml']",0.29,£0.05/100ml
7176,The Original Oatly Light Oat Drink 1 Litre,https://www.tesco.com/groceries/en-GB/products/314099903,1687615234.5458822,"['£2.00', '£2.00/litre']",2.0,£2.00/litre
7177,Plenish Organic Soya 1Ltr,https://www.tesco.com/groceries/en-GB/products/305205240,1687615234.6121972,"['£2.00', '£2.00/litre']",2.0,£2.00/litre
7178,Tesco Extra Virgin Olive Oil 1Ltr,https://www.tesco.com/groceries/en-GB/products/254516076,1687615234.6831832,"['£5.90', '£0.59/100ml']",5.9,£0.59/100ml
7179,The Original Oatly No Sugars Oat Drink 1L,https://www.tesco.com/groceries/en-GB/products/314309927,1687615234.749589,"['£2.00', '£2.00/litre']",2.0,£2.00/litre
7180,Garners Original Pickled Onions 454G,https://www.tesco.com/groceries/en-GB/products/251776273,1687615234.816015,"['£3.90', '£1.70/100g DR.WT']",3.9,£1.70/100g DR.WT
7181,The Original Oatly Whole Oat Drink 1L,https://www.tesco.com/groceries/en-GB/products/314315257,1687615234.882475,"['£2.00', '£2.00/litre']",2.0,£2.00/litre
7182,Rude Health Brown Rice Drink 1Ltr,https://www.tesco.com/groceries/en-GB/products/288500532,1687615234.949895,"['£2.00', '£2.00/litre']",2.0,£2.00/litre
7183,Galaxy Milk Chocolate 360G,https://www.tesco.com/groceries/en-GB/products/300795348,1687615235.0792131,"['£4.00', '£1.11/100g']",4.0,£1.11/100g
7184,Tesco Finest Medjool Dates 200G,https://www.tesco.com/groceries/en-GB/products/302676947,1687615235.18669,"['£2.50', '£12.50/kg']",2.5,£12.50/kg
7185,Nestle Cheerios Honey Cereal 370G,https://www.tesco.com/groceries/en-GB/products/308485340,1687615235.25347,"['£3.35', '£0.90/100g']",3.35,£0.90/100g
7186,Penn State Salted Pretzels 175G,https://www.tesco.com/groceries/en-GB/products/254168775,1687615235.3503842,"['£1.80', '£1.03/100g']",1.8,£1.03/100g
7187,Homepride Plain Flour 1Kg,https://www.tesco.com/groceries/en-GB/products/255076035,1687615235.4368582,"['£1.65', '£1.65/kg']",1.65,£1.65/kg
7188,Tesco No Added Sugar Swiss Style Muesli 1Kg,https://www.tesco.com/groceries/en-GB/products/265537322,1687615235.5067031,"['£2.40', '£0.24/100g']",2.4,£0.24/100g
7189,The Original Oatly Semi Oat Drink 1 Litre,https://www.tesco.com/groceries/en-GB/products/314325775,1687615235.576417,"['£2.00', '£2.00/litre']",2.0,£2.00/litre
7190,Tesco No Added Sugar Instant Custard Mix 70G,https://www.tesco.com/groceries/en-GB/products/268420518,1687615235.642011,"['£0.60', '£0.86/100g']",0.6,£0.86/100g
7191,Nairns Fine Milled Oatcakes 250G,https://www.tesco.com/groceries/en-GB/products/271768961,1687615235.7249842,"['£1.25', '£0.50/100g']",1.25,£0.50/100g
7192,Quaker Porridge Oats 1Kg,https://www.tesco.com/groceries/en-GB/products/252329675,1687615235.790143,"['£2.30', '£0.23/100g']",2.3,£0.23/100g
7193,Kallo Organic Lightly Salted Wholegrain Rice Cake 130G,https://www.tesco.com/groceries/en-GB/products/251085128,1687615242.0235572,"['£1.50', '£1.15/100g']",1.5,£1.15/100g
7194,Oreo Lunchbox Vanilla 132G,https://www.tesco.com/groceries/en-GB/products/301420722,1687615242.1213162,"['£1.25', '£0.95/100g']",1.25,£0.95/100g
7195,Popchips Bbq Flavour 5X17g,https://www.tesco.com/groceries/en-GB/products/308081823,1687615242.196863,"['£2.25', '£2.65/100g']",2.25,£2.65/100g
7196,Popchips Bbq Popped Potato Chips 85G,https://www.tesco.com/groceries/en-GB/products/275237264,1687615242.2931972,"['£2.25', '£2.65/100g']",2.25,£2.65/100g
7197,Alpro This Is Not M*Lk Semi Oat Drink 1,https://www.tesco.com/groceries/en-GB/products/314299603,1687615242.37132,"['£2.10', '£2.10/litre']",2.1,£2.10/litre
7198,Colman's Chicken Casserole Recipe Mix 40G,https://www.tesco.com/groceries/en-GB/products/254882228,1687615242.461898,"['£1.00', '£2.50/100g']",1.0,£2.50/100g
7200,Koka Instant Noodles Chicken Flavour 85G,https://www.tesco.com/groceries/en-GB/products/254462173,1687615242.5955572,"['£0.55', '£6.47/kg']",0.55,£6.47/kg
7201,Tesco Nacho Cheese Tortilla Chips 200G,https://www.tesco.com/groceries/en-GB/products/250057930,1687615242.6922271,"['£1.10', '£0.55/100g']",1.1,£0.55/100g
7202,Cadbury Bournville Bar 180G,https://www.tesco.com/groceries/en-GB/products/286265409,1687615242.7595258,"['£2.00', '£1.11/100g']",2.0,£1.11/100g
7204,Kit Kat 2 Finger Dark Chocolate Biscuits 9 Pack 186.3G,https://www.tesco.com/groceries/en-GB/products/297556849,1687615242.9018419,"['£2.00', '£1.07/100g']",2.0,£1.07/100g
7205,Ambrosia Low Fat Custard 400G,https://www.tesco.com/groceries/en-GB/products/271246784,1687615242.974611,"['£1.60', '£0.40/100g']",1.6,£0.40/100g
7206,Walkers Less Salt Mild Cheese & Onion Crisps 6 X 25G,https://www.tesco.com/groceries/en-GB/products/311207091,1687615243.048477,"['£1.95', '£1.30/100g']",1.95,£1.30/100g
7207,Cadbury Crunchie Bars 4 Pack 128G,https://www.tesco.com/groceries/en-GB/products/283787361,1687615243.148569,"['£1.50', '£1.17/100g']",1.5,£1.17/100g
7208,Tesco Korma Cooking Sauce 500G,https://www.tesco.com/groceries/en-GB/products/252548070,1687615243.217441,"['£1.20', '£0.24/100g']",1.2,£0.24/100g
7209,Heinz Scotch Broth Soup 400G,https://www.tesco.com/groceries/en-GB/products/258147765,1687615243.2869718,"['£1.70', '£0.42/100g']",1.7,£0.42/100g
7210,Tesco Butter Mintoes 200G,https://www.tesco.com/groceries/en-GB/products/268378378,1687615243.376182,"['£1.10', '£0.55/100g']",1.1,£0.55/100g
7211,Tesco Macaroni Pasta 1Kg,https://www.tesco.com/groceries/en-GB/products/250028337,1687615243.4420679,"['£1.50', '£1.50/kg']",1.5,£1.50/kg
7212,Tesco Cosmic Whip Chocolate Bars Multipack 8 X 22g,https://www.tesco.com/groceries/en-GB/products/300876950,1687615243.509116,"['£1.30', '£0.74/100g']",1.3,£0.74/100g
7213,Tesco Milk Chocolate Butter Biscuits 125G,https://www.tesco.com/groceries/en-GB/products/309167479,1687615243.579674,"['£1.00', '£0.80/100g']",1.0,£0.80/100g
7214,Tesco Plant Chef Sweet Potato & Coconut Soup 400G,https://www.tesco.com/groceries/en-GB/products/305437799,1687615243.646858,"['£0.75', '£0.19/100g']",0.75,£0.19/100g
7215,Tesco Pea And Ham Soup 400G,https://www.tesco.com/groceries/en-GB/products/250411920,1687615243.750866,"['£0.75', '£0.19/100g']",0.75,£0.19/100g
7216,Tesco Whole Wheat Penne Pasta 500G,https://www.tesco.com/groceries/en-GB/products/260526533,1687615243.8183858,"['£0.80', '£1.60/kg']",0.8,£1.60/kg
7217,Tesco Sardines In Brine 120G,https://www.tesco.com/groceries/en-GB/products/258574414,1687615243.8905861,"['£0.44', '£0.52/100g DR.WT']",0.44,£0.52/100g DR.WT
7218,Weetabix 72Pk,https://www.tesco.com/groceries/en-GB/products/259901096,1687615243.9603431,"['£7.50', '£0.10/each']",7.5,£0.10/each
7219,Kellogg's Frosties Cereal 925G,https://www.tesco.com/groceries/en-GB/products/313624549,1687615244.029321,"['£4.50', '£0.49/100g']",4.5,£0.49/100g
7220,Tesco Red Split Lentils 1Kg,https://www.tesco.com/groceries/en-GB/products/262876719,1687615244.096823,"['£2.50', '£2.50/kg']",2.5,£2.50/kg
7221,Heinz Beanz No Added Sugar 4 X 415G,https://www.tesco.com/groceries/en-GB/products/295444806,1687615244.1647449,"['£3.99', '£2.40/kg']",3.99,£2.40/kg
7222,Heinz Tomato Ketchup 50% Less Salt & Sugar 880G,https://www.tesco.com/groceries/en-GB/products/298011813,1687615244.23481,"['£4.25', '£0.48/100g']",4.25,£0.48/100g
7223,Warburtons Gluten Free 4 Super Soft Sliced Square Rolls,https://www.tesco.com/groceries/en-GB/products/308494277,1687615244.302496,"['£2.90', '£0.72/each']",2.9,£0.72/each
7224,Nestle Shredded Wheat Cereal 30 Pack 675G,https://www.tesco.com/groceries/en-GB/products/262972749,1687615244.3706932,"['£3.20', '£0.47/100g']",3.2,£0.47/100g
7225,Sensations Onion & Balsamic Vinegar 150G,https://www.tesco.com/groceries/en-GB/products/267349622,1687615244.439809,"['£2.50', '£1.67/100g']",2.5,£1.67/100g
7226,Penn State Sour Cream & Chive Pretzels 175G,https://www.tesco.com/groceries/en-GB/products/254169215,1687615244.506898,"['£1.80', '£1.03/100g']",1.8,£1.03/100g
7227,Tesco Unsalted Mixed Nuts & Raisins 500G,https://www.tesco.com/groceries/en-GB/products/250218366,1687615244.5877812,"['£2.80', '£5.60/kg']",2.8,£5.60/kg
7228,Graze Sticky Toffee Oat Boosts 4X30g,https://www.tesco.com/groceries/en-GB/products/313941035,1687615244.6576772,"['£2.75', '£2.29/100g']",2.75,£2.29/100g
7229,Graze Cocoa Orange Oat Boost 4 X 30G,https://www.tesco.com/groceries/en-GB/products/314422251,1687615244.731891,"['£2.75', '£2.29/100g']",2.75,£2.29/100g
7230,Peperami Hot 5 Pack 5X22.5G,https://www.tesco.com/groceries/en-GB/products/296526887,1687615244.801627,"['£2.75', '£2.44/100g']",2.75,£2.44/100g
7231,Mccoy's Thai Sweet Chicken Ridge Cut Crisps 6X25g,https://www.tesco.com/groceries/en-GB/products/309760940,1687615244.9220831,"['£2.25', '£1.50/100g']",2.25,£1.50/100g
7232,Mcvities Chocolate Hobnobs 262G,https://www.tesco.com/groceries/en-GB/products/278371514,1687615244.9874198,"['£1.90', '£0.72/100g']",1.9,£0.72/100g
7233,Scottish Monarch Smoked Scottish Salmon 90G,https://www.tesco.com/groceries/en-GB/products/291914234,1687615245.054892,"['£2.40', '£2.67/100g']",2.4,£2.67/100g
7234,Oreo Vanilla 2 X 154G,https://www.tesco.com/groceries/en-GB/products/272616604,1687615245.132739,"['£1.75', '£0.57/100g']",1.75,£0.57/100g
7235,Batchelors Super Noodles Mild Curry 90G,https://www.tesco.com/groceries/en-GB/products/303671749,1687615245.218831,"['£0.99', '£11.00/kg']",0.99,£11.00/kg
7236,Veetee Heat Eat Sticky Rice Pots 2X130g,https://www.tesco.com/groceries/en-GB/products/308492331,1687615245.3041432,"['£1.15', '£4.42/kg']",1.15,£4.42/kg
7237,Hartleys Orange Jelly 135G,https://www.tesco.com/groceries/en-GB/products/252471998,1687615245.381071,"['£0.95', '£0.70/100g']",0.95,£0.70/100g
7238,Tesco Mini Plain Naan 4Pack 188G,https://www.tesco.com/groceries/en-GB/products/300344877,1687615245.456842,"['£1.00', '£0.53/100g']",1.0,£0.53/100g
7239,Tesco Scottish Rough Oatcakes 250G,https://www.tesco.com/groceries/en-GB/products/251373824,1687615245.5292742,"['£1.00', '£0.40/100g']",1.0,£0.40/100g
7240,Rowntrees Jelly Tots Pouch Bag 150G,https://www.tesco.com/groceries/en-GB/products/292086111,1687615245.59923,"['£1.25', '£0.83/100g']",1.25,£0.83/100g
7241,Smiths Chipstick Salt & Vinegar Snack 6 X17g,https://www.tesco.com/groceries/en-GB/products/310185963,1687615250.9999082,"['£1.49', '£1.46/100g']",1.49,£1.46/100g
7242,Nestle Toffee Crisp 4 X 38G,https://www.tesco.com/groceries/en-GB/products/287522559,1687615251.075029,"['£1.50', '£0.99/100g']",1.5,£0.99/100g
7243,Cirio Passata Carton 500G,https://www.tesco.com/groceries/en-GB/products/250833069,1687615251.1437,"['£1.00', '£2.00/kg']",1.0,£2.00/kg
7244,Tesco Soft Apricots 250G,https://www.tesco.com/groceries/en-GB/products/258057537,1687615251.234519,"['£2.00', '£8.00/kg']",2.0,£8.00/kg
7245,Jacobs Hovis Digestives 250G,https://www.tesco.com/groceries/en-GB/products/254922706,1687615251.306319,"['£1.50', '£0.60/100g']",1.5,£0.60/100g
7246,Tesco Meaty Variety Crisps 30X25g,https://www.tesco.com/groceries/en-GB/products/286717509,1687615251.3804219,"['£4.20', '£0.56/100g']",4.2,£0.56/100g
7247,Heinz Baked Beans No Added Sugar 4 Pack 4 X 200G,https://www.tesco.com/groceries/en-GB/products/295444841,1687615251.449101,"['£2.49', '£3.11/kg']",2.49,£3.11/kg
7248,Batchelors Pasta & Sauce Macaroni & Cheese Quick Cook 99G,https://www.tesco.com/groceries/en-GB/products/303671703,1687615251.520077,"['£1.00', '£10.10/kg']",1.0,£10.10/kg
7249,Werther's Original Butter Candies 135G,https://www.tesco.com/groceries/en-GB/products/266403370,1687615251.609507,"['£1.22', '£0.90/100g']",1.22,£0.90/100g
7250,Tesco Sandwich Pickle 295G,https://www.tesco.com/groceries/en-GB/products/305730412,1687615251.67953,"['£1.05', '£0.36/100g']",1.05,£0.36/100g
7251,Skittles Fruits Sweets Pouch 152G,https://www.tesco.com/groceries/en-GB/products/311259685,1687615251.760236,"['£0.99', '£0.65/100g']",0.99,£0.65/100g
7252,Tesco English Mustard 190G,https://www.tesco.com/groceries/en-GB/products/255664065,1687615251.876145,"['£0.85', '£0.45/100g']",0.85,£0.45/100g
7253,Tesco Pineapple Slices In Juice 425G,https://www.tesco.com/groceries/en-GB/products/309204246,1687615251.950895,"['£1.00', '£3.85/kg DR.WT']",1.0,£3.85/kg DR.WT
7254,Tesco Dark Soy Sauce 150Ml,https://www.tesco.com/groceries/en-GB/products/294781206,1687615252.026298,"['£0.65', '£0.43/100ml']",0.65,£0.43/100ml
7255,Maltesers Milk Chocolate Bag 102G,https://www.tesco.com/groceries/en-GB/products/305829106,1687615252.0997682,"['£1.50', '£1.47/100g']",1.5,£1.47/100g
7256,Summer Pride Chopped Tomatoes 400G,https://www.tesco.com/groceries/en-GB/products/300344899,1687615252.1778681,"['£0.60', '£1.50/kg']",0.6,£1.50/kg
7257,Tesco Special Flake Fruit 375G,https://www.tesco.com/groceries/en-GB/products/261084892,1687615252.255339,"['£1.40', '£0.37/100g']",1.4,£0.37/100g
7258,Stockwell & Co Strawberry Jam 454G,https://www.tesco.com/groceries/en-GB/products/299600086,1687615252.323025,"['£0.39', '£0.09/100g']",0.39,£0.09/100g
7259,Tesco Medium Fajita Kit 475G,https://www.tesco.com/groceries/en-GB/products/302471400,1687615252.400739,"['£2.60', '£0.00/kg']",2.6,£0.00/kg
7260,Lotus Biscuit Spread Smooth 400G,https://www.tesco.com/groceries/en-GB/products/281928072,1687615252.47012,"['£3.20', '£0.80/100g']",3.2,£0.80/100g
7261,Dolmio Bolognese Smooth Tomato Pasta Sauce 500G,https://www.tesco.com/groceries/en-GB/products/277005755,1687615252.558847,"['£2.50', '£0.50/100g']",2.5,£0.50/100g
7262,Tesco Demerara Sugar 1Kg,https://www.tesco.com/groceries/en-GB/products/254917172,1687615252.6343198,"['£2.15', '£2.15/kg']",2.15,£2.15/kg
7263,Tesco Cashew Nuts 200G,https://www.tesco.com/groceries/en-GB/products/266376222,1687615252.7121549,"['£3.30', '£16.50/kg']",3.3,£16.50/kg
7264,Tesco Redcurrant Jelly 340G,https://www.tesco.com/groceries/en-GB/products/254886938,1687615252.7949262,"['£1.70', '£0.50/100g']",1.7,£0.50/100g
7265,Old El Paso Smoky Bbq Fajita Dinner Kit 500G,https://www.tesco.com/groceries/en-GB/products/265431356,1687615252.893882,"['£3.25', '£6.50/kg']",3.25,£6.50/kg
7266,Kp Dry Roasted Peanuts 250G,https://www.tesco.com/groceries/en-GB/products/299581619,1687615253.121917,"['£3.00', '£12.00/kg']",3.0,£12.00/kg
7267,Blue Dragon Sweet Chilli Dipping Sauce 380G,https://www.tesco.com/groceries/en-GB/products/260489173,1687615253.1889348,"['£2.70', '£0.71/100g']",2.7,£0.71/100g
7268,Sensations Mango & Chilli Chutney Poppadoms 82.5G,https://www.tesco.com/groceries/en-GB/products/296801901,1687615253.2779279,"['£2.50', '£3.03/100g']",2.5,£3.03/100g
7269,Ready Brek Original 450G,https://www.tesco.com/groceries/en-GB/products/285512350,1687615253.343746,"['£2.20', '£0.49/100g']",2.2,£0.49/100g
7270,Bear Strawberry Yoyo Multipack 5X20g,https://www.tesco.com/groceries/en-GB/products/271189177,1687615253.41887,"['£2.85', '£2.85/100g']",2.85,£2.85/100g
7271,Jacobs Cream Crackers 300G,https://www.tesco.com/groceries/en-GB/products/254925029,1687615253.5697238,"['£1.70', '£0.57/100g']",1.7,£0.57/100g
7272,Butterkist Toffee Popcorn 170G,https://www.tesco.com/groceries/en-GB/products/295649616,1687615253.6381629,"['£2.00', '£1.18/100g']",2.0,£1.18/100g
7273,Hellmann's Real Mayonnaise 400G Jar,https://www.tesco.com/groceries/en-GB/products/254884606,1687615253.727335,"['£2.40', '£0.60/100g']",2.4,£0.60/100g
7274,Walkers Meaty Variety Crisps 12X25g,https://www.tesco.com/groceries/en-GB/products/305042316,1687615253.797409,"['£3.25', '£1.08/100g']",3.25,£1.08/100g
7275,Tesco Boil In The Bag Long Grain Rice 4 X 125G,https://www.tesco.com/groceries/en-GB/products/254877385,1687615253.870891,"['£1.25', '£2.50/kg']",1.25,£2.50/kg
7276,Tesco Skinless & Boneless Red Salmon 170G,https://www.tesco.com/groceries/en-GB/products/271531642,1687615253.9386702,"['£3.80', '£2.24/100g']",3.8,£2.24/100g
7277,Tesco Dry Roasted Peanuts 550G,https://www.tesco.com/groceries/en-GB/products/297512061,1687615254.010324,"['£2.00', '£3.64/kg']",2.0,£3.64/kg
7278,Kp Hula Hoops Salt & Vinegar 6X24g,https://www.tesco.com/groceries/en-GB/products/287135827,1687615254.081999,"['£2.25', '£1.56/100g']",2.25,£1.56/100g
7279,Go Ahead Apple Bakes 6X35g,https://www.tesco.com/groceries/en-GB/products/251232560,1687615254.171036,"['£1.85', '£0.88/100g']",1.85,£0.88/100g
7280,Farrow's Giant Marrow Fat Peas 300G,https://www.tesco.com/groceries/en-GB/products/275206273,1687615254.2446961,"['£0.70', '£3.89/kg DR.WT']",0.7,£3.89/kg DR.WT
7281,Ben's Original Savoury Chicken Microwave Rice 250G,https://www.tesco.com/groceries/en-GB/products/309190979,1687615254.322987,"['£1.40', '£5.60/kg']",1.4,£5.60/kg
7282,Kellogg's Rice Krispie Squares Caramel 4 X 36G,https://www.tesco.com/groceries/en-GB/products/250202816,1687615254.398005,"['£2.00', '£1.39/100g']",2.0,£1.39/100g
7283,Koka Stir Fried Noodles 85G,https://www.tesco.com/groceries/en-GB/products/261626442,1687615254.466086,"['£0.55', '£6.47/kg']",0.55,£6.47/kg
7284,Pringles Salt & Vinegar Crisps 165G,https://www.tesco.com/groceries/en-GB/products/308832114,1687615254.537717,"['£1.95', '£1.18/100g']",1.95,£1.18/100g
7285,Tesco Dumplings Mix 137G,https://www.tesco.com/groceries/en-GB/products/261013885,1687615254.6051352,"['£0.75', '£5.47/kg']",0.75,£5.47/kg
7286,Pom Bear Cheese & Onion Crisps 6 Pack 6 X 13G,https://www.tesco.com/groceries/en-GB/products/302293599,1687615254.6783419,"['£1.50', '£1.92/100g']",1.5,£1.92/100g
7287,Tesco Oat & Honey Granola Bars 6 Pack 180G,https://www.tesco.com/groceries/en-GB/products/301466944,1687615254.746562,"['£1.25', '£0.69/100g']",1.25,£0.69/100g
7288,Heinz Spring Vegetable Soup 400G,https://www.tesco.com/groceries/en-GB/products/256639359,1687615254.8132942,"['£1.70', '£0.42/100g']",1.7,£0.42/100g
7289,Rowntrees Vegan Fruit Pastilles 143G,https://www.tesco.com/groceries/en-GB/products/308473498,1687615260.539453,"['£1.25', '£0.87/100g']",1.25,£0.87/100g
7290,Yorkie Milk Multi Pack 138G,https://www.tesco.com/groceries/en-GB/products/286616442,1687615260.61527,"['£1.50', '£1.09/100g']",1.5,£1.09/100g
7291,Kellogg's Rice Krispies Cereal Milk Bars 6X20g,https://www.tesco.com/groceries/en-GB/products/252040802,1687615260.687726,"['£1.15', '£0.96/100g']",1.15,£0.96/100g
7292,Batchelors Pasta & Sauce Chicken & Mushroom Quick Cook 99G,https://www.tesco.com/groceries/en-GB/products/303670946,1687615260.7586508,"['£1.00', '£10.10/kg']",1.0,£10.10/kg
7293,Tesco Cheese Puffs 10 Pack 170G,https://www.tesco.com/groceries/en-GB/products/300595026,1687615260.850529,"['£1.35', '£0.79/100g']",1.35,£0.79/100g
7294,Tesco 10 Chicken Stock Cubes 100G,https://www.tesco.com/groceries/en-GB/products/264545711,1687615260.918447,"['£0.75', '£0.75/100g']",0.75,£0.75/100g
7295,Tesco Chunky Vegetable Pasta Sauce 500G,https://www.tesco.com/groceries/en-GB/products/257745479,1687615260.9911098,"['£0.95', '£0.19/100g']",0.95,£0.19/100g
7296,Tesco Chunky Chicken & Vegetable Soup 400G,https://www.tesco.com/groceries/en-GB/products/253732351,1687615261.068405,"['£1.10', '£0.28/100g']",1.1,£0.28/100g
7297,Tesco Cream Of Chicken And Mushroom Soup 400G,https://www.tesco.com/groceries/en-GB/products/250411816,1687615261.135527,"['£0.75', '£0.19/100g']",0.75,£0.19/100g
7298,Stockwell & Co Gravy Granules 200G,https://www.tesco.com/groceries/en-GB/products/299667755,1687615261.2028549,"['£0.40', '£0.20/100g']",0.4,£0.20/100g
7299,Sharwoods Green Label Mango Chutney 530G,https://www.tesco.com/groceries/en-GB/products/252298658,1687615261.274125,"['£4.10', '£0.77/100g']",4.1,£0.77/100g
7300,Sacla Classic Basil Pesto 190G,https://www.tesco.com/groceries/en-GB/products/254879319,1687615261.349656,"['£3.35', '£1.76/100g']",3.35,£1.76/100g
7301,Tesco Gnocchi 500G,https://www.tesco.com/groceries/en-GB/products/273961567,1687615261.429142,"['£2.25', '£4.50/kg']",2.25,£4.50/kg
7302,Rowse Squeezy Clear Honey 340G,https://www.tesco.com/groceries/en-GB/products/255771108,1687615261.496581,"['£3.00', '£0.88/100g']",3.0,£0.88/100g
7303,Tesco Almonds 200G,https://www.tesco.com/groceries/en-GB/products/266357101,1687615261.584689,"['£2.75', '£13.75/kg']",2.75,£13.75/kg
7304,Dolmio Original Bolognese Pasta Sauce 750G,https://www.tesco.com/groceries/en-GB/products/253538466,1687615261.6545799,"['£2.75', '£0.37/100g']",2.75,£0.37/100g
7305,Bonne Maman Strawberry Conserve 370G,https://www.tesco.com/groceries/en-GB/products/250782952,1687615261.721229,"['£3.30', '£0.89/100g']",3.3,£0.89/100g
7306,Princes Tuna Chunks In Brine 4X145g,https://www.tesco.com/groceries/en-GB/products/302197644,1687615261.811543,"['£3.99', '£0.98/100g DR.WT']",3.99,£0.98/100g DR.WT
7307,Jord Organic Oat Drink 1 Litre,https://www.tesco.com/groceries/en-GB/products/309185561,1687615261.887948,"['£1.90', '£1.90/litre']",1.9,£1.90/litre
7309,Dolmio Stir In Tomato & Basil Pasta Sauce 150G,https://www.tesco.com/groceries/en-GB/products/274390549,1687615262.024048,"['£2.20', '£1.47/100g']",2.2,£1.47/100g
7310,Plenish Organic Cashew Milk Longlife 1L,https://www.tesco.com/groceries/en-GB/products/314416570,1687615262.089582,"['£2.25', '£2.25/litre']",2.25,£2.25/litre
7311,Frylight Sunflower Oil Spray 190Ml,https://www.tesco.com/groceries/en-GB/products/274088977,1687615262.156908,"['£2.75', '£1.45/100ml']",2.75,£1.45/100ml
7313,Loyd Grossman Bolognese Original 350G,https://www.tesco.com/groceries/en-GB/products/302304191,1687615262.3527849,"['£3.00', '£0.86/100g']",3.0,£0.86/100g
7314,Hula Hoops Puft Salted 6X15g,https://www.tesco.com/groceries/en-GB/products/287233596,1687615262.4437099,"['£2.25', '£2.50/100g']",2.25,£2.50/100g
7315,Tesco Roasted Salted Mixed Nuts 200G,https://www.tesco.com/groceries/en-GB/products/268420455,1687615262.5142431,"['£2.20', '£11.00/kg']",2.2,£11.00/kg
7316,T Crunchy Cookie Cereal 325G,https://www.tesco.com/groceries/en-GB/products/285047399,1687615262.582121,"['£1.60', '£0.49/100g']",1.6,£0.49/100g
7317,Ambrosia Devon Custard 150G,https://www.tesco.com/groceries/en-GB/products/297609391,1687615262.652801,"['£0.95', '£0.63/100g']",0.95,£0.63/100g
7318,Kettle Sweet Chilli & Sour Cream Potato Chips 130G,https://www.tesco.com/groceries/en-GB/products/312342066,1687615262.721287,"['£2.40', '£1.85/100g']",2.4,£1.85/100g
7319,Schwartz Creamy Mild Peppercorn Sauce 25G,https://www.tesco.com/groceries/en-GB/products/251475180,1687615262.8148842,"['£0.95', '£3.80/100g']",0.95,£3.80/100g
7320,Ben's Original Egg Fried Microwave Rice 250G,https://www.tesco.com/groceries/en-GB/products/309190047,1687615262.903711,"['£1.40', '£5.60/kg']",1.4,£5.60/kg
7321,Tesco Red Onion Chutney 295G,https://www.tesco.com/groceries/en-GB/products/300413099,1687615262.972718,"['£1.30', '£0.44/100g']",1.3,£0.44/100g
7322,Milkybar White Chocolate Sharing Bar 90G,https://www.tesco.com/groceries/en-GB/products/307276278,1687615263.0394502,"['£1.25', '£1.39/100g']",1.25,£1.39/100g
7323,Walkers Smoky Bacon Crisps 6X25g,https://www.tesco.com/groceries/en-GB/products/260553650,1687615263.107696,"['£1.95', '£1.30/100g']",1.95,£1.30/100g
7324,Pot Noodle King Original Curry 114G,https://www.tesco.com/groceries/en-GB/products/260182796,1687615263.196727,"['£1.40', '£12.28/kg']",1.4,£12.28/kg
7325,Haribo Giant Strawbs Fruit Gums 175G,https://www.tesco.com/groceries/en-GB/products/307747545,1687615263.2677,"['£1.25', '£0.71/100g']",1.25,£0.71/100g
7326,Tesco Ingredient Lemon Juice 250Ml,https://www.tesco.com/groceries/en-GB/products/250428970,1687615263.37184,"['£0.80', '£0.32/100ml']",0.8,£0.32/100ml
7327,Tesco Strawberry Pencils 75G,https://www.tesco.com/groceries/en-GB/products/256761242,1687615263.471947,"['£0.70', '£0.93/100g']",0.7,£0.93/100g
7328,Heinz Spaghetti In Tomato Sauce 200G,https://www.tesco.com/groceries/en-GB/products/252681688,1687615263.539524,"['£0.75', '£3.75/kg']",0.75,£3.75/kg
7329,Cadbury Bournville Brunch Bar Chocolate Chip 5X32g,https://www.tesco.com/groceries/en-GB/products/309174015,1687615263.6113138,"['£1.15', '£0.72/100g']",1.15,£0.72/100g
7330,Tesco Cinnamon Sticks 12G,https://www.tesco.com/groceries/en-GB/products/257536312,1687615263.693738,"['£0.90', '£0.75/10g']",0.9,£0.75/10g
7332,Tesco Tomato & Chilli Pasta Sauce 500G,https://www.tesco.com/groceries/en-GB/products/268579912,1687615263.828929,"['£0.95', '£0.19/100g']",0.95,£0.19/100g
7333,Tesco Batter Mix 130G,https://www.tesco.com/groceries/en-GB/products/297242541,1687615263.898626,"['£0.45', '£3.46/kg']",0.45,£3.46/kg
7334,Napolina Passata 500G,https://www.tesco.com/groceries/en-GB/products/263741025,1687615263.967263,"['£0.49', '£0.98/kg']",0.49,£0.98/kg
7335,Tesco Mayonnaise 450Ml,https://www.tesco.com/groceries/en-GB/products/305438880,1687615264.049742,"['£1.15', '£0.26/100ml']",1.15,£0.26/100ml
7336,Tesco Light Soy Sauce 150Ml,https://www.tesco.com/groceries/en-GB/products/294781229,1687615264.115078,"['£0.65', '£0.43/100ml']",0.65,£0.43/100ml
7337,Mars Galaxy Ripple Chocolate Bars Multipack 4 X 33g,https://www.tesco.com/groceries/en-GB/products/262842604,1687615270.013397,"['£1.65', '£1.25/100g']",1.65,£1.25/100g
7338,Stockwell & Co Fruit And Nut Mix 200G,https://www.tesco.com/groceries/en-GB/products/300410429,1687615270.087798,"['£0.59', '£2.95/kg']",0.59,£2.95/kg
7339,Stockwell & Co. Bicarbonate Of Soda 200G,https://www.tesco.com/groceries/en-GB/products/309487716,1687615270.1637802,"['£0.65', '£0.32/100g']",0.65,£0.32/100g
7340,Tesco Carbonara Sauce 340G,https://www.tesco.com/groceries/en-GB/products/305255174,1687615270.2320378,"['£0.95', '£0.28/100g']",0.95,£0.28/100g
7341,Tesco Seedless Raspberry Jam 454G,https://www.tesco.com/groceries/en-GB/products/254849534,1687615270.2981381,"['£1.15', '£0.25/100g']",1.15,£0.25/100g
7342,Tesco Pitted Prunes In Juice 290G,https://www.tesco.com/groceries/en-GB/products/256220232,1687615270.365429,"['£1.00', '£5.71/kg DR.WT']",1.0,£5.71/kg DR.WT
7343,Eat Me Dates Deglet Nourishing Pitted 200G,https://www.tesco.com/groceries/en-GB/products/284196413,1687615270.431938,"['£2.50', '£12.50/kg']",2.5,£12.50/kg
7344,Tesco Finest Strawberry Conserve 340G,https://www.tesco.com/groceries/en-GB/products/251735881,1687615270.5076191,"['£2.40', '£0.71/100g']",2.4,£0.71/100g
7345,Tesco Olive Oil 250Ml,https://www.tesco.com/groceries/en-GB/products/258061785,1687615270.57983,"['£2.45', '£0.98/100ml']",2.45,£0.98/100ml
7346,Heinz Cream Of Chicken Soup 4 X 400G,https://www.tesco.com/groceries/en-GB/products/260748351,1687615270.646456,"['£3.99', '£0.25/100g']",3.99,£0.25/100g
7347,Tesco Finest Apple & Cranberry Stuffing Mix 130G,https://www.tesco.com/groceries/en-GB/products/288805713,1687615270.720263,"['£1.90', '£14.62/kg']",1.9,£14.62/kg
7348,Quaker Oat So Simple 20 Golden Syrup Porridge Sachets 720G,https://www.tesco.com/groceries/en-GB/products/308451478,1687615270.819523,"['£4.00', '£0.56/100g']",4.0,£0.56/100g
7349,Tesco Red Split Lentils 500G,https://www.tesco.com/groceries/en-GB/products/256534728,1687615270.8932061,"['£1.70', '£3.40/kg']",1.7,£3.40/kg
7350,Quaker Oat So Simple Golden Syrup Porridge 10 X 36G,https://www.tesco.com/groceries/en-GB/products/263894828,1687615270.969644,"['£3.50', '£0.97/100g']",3.5,£0.97/100g
7351,Colman's Original English Mustard 170G,https://www.tesco.com/groceries/en-GB/products/254887033,1687615271.059988,"['£2.00', '£1.18/100g']",2.0,£1.18/100g
7352,Homepride Self Raising Flour 1Kg,https://www.tesco.com/groceries/en-GB/products/255075791,1687615271.131139,"['£1.65', '£1.65/kg']",1.65,£1.65/kg
7353,Lindt Excellence Dark 90% Cocoa Chocolate Bar 100G,https://www.tesco.com/groceries/en-GB/products/264587407,1687615271.2061949,"['£2.45', '£2.45/100g']",2.45,£2.45/100g
7354,Knorr Vegetable Stock Cubes 8 X 10G,https://www.tesco.com/groceries/en-GB/products/254881270,1687615271.296074,"['£1.90', '£2.38/100g']",1.9,£2.38/100g
7355,Bendicks Mint Collection Boxed Chocolates 200G,https://www.tesco.com/groceries/en-GB/products/265261169,1687615271.363751,"['£6.00', '£3.00/100g']",6.0,£3.00/100g
7356,Walkers Sensations Honey & Salt Peanut 145G,https://www.tesco.com/groceries/en-GB/products/272969733,1687615271.457247,"['£2.50', '£17.24/kg']",2.5,£17.24/kg
7357,Ryvita Crackerbread 200G,https://www.tesco.com/groceries/en-GB/products/254926368,1687615271.523884,"['£1.75', '£0.88/100g']",1.75,£0.88/100g
7358,Jammie Dodgers Twin Pack 280 G,https://www.tesco.com/groceries/en-GB/products/278044885,1687615271.590414,"['£1.50', '£0.54/100g']",1.5,£0.54/100g
7359,Daddies Brown Sauce 400G,https://www.tesco.com/groceries/en-GB/products/264231593,1687615271.65856,"['£2.00', '£0.50/100g']",2.0,£0.50/100g
7360,Tesco Dried Oregano 14G Jar,https://www.tesco.com/groceries/en-GB/products/256149795,1687615271.730218,"['£0.90', '£0.64/10g']",0.9,£0.64/10g
7361,Kellogg's Cereal Wheats Blueberry 500G,https://www.tesco.com/groceries/en-GB/products/309786149,1687615271.838955,"['£1.95', '£0.39/100g']",1.95,£0.39/100g
7362,Popchips Sour Cream & Onion Potato Snacks 5 X 17G,https://www.tesco.com/groceries/en-GB/products/308104019,1687615271.907927,"['£2.25', '£2.65/100g']",2.25,£2.65/100g
7363,Colman's Spaghetti Bolognese Recipe Mix 44G,https://www.tesco.com/groceries/en-GB/products/268424877,1687615271.996292,"['£1.00', '£2.27/100g']",1.0,£2.27/100g
7364,Kinder Bueno Milk & Hazelnut Chocolate Bars Multipack 4 X 43g,https://www.tesco.com/groceries/en-GB/products/257679200,1687615272.063401,"['£2.25', '£1.31/100g']",2.25,£1.31/100g
7365,Tesco Salt & Vinegar Sticks 150G,https://www.tesco.com/groceries/en-GB/products/260085646,1687615272.130526,"['£1.20', '£0.80/100g']",1.2,£0.80/100g
7366,Sharwoods Medium Egg Noodles 340G,https://www.tesco.com/groceries/en-GB/products/301412473,1687615272.1975338,"['£2.50', '£7.35/kg']",2.5,£7.35/kg
7367,Tesco Garlic Crackers 185G,https://www.tesco.com/groceries/en-GB/products/307360253,1687615272.287221,"['£1.20', '£0.65/100g']",1.2,£0.65/100g
7368,Branston Pickle 360G,https://www.tesco.com/groceries/en-GB/products/256632303,1687615272.358759,"['£1.75', '£0.49/100g']",1.75,£0.49/100g
7369,Tesco Rice Cakes Milk Chocolate 105G,https://www.tesco.com/groceries/en-GB/products/305973297,1687615272.4252942,"['£1.30', '£1.24/100g']",1.3,£1.24/100g
7370,Alpro Vanilla Soya Custard 525G,https://www.tesco.com/groceries/en-GB/products/302301545,1687615272.492217,"['£1.15', '£0.22/100g']",1.15,£0.22/100g
7371,Tesco Intense Dark Chocolate Bar 100G,https://www.tesco.com/groceries/en-GB/products/300794902,1687615272.560802,"['£1.15', '£1.15/100g']",1.15,£1.15/100g
7372,Seabrook Prawn Prawn Cocktail Sixer 6 Pack,https://www.tesco.com/groceries/en-GB/products/275576755,1687615272.6282082,"['£1.35', '£0.90/100g']",1.35,£0.90/100g
7373,Princes Corned Beef 130G,https://www.tesco.com/groceries/en-GB/products/293229512,1687615272.6957152,"['£1.05', '£0.81/100g']",1.05,£0.81/100g
7374,Haribo Supermix Fruit Milk & Sweet Foam Gums 175G,https://www.tesco.com/groceries/en-GB/products/307740610,1687615272.763138,"['£1.25', '£0.71/100g']",1.25,£0.71/100g
7375,Fox's Half Coated Milk Chocolate Cookies 175G,https://www.tesco.com/groceries/en-GB/products/306650319,1687615272.847296,"['£2.00', '£1.14/100g']",2.0,£1.14/100g
7376,Tesco Raisin Munch Bar 6X32g,https://www.tesco.com/groceries/en-GB/products/256871244,1687615272.963053,"['£1.10', '£0.57/100g']",1.1,£0.57/100g
7377,Tesco Plant Chef Lentil & Pepper Soup 400G,https://www.tesco.com/groceries/en-GB/products/305248281,1687615273.031327,"['£0.75', '£0.19/100g']",0.75,£0.19/100g
7378,Tesco Dark Chocolate Chips 100G,https://www.tesco.com/groceries/en-GB/products/278236013,1687615273.1126132,"['£0.69', '£0.69/100g']",0.69,£0.69/100g
7379,Tesco Peach Slices In Juice 410G,https://www.tesco.com/groceries/en-GB/products/254900018,1687615273.185992,"['£1.00', '£4.00/kg DR.WT']",1.0,£4.00/kg DR.WT
7380,Tesco Beef Ravioli In Tomato Beef Sauce 400G,https://www.tesco.com/groceries/en-GB/products/255110600,1687615273.257607,"['£1.00', '£2.50/kg']",1.0,£2.50/kg
7381,Ship Corned Beef 340G,https://www.tesco.com/groceries/en-GB/products/306944699,1687615273.3374379,"['£2.95', '£0.87/100g']",2.95,£0.87/100g
7382,Tesco Tropical Fruit Salad 425G,https://www.tesco.com/groceries/en-GB/products/309199752,1687615273.4075048,"['£1.10', '£4.07/kg DR.WT']",1.1,£4.07/kg DR.WT
7383,Heinz Seriously Good Mayonnaise Light 815G,https://www.tesco.com/groceries/en-GB/products/292052785,1687615273.4845,"['£4.00', '£0.49/100g']",4.0,£0.49/100g
7384,Tesco Whole Black Peppercorns 100G,https://www.tesco.com/groceries/en-GB/products/256150815,1687615273.591836,"['£2.60', '£0.26/10g']",2.6,£0.26/10g
7385,Tesco Sun Dried Tomato Antipasti 285G,https://www.tesco.com/groceries/en-GB/products/265335941,1687615279.705055,"['£2.80', '£1.93/100g DR.WT']",2.8,£1.93/100g DR.WT
7386,Napolina Extra Virgin Olive Oil 500Ml,https://www.tesco.com/groceries/en-GB/products/255593768,1687615279.786505,"['£5.10', '£1.02/100ml']",5.1,£1.02/100ml
7387,Tesco Finest Sage & Red Onion Stuffing 130G,https://www.tesco.com/groceries/en-GB/products/288794183,1687615279.864156,"['£1.90', '£14.62/kg']",1.9,£14.62/kg
7388,Tesco Brazil Nuts 200G,https://www.tesco.com/groceries/en-GB/products/302685533,1687615279.939918,"['£2.75', '£13.75/kg']",2.75,£13.75/kg
7389,Jacobs Twiglets 150G,https://www.tesco.com/groceries/en-GB/products/256638717,1687615280.0208452,"['£2.70', '£1.80/100g']",2.7,£1.80/100g
7390,Mcvitie's Dark Chocolate Digestive Biscuit 2 X 266G,https://www.tesco.com/groceries/en-GB/products/313008104,1687615280.1316679,"['£2.65', '£0.50/100g']",2.65,£0.50/100g
7391,Quaker Jumbo Rolled Porridge Oats 1Kg,https://www.tesco.com/groceries/en-GB/products/268588694,1687615280.23383,"['£2.95', '£0.30/100g']",2.95,£0.30/100g
7392,Snack A Jacks Jumbo Caramel 159G,https://www.tesco.com/groceries/en-GB/products/264786143,1687615280.347657,"['£2.25', '£1.42/100g']",2.25,£1.42/100g
7393,Heinz Cream Of Tomato Cup Soup 88G,https://www.tesco.com/groceries/en-GB/products/284478339,1687615280.426323,"['£1.50', '£1.70/100g']",1.5,£1.70/100g
7394,Jordans Country Crisp Chunky Nuts Cereal 500G,https://www.tesco.com/groceries/en-GB/products/257328340,1687615280.5144289,"['£1.99', '£0.40/100g']",1.99,£0.40/100g
7395,Mars Chocolate Caramel Dessert Sauce 270G,https://www.tesco.com/groceries/en-GB/products/313507697,1687615280.5866098,"['£2.00', '£0.74/100g']",2.0,£0.74/100g
7396,Tesco 8 Plain Tortilla Wraps 320G,https://www.tesco.com/groceries/en-GB/products/292760908,1687615280.653217,"['£1.30', '£0.41/100g']",1.3,£0.41/100g
7397,Ambrosia Mini Custard 30% Less Sugar 6S 330G,https://www.tesco.com/groceries/en-GB/products/297559662,1687615280.7208152,"['£2.35', '£0.71/100g']",2.35,£0.71/100g
7398,Tesco Roasted Salted Pistachio Nuts 150G,https://www.tesco.com/groceries/en-GB/products/251495069,1687615280.800321,"['£1.85', '£12.33/kg']",1.85,£12.33/kg
7399,Ryvita Dark Rye Crisp Bread 250G,https://www.tesco.com/groceries/en-GB/products/256001031,1687615280.867224,"['£1.60', '£0.64/100g']",1.6,£0.64/100g
7400,Colman's Cottage Pie Recipe Mix 45G,https://www.tesco.com/groceries/en-GB/products/250920908,1687615280.933556,"['£1.00', '£2.22/100g']",1.0,£2.22/100g
7401,Tesco Balsamic Vinegar Of Modena 250Ml,https://www.tesco.com/groceries/en-GB/products/254296718,1687615281.00365,"['£1.10', '£0.44/100ml']",1.1,£0.44/100ml
7402,Mars Twix Twin Chocolate Bars Multipack 9 X 40g,https://www.tesco.com/groceries/en-GB/products/302307809,1687615281.070529,"['£2.75', '£0.76/100g']",2.75,£0.76/100g
7403,Batchelors Cup A Soup Powder Cream Of Vegetable 4S 122G,https://www.tesco.com/groceries/en-GB/products/254210351,1687615281.141984,"['£1.50', '£1.23/100g']",1.5,£1.23/100g
7404,Tesco Fruit Jellies 200G,https://www.tesco.com/groceries/en-GB/products/268378919,1687615281.207287,"['£1.10', '£0.55/100g']",1.1,£0.55/100g
7405,Ritz Cheese Crackers 200G,https://www.tesco.com/groceries/en-GB/products/254925444,1687615281.2800431,"['£1.25', '£0.62/100g']",1.25,£0.62/100g
7406,Tesco Finest Crinkle Cut Roast Beef Crisps 150G,https://www.tesco.com/groceries/en-GB/products/301401987,1687615281.348109,"['£1.35', '£0.90/100g']",1.35,£0.90/100g
7407,Lancashire Farm Whole Milk Yogurt 1Kg,https://www.tesco.com/groceries/en-GB/products/281381884,1687615281.422174,"['£1.80', '£180.00/100g']",1.8,£180.00/100g
7408,Tesco Ground Cinnamon 40G Jar,https://www.tesco.com/groceries/en-GB/products/254920403,1687615281.4922712,"['£0.90', '£0.22/10g']",0.9,£0.22/10g
7409,Tesco Lighter Than Light Mayonnaise 450Ml,https://www.tesco.com/groceries/en-GB/products/305038881,1687615281.560818,"['£1.15', '£0.26/100ml']",1.15,£0.26/100ml
7410,Mars Milky Way Chocolate Bars Multipack 6 X 21.5g,https://www.tesco.com/groceries/en-GB/products/277531004,1687615281.6275752,"['£1.65', '£1.28/100g']",1.65,£1.28/100g
7411,Pot Noodle King Beef & Tomato 114G,https://www.tesco.com/groceries/en-GB/products/262562476,1687615281.69799,"['£1.40', '£12.28/kg']",1.4,£12.28/kg
7412,Korean Seaweed Snack 4G,https://www.tesco.com/groceries/en-GB/products/296828979,1687615281.764904,"['£0.75', '£18.75/100g']",0.75,£18.75/100g
7413,Tesco Chilli Sauce Mild 500G,https://www.tesco.com/groceries/en-GB/products/275477434,1687615281.829777,"['£1.20', '£0.24/100g']",1.2,£0.24/100g
7414,Tesco Straight To Wok Medium Noodles 300G,https://www.tesco.com/groceries/en-GB/products/276056782,1687615281.894078,"['£1.00', '£3.33/kg']",1.0,£3.33/kg
7415,Twix Chocolate Fingers 9 X 20G,https://www.tesco.com/groceries/en-GB/products/311783518,1687615281.960372,"['£2.00', '£1.11/100g']",2.0,£1.11/100g
7416,Tesco Dark Cooking Chocolate 150G,https://www.tesco.com/groceries/en-GB/products/258521155,1687615282.048921,"['£1.00', '£0.67/100g']",1.0,£0.67/100g
7417,Kellogg's Frosties Cereal Bars 6 X 25G,https://www.tesco.com/groceries/en-GB/products/252882312,1687615282.1196978,"['£1.15', '£0.77/100g']",1.15,£0.77/100g
7418,Tesco Milk Chocolate Buttons 70G,https://www.tesco.com/groceries/en-GB/products/259595923,1687615282.1883929,"['£0.70', '£1.00/100g']",0.7,£1.00/100g
7419,Tesco Quick Cook Spaghetti Pasta 500G,https://www.tesco.com/groceries/en-GB/products/255340327,1687615282.254608,"['£0.80', '£1.60/kg']",0.8,£1.60/kg
7420,Tesco Pure Set Honey 454G,https://www.tesco.com/groceries/en-GB/products/254850946,1687615282.320503,"['£1.50', '£0.33/100g']",1.5,£0.33/100g
7421,Tesco Plant Chef Tomato And Basil Soup 400G,https://www.tesco.com/groceries/en-GB/products/305834318,1687615282.4315279,"['£0.75', '£0.19/100g']",0.75,£0.19/100g
7422,Laila Garlic Paste 300g,https://www.tesco.com/groceries/en-GB/products/314303191,1687615282.49855,"['£0.75', '£0.25/100g']",0.75,£0.25/100g
7424,Rubicon Pineapple Juice Drink 288ml,https://www.tesco.com/groceries/en-GB/products/313963850,1687615282.6670809,"['£0.60', '£0.21/100ml']",0.6,£0.21/100ml
7425,Tesco Evaporated Milk 410G,https://www.tesco.com/groceries/en-GB/products/256909870,1687615282.735904,"['£0.65', '£1.58/kg']",0.65,£1.58/kg
7426,Tesco Finest Horseradish Sauce 170G,https://www.tesco.com/groceries/en-GB/products/264876970,1687615282.802552,"['£2.00', '£1.18/100g']",2.0,£1.18/100g
7428,Nestle Cheerios Multigrain Cereal 540G,https://www.tesco.com/groceries/en-GB/products/309177438,1687615282.958702,"['£3.50', '£0.65/100g']",3.5,£0.65/100g
7429,Princes Wild Pacific Red Salmon 213G,https://www.tesco.com/groceries/en-GB/products/259256824,1687615283.0505788,"['£3.70', '£1.74/100g']",3.7,£1.74/100g
7430,Walkers Squares Variety Snacks 12X22g,https://www.tesco.com/groceries/en-GB/products/266537292,1687615283.1170728,"['£3.25', '£1.23/100g']",3.25,£1.23/100g
7431,Opies Cocktail Cherries Maraschino 225G,https://www.tesco.com/groceries/en-GB/products/250414393,1687615283.183192,"['£2.15', '£1.72/100g DR.WT']",2.15,£1.72/100g DR.WT
7432,Kellogg's All-Bran Cereal 750G,https://www.tesco.com/groceries/en-GB/products/254852558,1687615283.256872,"['£3.25', '£0.43/100g']",3.25,£0.43/100g
7433,Ambrosia Creamed Rice Pudding 4 X 125G,https://www.tesco.com/groceries/en-GB/products/268420651,1687615288.7891111,"['£2.95', '£0.59/100g']",2.95,£0.59/100g
7434,Silver Spoon Royal Icing Sugar 500G,https://www.tesco.com/groceries/en-GB/products/254915145,1687615288.926632,"['£1.50', '£3.00/kg']",1.5,£3.00/kg
7435,Walkers Monster Munch Multipack 12X20g,https://www.tesco.com/groceries/en-GB/products/311444080,1687615288.995711,"['£3.25', '£1.35/100g']",3.25,£1.35/100g
7436,John West No Drain Tuna Steak In Oil Fridge Pot 110G,https://www.tesco.com/groceries/en-GB/products/301511619,1687615289.0659359,"['£1.35', '£1.23/100g']",1.35,£1.23/100g
7438,Quaker Oat So Simple Original Porridge Pot 45G,https://www.tesco.com/groceries/en-GB/products/301601520,1687615289.247707,"['£1.30', '£2.89/100g']",1.3,£2.89/100g
7439,Tesco Crunchy Peanut Butter 700G,https://www.tesco.com/groceries/en-GB/products/264604694,1687615289.3368661,"['£2.35', '£0.34/100g']",2.35,£0.34/100g
7440,Tesco Finest Orzo Pasta 500G,https://www.tesco.com/groceries/en-GB/products/268622118,1687615289.405173,"['£1.90', '£3.80/kg']",1.9,£3.80/kg
7442,Maryland Chocolate Chip Cookies 2 X 200G,https://www.tesco.com/groceries/en-GB/products/309780121,1687615289.5380201,"['£2.00', '£0.50/100g']",2.0,£0.50/100g
7443,Tesco Chicken In White Sauce 392G,https://www.tesco.com/groceries/en-GB/products/307760033,1687615289.607849,"['£2.40', '£6.12/kg']",2.4,£6.12/kg
7444,Heinz No Added Sugar Cream Of Tomato Soup 400G,https://www.tesco.com/groceries/en-GB/products/297118188,1687615289.691547,"['£1.70', '£0.42/100g']",1.7,£0.42/100g
7445,Napolina Passata 690G,https://www.tesco.com/groceries/en-GB/products/301510322,1687615289.782558,"['£1.50', '£2.17/kg']",1.5,£2.17/kg
7446,Tesco Reduced Fat Green Pesto 190G,https://www.tesco.com/groceries/en-GB/products/274111484,1687615289.8527439,"['£1.25', '£0.66/100g']",1.25,£0.66/100g
7447,Heinz Big Soup Chunky Vegetable 400G,https://www.tesco.com/groceries/en-GB/products/258147108,1687615289.919447,"['£2.00', '£0.50/100g']",2.0,£0.50/100g
7448,Tesco Ground Ginger 38G Jar,https://www.tesco.com/groceries/en-GB/products/256149904,1687615290.008659,"['£0.90', '£0.24/10g']",0.9,£0.24/10g
7449,Tesco Nut & Maple Crisp 500G,https://www.tesco.com/groceries/en-GB/products/292989362,1687615290.077601,"['£1.80', '£0.36/100g']",1.8,£0.36/100g
7450,Mama Hot & Spicy Noodles 90G,https://www.tesco.com/groceries/en-GB/products/259376584,1687615290.150505,"['£0.75', '£8.33/kg']",0.75,£8.33/kg
7451,Tesco Wheat Cracker 170G,https://www.tesco.com/groceries/en-GB/products/276885451,1687615290.221942,"['£1.20', '£0.71/100g']",1.2,£0.71/100g
7452,Tesco Paprika 52G,https://www.tesco.com/groceries/en-GB/products/256150176,1687615290.288395,"['£0.90', '£0.17/10g']",0.9,£0.17/10g
7453,Mars Snickers Snack Size Chocolate Bars Multipack 9 X 35.5g,https://www.tesco.com/groceries/en-GB/products/302296014,1687615290.354629,"['£2.75', '£0.86/100g']",2.75,£0.86/100g
7454,Schwartz Creamy Pepper Sauce 25G,https://www.tesco.com/groceries/en-GB/products/258092039,1687615290.422154,"['£0.95', '£3.80/100g']",0.95,£3.80/100g
7455,Belvita Chocolate Chip Biscuits 225G,https://www.tesco.com/groceries/en-GB/products/297544633,1687615290.5102248,"['£1.25', '£0.56/100g']",1.25,£0.56/100g
7456,Pot Noodle Sweet & Sour 90G,https://www.tesco.com/groceries/en-GB/products/260183154,1687615290.588665,"['£1.20', '£13.33/kg']",1.2,£13.33/kg
7457,Barratt Flumps 20G,https://www.tesco.com/groceries/en-GB/products/303272703,1687615290.691067,"['£0.35', '£1.75/100g']",0.35,£1.75/100g
7458,Cadbury Snack Cake 6 Pack 120G,https://www.tesco.com/groceries/en-GB/products/301516229,1687615290.757376,"['£1.25', '£1.04/100g']",1.25,£1.04/100g
7459,Tesco Jelly Babies 250G,https://www.tesco.com/groceries/en-GB/products/254573427,1687615290.825738,"['£1.10', '£0.44/100g']",1.1,£0.44/100g
7460,Yorkie Milk Chocolate Biscuits 7 Pack 171.5G,https://www.tesco.com/groceries/en-GB/products/263538128,1687615290.8972642,"['£1.25', '£0.73/100g']",1.25,£0.73/100g
7461,Tesco Danish Ham 200G,https://www.tesco.com/groceries/en-GB/products/251937089,1687615290.967113,"['£1.50', '£0.75/100g']",1.5,£0.75/100g
7462,Tesco Nice Biscuits 200G,https://www.tesco.com/groceries/en-GB/products/254922228,1687615291.037123,"['£0.65', '£0.32/100g']",0.65,£0.32/100g
7463,Tesco Pear Halves In Juice 410G,https://www.tesco.com/groceries/en-GB/products/254900681,1687615291.102032,"['£1.00', '£4.44/kg DR.WT']",1.0,£4.44/kg DR.WT
7464,Tesco Fusilli Whole Wheat Pasta 1Kg,https://www.tesco.com/groceries/en-GB/products/297484657,1687615291.1674151,"['£1.50', '£1.50/kg']",1.5,£1.50/kg
7465,Tesco Apricot Halves In Juice 411G,https://www.tesco.com/groceries/en-GB/products/254900894,1687615291.232588,"['£1.00', '£4.27/kg DR.WT']",1.0,£4.27/kg DR.WT
7466,Tesco Rock Salt Grinder 100G,https://www.tesco.com/groceries/en-GB/products/289130599,1687615291.297218,"['£2.50', '£25.00/kg']",2.5,£25.00/kg
7467,Heinz Salad Cream 605G,https://www.tesco.com/groceries/en-GB/products/300793097,1687615291.3630111,"['£3.90', '£0.64/100g']",3.9,£0.64/100g
7468,Pot Noodle Chicken & Mushroom 4 X 90G,https://www.tesco.com/groceries/en-GB/products/260187806,1687615291.4547389,"['£4.20', '£11.67/kg']",4.2,£11.67/kg
7469,Guylian Seashells Boxed Chocolates 250G,https://www.tesco.com/groceries/en-GB/products/256870176,1687615291.521587,"['£6.00', '£2.40/100g']",6.0,£2.40/100g
7470,Jacob's Mini Cheddars 14 Pack Red Leicester 322G,https://www.tesco.com/groceries/en-GB/products/312996870,1687615291.62379,"['£3.00', '£0.93/100g']",3.0,£0.93/100g
7471,Tesco Golden Caster 1Kg Bag,https://www.tesco.com/groceries/en-GB/products/255089008,1687615291.728638,"['£2.45', '£2.45/kg']",2.45,£2.45/kg
7472,Tesco Toasted Sesame Oil 250Ml,https://www.tesco.com/groceries/en-GB/products/259028703,1687615291.799849,"['£2.40', '£0.96/100ml']",2.4,£0.96/100ml
7473,Hilltop Squeezy Blossom Honey 340G,https://www.tesco.com/groceries/en-GB/products/301252805,1687615291.867326,"['£2.50', '£0.74/100g']",2.5,£0.74/100g
7474,Tesco Roasted & Salted Pistachio Nuts 300G,https://www.tesco.com/groceries/en-GB/products/257379526,1687615291.946872,"['£3.70', '£12.33/kg']",3.7,£12.33/kg
7475,Oxo 12 Vegetable Stock Cubes 71G,https://www.tesco.com/groceries/en-GB/products/252077252,1687615292.023242,"['£2.40', '£3.38/100g']",2.4,£3.38/100g
7476,Tesco Pure Vegetable Oil 3L,https://www.tesco.com/groceries/en-GB/products/254918073,1687615292.091094,"['£5.00', '£0.17/100ml']",5.0,£0.17/100ml
7477,Hellmann's Vegan Mayonnaise 270G,https://www.tesco.com/groceries/en-GB/products/301956559,1687615292.159882,"['£2.60', '£9.63/kg']",2.6,£9.63/kg
7478,Angel Delight Strawberry Flavour Dessert Pots 4X70g,https://www.tesco.com/groceries/en-GB/products/313177801,1687615292.225896,"['£3.00', '£1.07/100g']",3.0,£1.07/100g
7479,Port Royal Beef Jamaican Patty 140G,https://www.tesco.com/groceries/en-GB/products/260709526,1687615292.2996821,"['£1.10', '£0.79/100g']",1.1,£0.79/100g
7480,Tesco Ready To Eat Prunes 500G,https://www.tesco.com/groceries/en-GB/products/255300888,1687615292.3732538,"['£3.65', '£7.30/kg']",3.65,£7.30/kg
7481,Nakd Protein Bars Cocoa Hazelnut 3 X 45G,https://www.tesco.com/groceries/en-GB/products/314105120,1687615298.55865,"['£3.00', '£2.22/100g']",3.0,£2.22/100g
7482,Nakd Protein Bars Peanut Butter 3 X 45G,https://www.tesco.com/groceries/en-GB/products/314115557,1687615298.637451,"['£3.00', '£2.22/100g']",3.0,£2.22/100g
7483,Nature Valley Oats & Honey Special Value 20 Pack,https://www.tesco.com/groceries/en-GB/products/280448284,1687615298.709126,"['£3.00', '£0.71/100g']",3.0,£0.71/100g
7484,Tesco Smooth Peanut Butter 700G,https://www.tesco.com/groceries/en-GB/products/264604671,1687615298.7841501,"['£2.35', '£0.34/100g']",2.35,£0.34/100g
7485,Green & Blacks Organic Dark 70% Chocolate 90G,https://www.tesco.com/groceries/en-GB/products/303670278,1687615298.8604622,"['£2.45', '£2.72/100g']",2.45,£2.72/100g
7486,Knorr Beef 8 Stock Cubes 80G,https://www.tesco.com/groceries/en-GB/products/254881195,1687615298.927398,"['£1.90', '£2.38/100g']",1.9,£2.38/100g
7487,Tesco Finest Sweet Tomato & Birds Eye Chilli Chutney 220G,https://www.tesco.com/groceries/en-GB/products/305042610,1687615298.992969,"['£1.70', '£0.77/100g']",1.7,£0.77/100g
7488,Nature Valley Crunchy Dipped With Yogurt Coating 8X20g,https://www.tesco.com/groceries/en-GB/products/313178184,1687615299.059901,"['£3.00', '£1.88/100g']",3.0,£1.88/100g
7490,Tesco Tuna Chunks In Spring Water 3X80g,https://www.tesco.com/groceries/en-GB/products/281464913,1687615299.2235038,"['£2.10', '£1.25/100g DR.WT']",2.1,£1.25/100g DR.WT
7491,Kiddylicious Veggie Straws Multipack 4X12g,https://www.tesco.com/groceries/en-GB/products/298648941,1687615299.293313,"['£2.30', '£4.79/100g']",2.3,£4.79/100g
7492,Nature Valley Chocolate & Berries Protein Bar 4X40g,https://www.tesco.com/groceries/en-GB/products/313749868,1687615299.3835788,"['£3.00', '£1.88/100g']",3.0,£1.88/100g
7493,Nature Valley Crunchy Dipped With Chocolate Coating 8 X 20G,https://www.tesco.com/groceries/en-GB/products/313736097,1687615299.4549382,"['£3.00', '£1.88/100g']",3.0,£1.88/100g
7494,Tesco Dried Thyme 16G,https://www.tesco.com/groceries/en-GB/products/256149841,1687615299.536216,"['£0.90', '£0.56/10g']",0.9,£0.56/10g
7495,Heinz Spaghetti Bolognese 400G,https://www.tesco.com/groceries/en-GB/products/252749984,1687615299.6054559,"['£2.00', '£5.00/kg']",2.0,£5.00/kg
7496,Colman's Tuna Pasta Bake Recipe Mix 44G,https://www.tesco.com/groceries/en-GB/products/268391845,1687615299.6933,"['£1.00', '£2.27/100g']",1.0,£2.27/100g
7497,Walkers Wotsits Giants Cheese Snacks 130G,https://www.tesco.com/groceries/en-GB/products/305962650,1687615299.764786,"['£2.50', '£1.92/100g']",2.5,£1.92/100g
7498,Kettle Mature Cheddar & Red Onion Potato Chips 130G,https://www.tesco.com/groceries/en-GB/products/305979008,1687615299.856215,"['£2.40', '£1.85/100g']",2.4,£1.85/100g
7499,Ritz Breaks Original 190G,https://www.tesco.com/groceries/en-GB/products/283249434,1687615299.9467788,"['£1.50', '£0.79/100g']",1.5,£0.79/100g
7500,Tesco Pumpkin Seeds 150G,https://www.tesco.com/groceries/en-GB/products/266387140,1687615300.018163,"['£1.20', '£8.00/kg']",1.2,£8.00/kg
7501,Merchant Gourmet Puy Lentils Ready To Eat 250G,https://www.tesco.com/groceries/en-GB/products/266386187,1687615300.084024,"['£2.00', '£8.00/kg']",2.0,£8.00/kg
7502,Maryland Cookies Minis Double Chocolate Chip 6 Pack 118.8G,https://www.tesco.com/groceries/en-GB/products/304397295,1687615300.2112892,"['£1.25', '£1.05/100g']",1.25,£1.05/100g
7503,Border Biscuits Dark Chocolate Ginger 150G,https://www.tesco.com/groceries/en-GB/products/304416699,1687615300.303461,"['£1.90', '£1.27/100g']",1.9,£1.27/100g
7504,Tesco No Added Sugar Bolognese Pasta Sauce 500G,https://www.tesco.com/groceries/en-GB/products/297484916,1687615300.3961449,"['£0.95', '£0.19/100g']",0.95,£0.19/100g
7505,Mars Single 51G,https://www.tesco.com/groceries/en-GB/products/281026563,1687615300.465151,"['£0.75', '£1.47/100g']",0.75,£1.47/100g
7506,Tesco Conchiglie Pasta Shells 1Kg,https://www.tesco.com/groceries/en-GB/products/254878516,1687615300.578015,"['£1.50', '£1.50/kg']",1.5,£1.50/kg
7507,Tesco Italian Chopped Tomatoes With Garlic 390G,https://www.tesco.com/groceries/en-GB/products/259318844,1687615300.6468449,"['£0.80', '£2.05/kg']",0.8,£2.05/kg
7508,Maltesers Large Milk Chocolate Bag 175G,https://www.tesco.com/groceries/en-GB/products/250321992,1687615300.715304,"['£2.50', '£1.43/100g']",2.5,£1.43/100g
7509,Tesco White Chocolate Bar 200G,https://www.tesco.com/groceries/en-GB/products/300795164,1687615300.7880251,"['£1.20', '£0.60/100g']",1.2,£0.60/100g
7510,Tesco Chunky Beef & Vegetable Soup 400G,https://www.tesco.com/groceries/en-GB/products/263725811,1687615300.855799,"['£1.10', '£0.28/100g']",1.1,£0.28/100g
7511,Kellogg's Fruit & Fibre Cereal 700G,https://www.tesco.com/groceries/en-GB/products/305836092,1687615300.927742,"['£3.50', '£0.50/100g']",3.5,£0.50/100g
7512,Princes Tuna Chunks In Sunflower Oil 4X145g,https://www.tesco.com/groceries/en-GB/products/302197621,1687615300.996225,"['£3.99', '£0.98/100g DR.WT']",3.99,£0.98/100g DR.WT
7513,Dolmio Tomato Red Lasagne Sauce 500G,https://www.tesco.com/groceries/en-GB/products/252247777,1687615301.065162,"['£2.50', '£0.50/100g']",2.5,£0.50/100g
7514,Tesco Soft Pitted Dates 250G,https://www.tesco.com/groceries/en-GB/products/274171043,1687615301.131669,"['£2.00', '£8.00/kg']",2.0,£8.00/kg
7515,Ben's Original Chilli Con Carne Sauce Medium 450G,https://www.tesco.com/groceries/en-GB/products/309188857,1687615301.2024488,"['£2.20', '£0.49/100g']",2.2,£0.49/100g
7516,Tesco Mixed Herbs 30G,https://www.tesco.com/groceries/en-GB/products/296921655,1687615301.303561,"['£1.50', '£0.50/10g']",1.5,£0.50/10g
7517,Oxo Reduced Salt Beef Stock Cubes 12 Pack 71G,https://www.tesco.com/groceries/en-GB/products/272080384,1687615301.3708959,"['£2.40', '£3.38/100g']",2.4,£3.38/100g
7518,Sharwoods Tikka Masala Mild-Med Sauce 420G,https://www.tesco.com/groceries/en-GB/products/250545047,1687615301.442754,"['£2.80', '£0.67/100g']",2.8,£0.67/100g
7519,Quaker Oat So Simple Original Porridge 10 Pack 270G,https://www.tesco.com/groceries/en-GB/products/308457184,1687615301.52514,"['£3.50', '£1.30/100g']",3.5,£1.30/100g
7520,Elizabeth Shaw Mint Crisp 162G,https://www.tesco.com/groceries/en-GB/products/311796549,1687615301.635872,"['£4.00', '£2.47/100g']",4.0,£2.47/100g
7521,Tesco Pure Sunflower Oil 5 Litre,https://www.tesco.com/groceries/en-GB/products/271168790,1687615301.743438,"['£8.50', '£0.17/100ml']",8.5,£0.17/100ml
7522,Amoy Medium Noodles 2X150g,https://www.tesco.com/groceries/en-GB/products/250322524,1687615301.817728,"['£2.10', '£7.00/kg']",2.1,£7.00/kg
7523,Tesco Finest Scottish Shortbread Fingers 165G,https://www.tesco.com/groceries/en-GB/products/256089410,1687615301.8945339,"['£2.00', '£1.21/100g']",2.0,£1.21/100g
7524,Nature Valley Protein Peanut & Chocolate Bars 4X40g,https://www.tesco.com/groceries/en-GB/products/293837253,1687615301.964347,"['£3.00', '£1.88/100g']",3.0,£1.88/100g
7525,Hp Sauce 600G,https://www.tesco.com/groceries/en-GB/products/283354292,1687615302.0753138,"['£3.49', '£0.58/100g']",3.49,£0.58/100g
7526,Tesco Basmati Rice 2Kg,https://www.tesco.com/groceries/en-GB/products/256148174,1687615302.233189,"['£3.40', '£1.70/kg']",3.4,£1.70/kg
7527,Tesco Finest Chicken Stock 450Ml,https://www.tesco.com/groceries/en-GB/products/278756935,1687615302.300917,"['£2.00', '£0.44/100ml']",2.0,£0.44/100ml
7528,Tesco Instant Custard Mix 76G,https://www.tesco.com/groceries/en-GB/products/268420478,1687615302.37661,"['£0.60', '£0.79/100g']",0.6,£0.79/100g
7529,Kinder Mini Treats 16 Pack 200G,https://www.tesco.com/groceries/en-GB/products/256584906,1687615308.957301,"['£2.45', '£1.22/100g']",2.45,£1.22/100g
7530,Walkers Baked Salt & Vinegar Crisps 6 X 22G,https://www.tesco.com/groceries/en-GB/products/311670827,1687615309.164746,"['£1.95', '£1.48/100g']",1.95,£1.48/100g
7531,Tesco Jumbo Roasted Salted Peanuts 200G,https://www.tesco.com/groceries/en-GB/products/297512049,1687615309.2419908,"['£1.30', '£6.50/kg']",1.3,£6.50/kg
7532,Tesco Marzipan 500G,https://www.tesco.com/groceries/en-GB/products/254914584,1687615309.315215,"['£2.20', '£0.44/100g']",2.2,£0.44/100g
7533,Lindt Lindor Milk Chocolate Bars Multipack 4 X 25g,https://www.tesco.com/groceries/en-GB/products/297057651,1687615309.384136,"['£2.40', '£2.40/100g']",2.4,£2.40/100g
7534,Tesco Whole Button Can Mushrooms 285G,https://www.tesco.com/groceries/en-GB/products/266819805,1687615309.457141,"['£1.15', '£7.37/kg DR.WT']",1.15,£7.37/kg DR.WT
7535,Jacob's Mini Cheddars Red Leicester 6X23g,https://www.tesco.com/groceries/en-GB/products/313009230,1687615309.5312178,"['£1.75', '£1.27/100g']",1.75,£1.27/100g
7536,Blue Dragon Medium Egg Noodles 300G,https://www.tesco.com/groceries/en-GB/products/272854385,1687615309.622037,"['£1.25', '£4.17/kg']",1.25,£4.17/kg
7537,Kp Hula Hoops Family 6X24g,https://www.tesco.com/groceries/en-GB/products/287135931,1687615309.68969,"['£2.25', '£1.56/100g']",2.25,£1.56/100g
7538,Napolina Tomato Puree Tube 142G,https://www.tesco.com/groceries/en-GB/products/252193252,1687615309.8120918,"['£1.20', '£8.45/kg']",1.2,£8.45/kg
7539,Terry's Chocolate Orange Mini's Bag 125G,https://www.tesco.com/groceries/en-GB/products/301638217,1687615309.8823931,"['£1.50', '£1.20/100g']",1.5,£1.20/100g
7540,Tesco Chia Seeds 150G,https://www.tesco.com/groceries/en-GB/products/290594510,1687615309.960813,"['£1.20', '£8.00/kg']",1.2,£8.00/kg
7541,Rowntrees Vegan Fruit Pastilles 4X42.8G,https://www.tesco.com/groceries/en-GB/products/308495309,1687615310.0295758,"['£1.50', '£0.88/100g']",1.5,£0.88/100g
7542,Mr Porky Original Scratchings 65G,https://www.tesco.com/groceries/en-GB/products/306802205,1687615310.0996668,"['£1.00', '£1.54/100g']",1.0,£1.54/100g
7543,Kit Kat 2 Finger Orange Chocolate Biscuit 9 Pack 186.3G,https://www.tesco.com/groceries/en-GB/products/297551584,1687615310.1678798,"['£2.00', '£1.07/100g']",2.0,£1.07/100g
7544,Jordans Frusli Blueberry Burst 6X30g,https://www.tesco.com/groceries/en-GB/products/257722420,1687615310.235305,"['£2.30', '£1.28/100g']",2.3,£1.28/100g
7545,Galaxy Milk Chocolate Bar 110G,https://www.tesco.com/groceries/en-GB/products/300228255,1687615310.328396,"['£1.50', '£1.36/100g']",1.5,£1.36/100g
7546,Tesco Jelly Beans 200G,https://www.tesco.com/groceries/en-GB/products/268379400,1687615310.394737,"['£1.10', '£0.55/100g']",1.1,£0.55/100g
7547,Tesco Dolly Mixtures 85G,https://www.tesco.com/groceries/en-GB/products/274000304,1687615310.461376,"['£0.70', '£0.82/100g']",0.7,£0.82/100g
7548,Heinz Cream Of Tomato Soup Mug Size 300G,https://www.tesco.com/groceries/en-GB/products/258148741,1687615310.534991,"['£1.10', '£0.37/100g']",1.1,£0.37/100g
7549,Tesco Dark Chocolate Mint Thins 180G,https://www.tesco.com/groceries/en-GB/products/311693587,1687615310.613625,"['£1.25', '£0.69/100g']",1.25,£0.69/100g
7550,Tesco Dried Mixed Fruit 500G,https://www.tesco.com/groceries/en-GB/products/254915329,1687615310.6809118,"['£1.25', '£2.50/kg']",1.25,£2.50/kg
7551,Tesco Sweet & Sour Sauce 510G,https://www.tesco.com/groceries/en-GB/products/277466018,1687615310.7507389,"['£1.20', '£0.24/100g']",1.2,£0.24/100g
7552,The Skinny Cracker Co Sea Salt & Black Pepper Cracker 185G,https://www.tesco.com/groceries/en-GB/products/312083084,1687615310.8263922,"['£1.00', '£0.54/100g']",1.0,£0.54/100g
7553,Heinz Shaped Pasta Varieties Peppa Pig 205G,https://www.tesco.com/groceries/en-GB/products/268746536,1687615310.8962681,"['£0.75', '£3.66/kg']",0.75,£3.66/kg
7555,Milky Way Magic Stars Chocolate Pouch 100G,https://www.tesco.com/groceries/en-GB/products/291928137,1687615311.0485098,"['£1.50', '£1.50/100g']",1.5,£1.50/100g
7557,Buckwud Organic Maple Syrup 250G,https://www.tesco.com/groceries/en-GB/products/271154996,1687615311.183541,"['£6.00', '£2.40/100g']",6.0,£2.40/100g
7558,Kp Dry Roasted Peanuts 415G,https://www.tesco.com/groceries/en-GB/products/300201298,1687615311.254893,"['£4.25', '£10.24/kg']",4.25,£10.24/kg
7559,Najma Sliced Smoked Turkey Rashers 150G,https://www.tesco.com/groceries/en-GB/products/286817253,1687615311.345058,"['£2.60', '£1.73/100g']",2.6,£1.73/100g
7560,Frank Coopers Fine Cut Oxford Marmalade 454G,https://www.tesco.com/groceries/en-GB/products/255571203,1687615311.413237,"['£2.80', '£0.62/100g']",2.8,£0.62/100g
7561,Nestle Shredded Wheat Bitesize Cereal 720G,https://www.tesco.com/groceries/en-GB/products/308488550,1687615311.481099,"['£4.40', '£0.61/100g']",4.4,£0.61/100g
7562,Koko Dairy Free Unsweetened Alternative Longlife Drink 1L,https://www.tesco.com/groceries/en-GB/products/297673324,1687615311.577578,"['£1.80', '£1.80/litre']",1.8,£1.80/litre
7563,Del Monte Prunes In Juice 410G,https://www.tesco.com/groceries/en-GB/products/252909507,1687615311.6685472,"['£1.20', '£5.00/kg DR.WT']",1.2,£5.00/kg DR.WT
7564,Flahavans Irish Organic Porridge 1Kg,https://www.tesco.com/groceries/en-GB/products/271757922,1687615311.738795,"['£2.50', '£0.25/100g']",2.5,£0.25/100g
7565,Sharwoods Ready To Eat Poppadoms 8Pk,https://www.tesco.com/groceries/en-GB/products/254945783,1687615311.812445,"['£2.60', '£0.32/each']",2.6,£0.32/each
7566,Grace Exotic Chips Tostones 75g,https://www.tesco.com/groceries/en-GB/products/313968113,1687615311.925164,"['£2.00', '£2.67/100g']",2.0,£2.67/100g
7567,Grace Exotic Chips Cassava 75g,https://www.tesco.com/groceries/en-GB/products/313962281,1687615311.9911091,"['£2.00', '£2.67/100g']",2.0,£2.67/100g
7568,Grace Exotic Chips Purple Sweet Potato 75g,https://www.tesco.com/groceries/en-GB/products/314093800,1687615312.0590641,"['£2.00', '£2.67/100g']",2.0,£2.67/100g
7569,Knorr Beef Stock Pot 4 X 28G,https://www.tesco.com/groceries/en-GB/products/259338708,1687615312.134166,"['£1.90', '£1.70/100g']",1.9,£1.70/100g
7570,Hula Hoops Puft Beef 6X15g,https://www.tesco.com/groceries/en-GB/products/290028985,1687615312.210434,"['£2.25', '£2.50/100g']",2.25,£2.50/100g
7571,Mcvities Milk Chocolate Hobnob Biscuits 2 X 262G,https://www.tesco.com/groceries/en-GB/products/312988822,1687615312.277969,"['£2.65', '£0.51/100g']",2.65,£0.51/100g
7572,Hp Brown Sauce Handy Pack 285G,https://www.tesco.com/groceries/en-GB/products/257749377,1687615312.352629,"['£2.30', '£0.81/100g']",2.3,£0.81/100g
7573,Tesco White Wine Vinegar 350Ml,https://www.tesco.com/groceries/en-GB/products/260511700,1687615312.418499,"['£1.30', '£0.37/100ml']",1.3,£0.37/100ml
7574,Popchips Sour Cream & Onion Potato Chips 85G,https://www.tesco.com/groceries/en-GB/products/275236784,1687615312.497776,"['£2.25', '£2.65/100g']",2.25,£2.65/100g
7575,Aleyna Roasted Red Peppers 480G,https://www.tesco.com/groceries/en-GB/products/278774752,1687615312.564818,"['£1.70', '£0.53/100g DR.WT']",1.7,£0.53/100g DR.WT
7576,Lajkonik Crunchy Salty Pretzels 130G,https://www.tesco.com/groceries/en-GB/products/292808606,1687615312.631464,"['£1.00', '£0.77/100g']",1.0,£0.77/100g
7577,Cadbury Wispa 9 Pack 213.3G,https://www.tesco.com/groceries/en-GB/products/309758137,1687615317.614008,"['£2.50', '£2.50/each']",2.5,£2.50/each
7578,Tilda Steamed Wholegrain & Wild Basmati Rice 250G,https://www.tesco.com/groceries/en-GB/products/289863993,1687615317.687093,"['£1.25', '£5.00/kg']",1.25,£5.00/kg
7579,Tesco Free From Sliced Seeded Bread 550G,https://www.tesco.com/groceries/en-GB/products/276606161,1687615317.7584581,"['£1.95', '£0.36/100g']",1.95,£0.36/100g
7580,Propercorn Perfectly Sweet Popcorn 90G,https://www.tesco.com/groceries/en-GB/products/297512585,1687615317.825832,"['£1.80', '£2.00/100g']",1.8,£2.00/100g
7581,Cadbury Dairy Milk Whole Nut Chocolate 180G,https://www.tesco.com/groceries/en-GB/products/311208619,1687615317.917124,"['£2.00', '£1.11/100g']",2.0,£1.11/100g
7582,Pot Noodle King Bombay Bad Boy 114G,https://www.tesco.com/groceries/en-GB/products/260188598,1687615317.984004,"['£1.40', '£12.28/kg']",1.4,£12.28/kg
7583,Rowntree's Fruit Gums Vegan Friendly 150G,https://www.tesco.com/groceries/en-GB/products/310700389,1687615318.056521,"['£1.25', '£0.83/100g']",1.25,£0.83/100g
7584,Nestle Lion Milk Chocolate Bars Multipack 4 X 42g,https://www.tesco.com/groceries/en-GB/products/289880422,1687615318.1311119,"['£1.50', '£0.89/100g']",1.5,£0.89/100g
7585,Seabrook Cheese & Onion Sixer 6 Pack,https://www.tesco.com/groceries/en-GB/products/275603776,1687615318.201002,"['£1.35', '£0.90/100g']",1.35,£0.90/100g
7586,Schwartz Sausage Casserole Mix 35G,https://www.tesco.com/groceries/en-GB/products/258169474,1687615318.269904,"['£0.95', '£2.71/100g']",0.95,£2.71/100g
7588,Pot Noodle Bombay Bad Boy 90G,https://www.tesco.com/groceries/en-GB/products/260188496,1687615318.431266,"['£1.20', '£13.33/kg']",1.2,£13.33/kg
7589,Batchelors Super Noodle Pot Bbq Beef 75G,https://www.tesco.com/groceries/en-GB/products/295870635,1687615318.501686,"['£1.00', '£13.33/kg']",1.0,£13.33/kg
7590,Chevington Mature Cheddar,https://www.tesco.com/groceries/en-GB/products/264530776,1687615318.580896,"['£2.90', '£12.10/kg']",2.9,£12.10/kg
7591,Nestle Milk Chocolate Animal Bar Single,https://www.tesco.com/groceries/en-GB/products/266724669,1687615318.651226,"['£0.25', '£1.32/100g']",0.25,£1.32/100g
7592,Cadbury Twirl Bite Size 109G,https://www.tesco.com/groceries/en-GB/products/285383599,1687615318.7213771,"['£1.35', '£1.24/100g']",1.35,£1.24/100g
7593,Napolina Chick Peas 400G,https://www.tesco.com/groceries/en-GB/products/264447977,1687615318.793123,"['£1.00', '£4.17/kg DR.WT']",1.0,£4.17/kg DR.WT
7594,Cadbury Dairy Milk Fingers Salted Caramel Flavour 114G,https://www.tesco.com/groceries/en-GB/products/314103836,1687615318.860684,"['£1.70', '£1.49/100g']",1.7,£1.49/100g
7595,Angel Delight Butterscotch 59G,https://www.tesco.com/groceries/en-GB/products/271247103,1687615318.932569,"['£0.90', '£1.52/100g']",0.9,£1.52/100g
7596,Batchelors Pasta & Sauce Caramelised Onion & Smoky Bacon 99G,https://www.tesco.com/groceries/en-GB/products/314300507,1687615319.003798,"['£1.10', '£11.11/kg']",1.1,£11.11/kg
7597,Hearty Food Co. Curry Flavour Instant Noodles 100G,https://www.tesco.com/groceries/en-GB/products/310168264,1687615319.093361,"['£0.35', '£3.50/kg']",0.35,£3.50/kg
7598,Tesco Free From Penne Pasta 500G,https://www.tesco.com/groceries/en-GB/products/256876734,1687615319.16375,"['£1.20', '£2.40/kg']",1.2,£2.40/kg
7599,Toblerone Milk 360G,https://www.tesco.com/groceries/en-GB/products/293368289,1687615319.2318149,"['£5.00', '£1.39/100g']",5.0,£1.39/100g
7600,After Eight The Collection Box 199G,https://www.tesco.com/groceries/en-GB/products/311262070,1687615319.300698,"['£5.00', '£2.51/100g']",5.0,£2.51/100g
7601,Green & Blacks Organic Tasting Collection Boxed Chocolates 395G,https://www.tesco.com/groceries/en-GB/products/270933859,1687615319.371039,"['£12.00', '£3.04/100g']",12.0,£3.04/100g
7602,Organix 12 Month Apple & Raspberry Fruit & Cereal Bar 6X30g,https://www.tesco.com/groceries/en-GB/products/255126023,1687615319.497032,"['£3.00', '£1.67/100g']",3.0,£1.67/100g
7603,Tropical Sun Crunchy BBQ Peanuts 140g,https://www.tesco.com/groceries/en-GB/products/314303605,1687615319.567096,"['£3.25', '£2.32/100g']",3.25,£2.32/100g
7604,Amoy Dark Soy Sauce 150Ml,https://www.tesco.com/groceries/en-GB/products/253778008,1687615319.6346781,"['£2.00', '£1.33/100ml']",2.0,£1.33/100ml
7606,Weetabix Chocolate Cereal 540G (24Pk),https://www.tesco.com/groceries/en-GB/products/267210383,1687615319.777571,"['£3.50', '£0.15/each']",3.5,£0.15/each
7607,Hellmann's Vegan Mayonnaise Garlic 270G,https://www.tesco.com/groceries/en-GB/products/308088303,1687615319.8438342,"['£2.60', '£0.96/100g']",2.6,£0.96/100g
7608,Nutella Hazelnut & Chocolate Spread 630G,https://www.tesco.com/groceries/en-GB/products/308117748,1687615319.915272,"['£4.39', '£0.70/100g']",4.39,£0.70/100g
7609,Quality Street Carton 220G,https://www.tesco.com/groceries/en-GB/products/311801464,1687615319.9842272,"['£3.50', '£1.59/100g']",3.5,£1.59/100g
7610,Lea & Perrins Worcestershire Sauce 290Ml,https://www.tesco.com/groceries/en-GB/products/250179584,1687615320.051023,"['£3.00', '£1.03/100ml']",3.0,£1.03/100ml
7611,Bisto Original Powder For Gravy 454G,https://www.tesco.com/groceries/en-GB/products/254880743,1687615320.119471,"['£4.00', '£0.88/100g']",4.0,£0.88/100g
7612,Silver Spoon Granulated Sugar 5Kg,https://www.tesco.com/groceries/en-GB/products/287206934,1687615320.186947,"['£4.75', '£0.95/kg']",4.75,£0.95/kg
7613,Tesco Finest Spiced Apple & Pear Chutney 220G,https://www.tesco.com/groceries/en-GB/products/307141461,1687615320.255241,"['£1.70', '£0.77/100g']",1.7,£0.77/100g
7614,Old El Paso 12 Taco Shells 156G,https://www.tesco.com/groceries/en-GB/products/265434265,1687615320.327253,"['£1.90', '£1.22/100g']",1.9,£1.22/100g
7615,Batchelors Big Super Noodles Chicken Flavoured 100G,https://www.tesco.com/groceries/en-GB/products/306956161,1687615320.394319,"['£1.20', '£12.00/kg']",1.2,£12.00/kg
7616,Belvita Biscuit Strawberry & Yogurt Crunch 253G,https://www.tesco.com/groceries/en-GB/products/273686870,1687615320.536659,"['£2.75', '£1.09/100g']",2.75,£1.09/100g
7618,Pataks Jalfrezi Cooking Sauce 450G,https://www.tesco.com/groceries/en-GB/products/274747250,1687615320.69507,"['£2.00', '£0.44/100g']",2.0,£0.44/100g
7619,Tesco Ingredient Lime Juice 250Ml,https://www.tesco.com/groceries/en-GB/products/260300777,1687615320.762599,"['£1.10', '£0.44/100ml']",1.1,£0.44/100ml
7620,LINDT Classic Recipe Caramel & Sea Salt Milk Chocolate Bar 125g,https://www.tesco.com/groceries/en-GB/products/312211999,1687615320.838639,"['£2.10', '£1.68/100g']",2.1,£1.68/100g
7621,Tesco Organic Chopped Tomatoes 390G,https://www.tesco.com/groceries/en-GB/products/266989316,1687615320.9160168,"['£1.10', '£2.82/kg']",1.1,£2.82/kg
7622,Tesco Boil In The Bag Basmati Rice 4 X 125G,https://www.tesco.com/groceries/en-GB/products/251442835,1687615320.985963,"['£1.60', '£3.20/kg']",1.6,£3.20/kg
7623,Old El Paso Regular Super Soft Flour Tortillas 8Pk 326G,https://www.tesco.com/groceries/en-GB/products/258808531,1687615321.056563,"['£1.45', '£0.44/100g']",1.45,£0.44/100g
7624,Kallo Lightly Salted Wholegrain Low Fat Corn Cake 130G,https://www.tesco.com/groceries/en-GB/products/272600185,1687615321.1375518,"['£1.40', '£1.08/100g']",1.4,£1.08/100g
7625,Tesco Strawberry Crisp 500G,https://www.tesco.com/groceries/en-GB/products/292990002,1687615326.632807,"['£1.80', '£0.36/100g']",1.8,£0.36/100g
7626,Milton's Multigrain Crackers 170G,https://www.tesco.com/groceries/en-GB/products/262050026,1687615326.745069,"['£1.40', '£0.82/100g']",1.4,£0.82/100g
7627,Weetabix Cereal 12 Pack,https://www.tesco.com/groceries/en-GB/products/254852973,1687615326.816828,"['£1.80', '£0.15/each']",1.8,£0.15/each
7628,Paw Patrol Snack Raisins 126G (9X14g),https://www.tesco.com/groceries/en-GB/products/297393586,1687615326.889867,"['£1.00', '£0.79/100g']",1.0,£0.79/100g
7629,Nissin Soba Classic Instant Noodles 90G,https://www.tesco.com/groceries/en-GB/products/285617629,1687615326.9615622,"['£1.70', '£18.89/kg']",1.7,£18.89/kg
7630,Tesco Wholefood Three Bean Salad In Water 400G,https://www.tesco.com/groceries/en-GB/products/262489095,1687615327.037044,"['£0.95', '£3.86/kg DR.WT']",0.95,£3.86/kg DR.WT
7631,Butterkist Toffee Popcorn 6X20g,https://www.tesco.com/groceries/en-GB/products/276928920,1687615327.1153312,"['£1.50', '£1.25/100g']",1.5,£1.25/100g
7632,Tesco Chunky Chocolate 10 Cookies 200G,https://www.tesco.com/groceries/en-GB/products/290351048,1687615327.185816,"['£1.20', '£0.60/100g']",1.2,£0.60/100g
7633,Tesco 6 Coconut & Chocolate Bars 180G,https://www.tesco.com/groceries/en-GB/products/301466921,1687615327.254666,"['£1.25', '£0.69/100g']",1.25,£0.69/100g
7634,Tesco White Chocolate Buttons 70G,https://www.tesco.com/groceries/en-GB/products/259595981,1687615327.3253708,"['£0.70', '£1.00/100g']",0.7,£1.00/100g
7635,Tesco Pasta In Sauce Cheese & Broccoli 120G,https://www.tesco.com/groceries/en-GB/products/254104166,1687615327.4009311,"['£0.65', '£5.42/kg']",0.65,£5.42/kg
7636,Terry's Orange Chocolate Bars Multipack 3 X 35g,https://www.tesco.com/groceries/en-GB/products/304410804,1687615327.470578,"['£1.00', '£0.95/100g']",1.0,£0.95/100g
7637,Toffee Crisp Chocolate Biscuits 7 Pack 130.9G,https://www.tesco.com/groceries/en-GB/products/258693843,1687615327.540139,"['£1.25', '£0.96/100g']",1.25,£0.96/100g
7638,Angel Delight Strawberry 59G,https://www.tesco.com/groceries/en-GB/products/254903689,1687615327.608435,"['£0.90', '£0.02/kg']",0.9,£0.02/kg
7639,Cadbury Fry's Chocolate Cream Chocolate Bars Multipack 3 X 49g,https://www.tesco.com/groceries/en-GB/products/287853173,1687615327.676974,"['£1.25', '£0.85/100g']",1.25,£0.85/100g
7640,Ting Grapefruit Crush 330Ml,https://www.tesco.com/groceries/en-GB/products/254866444,1687615327.7445078,"['£0.55', '£0.17/100ml']",0.55,£0.17/100ml
7641,Tesco Free From Spaghetti 500G,https://www.tesco.com/groceries/en-GB/products/256876728,1687615327.820266,"['£1.20', '£2.40/kg']",1.2,£2.40/kg
7642,Tesco Mackerel In Spicy Tomato Sauce 125G,https://www.tesco.com/groceries/en-GB/products/267145667,1687615327.887501,"['£0.90', '£0.72/100g']",0.9,£0.72/100g
7643,Bisto Vegetable Gravy Granules 190G,https://www.tesco.com/groceries/en-GB/products/309473069,1687615327.9543831,"['£3.00', '£1.58/100g']",3.0,£1.58/100g
7644,Tesco Hazelnuts 200G,https://www.tesco.com/groceries/en-GB/products/266374921,1687615328.024557,"['£2.75', '£13.75/kg']",2.75,£13.75/kg
7645,Nestle Shreddies Frosted Cereal 560G,https://www.tesco.com/groceries/en-GB/products/308465577,1687615328.0926862,"['£4.00', '£0.71/100g']",4.0,£0.71/100g
7646,"Thorntons Classic Collection Of Milk, Dark & White Chocolate 449G",https://www.tesco.com/groceries/en-GB/products/302295999,1687615328.162503,"['£11.00', '£2.45/100g']",11.0,£2.45/100g
7647,Bonne Maman Apricot Conserve 370G,https://www.tesco.com/groceries/en-GB/products/250782900,1687615328.2278888,"['£3.30', '£0.89/100g']",3.3,£0.89/100g
7648,Wholefood Pine Nuts 100G,https://www.tesco.com/groceries/en-GB/products/254142569,1687615328.3234692,"['£3.90', '£39.00/kg']",3.9,£39.00/kg
7649,Tesco Toasted Flaked Almonds 100G,https://www.tesco.com/groceries/en-GB/products/254998702,1687615328.430685,"['£1.80', '£18.00/kg']",1.8,£18.00/kg
7650,Dolmio Stir In Sun Dried Tomato Pasta Sauce 150G,https://www.tesco.com/groceries/en-GB/products/251698238,1687615328.5010471,"['£2.20', '£1.47/100g']",2.2,£1.47/100g
7651,Vifon Golden Chicken Instant Noodles 70G,https://www.tesco.com/groceries/en-GB/products/267536032,1687615328.5684311,"['£0.70', '£10.00/kg']",0.7,£10.00/kg
7652,My Dolmio Creamy Tomato Sauce 150G,https://www.tesco.com/groceries/en-GB/products/285467190,1687615328.6431308,"['£2.20', '£1.47/100g']",2.2,£1.47/100g
7653,Doritos Nacho Cheese Dip 280G,https://www.tesco.com/groceries/en-GB/products/311807129,1687615328.71084,"['£2.50', '£0.89/100g']",2.5,£0.89/100g
7654,Belvita Soft Filled Chocolate Biscuits 250G,https://www.tesco.com/groceries/en-GB/products/297544898,1687615328.798899,"['£2.75', '£1.10/100g']",2.75,£1.10/100g
7655,Doritos Hot Salsa Dip 300G,https://www.tesco.com/groceries/en-GB/products/267031312,1687615328.888428,"['£2.50', '£0.83/100g']",2.5,£0.83/100g
7656,Birds Trifle Strawberry Serve 4-6 141G,https://www.tesco.com/groceries/en-GB/products/258870038,1687615328.977817,"['£2.40', '£1.70/100g']",2.4,£1.70/100g
7657,Branston Beans & Sausages 405G,https://www.tesco.com/groceries/en-GB/products/275205660,1687615329.043957,"['£1.50', '£3.70/kg']",1.5,£3.70/kg
7658,Knorr Super Chicken Noodle Dry Soup 51G,https://www.tesco.com/groceries/en-GB/products/268597222,1687615329.112061,"['£1.15', '£2.26/100g']",1.15,£2.26/100g
7659,Heinz Big Soup Lamb And Vegetable 400G,https://www.tesco.com/groceries/en-GB/products/258147045,1687615329.183369,"['£2.00', '£0.50/100g']",2.0,£0.50/100g
7660,Tesco Glace Cherry Halves 200G,https://www.tesco.com/groceries/en-GB/products/293702580,1687615329.2728782,"['£1.65', '£8.25/kg']",1.65,£8.25/kg
7661,Del Monte Peach Slices In Syrup 420G,https://www.tesco.com/groceries/en-GB/products/254899981,1687615329.347501,"['£1.20', '£4.80/kg DR.WT']",1.2,£4.80/kg DR.WT
7662,Batchelors Cup A Soup Special Creamed Asparagus 117G,https://www.tesco.com/groceries/en-GB/products/254202948,1687615329.420106,"['£1.50', '£1.28/100g']",1.5,£1.28/100g
7663,Kettle Lightly Salted Crisps 5 X 25G,https://www.tesco.com/groceries/en-GB/products/312698140,1687615329.487146,"['£2.20', '£1.76/100g']",2.2,£1.76/100g
7664,Batchelors Cup A Soup Golden Vegetable 82G,https://www.tesco.com/groceries/en-GB/products/270978823,1687615329.575352,"['£1.50', '£1.83/100g']",1.5,£1.83/100g
7665,Kellogg's Fruit Winders Strawberry 5X17g,https://www.tesco.com/groceries/en-GB/products/309188051,1687615329.640131,"['£1.50', '£1.76/100g']",1.5,£1.76/100g
7666,Tesco Free From Chocolate Buttons 25G,https://www.tesco.com/groceries/en-GB/products/282446012,1687615329.73744,"['£0.50', '£2.00/100g']",0.5,£2.00/100g
7667,Tesco Garlic Powder 45G ..,https://www.tesco.com/groceries/en-GB/products/300456382,1687615329.802727,"['£0.90', '£0.20/10g']",0.9,£0.20/10g
7668,Nairns Cheese Oatcake 200G,https://www.tesco.com/groceries/en-GB/products/259469618,1687615329.873845,"['£1.40', '£0.70/100g']",1.4,£0.70/100g
7669,Tesco Shorties Biscuits 300G,https://www.tesco.com/groceries/en-GB/products/254922107,1687615329.999132,"['£0.95', '£0.32/100g']",0.95,£0.32/100g
7670,Belvita Honey & Nut Biscuits 225G,https://www.tesco.com/groceries/en-GB/products/297544938,1687615330.066445,"['£1.25', '£0.56/100g']",1.25,£0.56/100g
7671,Stockwell & Co Crunchy Peanut Butter 340G,https://www.tesco.com/groceries/en-GB/products/300388214,1687615330.139202,"['£1.25', '£0.37/100g']",1.25,£0.37/100g
7672,Kit Kat Milk Chocolate 4 Pack Multipack 4 X 41.5G,https://www.tesco.com/groceries/en-GB/products/292573934,1687615330.207946,"['£1.50', '£0.90/100g']",1.5,£0.90/100g
7673,Wikinger Hot Dogs 200G,https://www.tesco.com/groceries/en-GB/products/273298010,1687615335.824235,"['£1.15', '£0.58/100g DR.WT']",1.15,£0.58/100g DR.WT
7674,Hartleys Sugar Free Jelly Strawberry 23G,https://www.tesco.com/groceries/en-GB/products/252469938,1687615335.899276,"['£1.20', '£5.22/100g']",1.2,£5.22/100g
7675,Van Der Meulen Melba Original Thins 100G,https://www.tesco.com/groceries/en-GB/products/311668961,1687615335.9712079,"['£1.05', '£1.05/100g']",1.05,£1.05/100g
7676,Schwtz Authentic Spaghetti Bolognese Sauce Mix 40G,https://www.tesco.com/groceries/en-GB/products/254882804,1687615336.0445719,"['£0.95', '£2.38/100g']",0.95,£2.38/100g
7677,Nestle Rolo Chocolate Bars Multipack 4 X 41.6g,https://www.tesco.com/groceries/en-GB/products/303717858,1687615336.1388202,"['£1.50', '£0.90/100g']",1.5,£0.90/100g
7678,Stockwell & Co Pickled Onion 440G,https://www.tesco.com/groceries/en-GB/products/300456508,1687615336.213262,"['£0.75', '£0.34/100g DR.WT']",0.75,£0.34/100g DR.WT
7679,Tesco White Cooking Chocolate 150G,https://www.tesco.com/groceries/en-GB/products/259690735,1687615336.291633,"['£1.00', '£0.67/100g']",1.0,£0.67/100g
7680,Breakaway Milk Chocolate Biscuit 8 Pack 152.8G,https://www.tesco.com/groceries/en-GB/products/272708450,1687615336.359315,"['£1.25', '£0.82/100g']",1.25,£0.82/100g
7681,Stockwell & Co Chicken Paste 75G,https://www.tesco.com/groceries/en-GB/products/300535778,1687615336.4316192,"['£0.49', '£0.65/100g']",0.49,£0.65/100g
7682,Tesco Scotch Broth 400G,https://www.tesco.com/groceries/en-GB/products/250412412,1687615336.501912,"['£0.75', '£0.19/100g']",0.75,£0.19/100g
7683,Stockwell & Co 24 Wheat Biscuits 432G,https://www.tesco.com/groceries/en-GB/products/300455629,1687615336.571415,"['£1.00', '£0.23/100g']",1.0,£0.23/100g
7684,Stockwell & Co. Baking Powder 150G,https://www.tesco.com/groceries/en-GB/products/309476129,1687615336.647742,"['£0.57', '£0.38/100g']",0.57,£0.38/100g
7685,La Espanola Extra Virgin Olive Oil Litre,https://www.tesco.com/groceries/en-GB/products/306817499,1687615336.722094,"['£7.40', '£0.74/100ml']",7.4,£0.74/100ml
7686,Warburtons Artisan Tiger Gluten Free 400G,https://www.tesco.com/groceries/en-GB/products/299384611,1687615336.81331,"['£3.50', '£0.88/100g']",3.5,£0.88/100g
7687,Bisto Onion Gravy Granules 190G,https://www.tesco.com/groceries/en-GB/products/309493789,1687615336.879678,"['£3.00', '£1.58/100g']",3.0,£1.58/100g
7688,Tesco Golden Granulated Sugar 1Kg,https://www.tesco.com/groceries/en-GB/products/254917114,1687615336.948537,"['£2.30', '£2.30/kg']",2.3,£2.30/kg
7689,Oxo 24 Beef Stock Cubes 142G,https://www.tesco.com/groceries/en-GB/products/254881068,1687615337.055487,"['£3.10', '£2.18/100g']",3.1,£2.18/100g
7690,Bisto Cheese Sauce Mix 185G,https://www.tesco.com/groceries/en-GB/products/309459029,1687615337.133906,"['£3.00', '£1.62/100g']",3.0,£1.62/100g
7691,Crisp 'N Dry 100% Rapeseed Oil 2 Litre,https://www.tesco.com/groceries/en-GB/products/258732959,1687615337.215175,"['£4.40', '£0.22/100ml']",4.4,£0.22/100ml
7692,Hellmann's Light Squeezy Mayonnaise 430Ml,https://www.tesco.com/groceries/en-GB/products/264364700,1687615337.289204,"['£2.65', '£0.62/100ml']",2.65,£0.62/100ml
7693,Green & Blacks Organic Dark 85% Chocolate 90G,https://www.tesco.com/groceries/en-GB/products/303670376,1687615337.3662379,"['£2.45', '£2.72/100g']",2.45,£2.72/100g
7694,Tesco Dried Yeast 56G,https://www.tesco.com/groceries/en-GB/products/259108442,1687615337.4466612,"['£1.45', '£25.89/kg']",1.45,£25.89/kg
7695,Colman's Parsley Sauce Mix 20G,https://www.tesco.com/groceries/en-GB/products/254881650,1687615337.5152159,"['£1.00', '£5.00/100g']",1.0,£5.00/100g
7696,Kit Kat Milk Chocolate Bar 4 Finger 41.5G X 8 Pack,https://www.tesco.com/groceries/en-GB/products/292573715,1687615337.60055,"['£2.50', '£0.75/100g']",2.5,£0.75/100g
7697,Alpro Single Soya Uht Soya Alternative To Cream 250Ml,https://www.tesco.com/groceries/en-GB/products/255764252,1687615337.67392,"['£1.20', '£0.48/100ml']",1.2,£0.48/100ml
7698,Tesco Italian Cherry Tomatoes 400G,https://www.tesco.com/groceries/en-GB/products/300535513,1687615337.764972,"['£1.25', '£3.12/kg']",1.25,£3.12/kg
7699,Scott's Old Fashion Oat Porridge 1Kg,https://www.tesco.com/groceries/en-GB/products/252330246,1687615337.8427231,"['£2.75', '£0.28/100g']",2.75,£0.28/100g
7700,Ryvita Original Crisp Bread 250G,https://www.tesco.com/groceries/en-GB/products/256001296,1687615337.955621,"['£1.60', '£0.64/100g']",1.6,£0.64/100g
7701,Mcvitie Go Ahead Strawberry Bakes 6X35g,https://www.tesco.com/groceries/en-GB/products/261582803,1687615338.032904,"['£1.85', '£0.88/100g']",1.85,£0.88/100g
7702,Mlekovita Kefir Yogurt Style Drink 1Ltr,https://www.tesco.com/groceries/en-GB/products/278297723,1687615338.193732,"['£1.45', '£145.00/100ml']",1.45,£145.00/100ml
7703,Batchelors Cup A Soup Tomato 93G,https://www.tesco.com/groceries/en-GB/products/270978898,1687615338.34305,"['£1.50', '£1.61/100g']",1.5,£1.61/100g
7704,Blue Riband Original 16X18g,https://www.tesco.com/groceries/en-GB/products/302460851,1687615338.412949,"['£2.25', '£0.78/100g']",2.25,£0.78/100g
7705,Burts Potato Chips Lightly Sea Salted 150G,https://www.tesco.com/groceries/en-GB/products/262858315,1687615338.4805021,"['£1.85', '£1.23/100g']",1.85,£1.23/100g
7706,Belvita Milk & Cereal Biscuits 225G,https://www.tesco.com/groceries/en-GB/products/297544790,1687615338.54915,"['£1.25', '£0.56/100g']",1.25,£0.56/100g
7707,Canderel Granular Sweetener 75G,https://www.tesco.com/groceries/en-GB/products/259321649,1687615338.72679,"['£2.00', '£26.67/kg']",2.0,£26.67/kg
7708,Organix Apple Rice Cake Clouds 40G,https://www.tesco.com/groceries/en-GB/products/311278800,1687615338.7951949,"['£1.40', '£35.00/kg']",1.4,£35.00/kg
7709,Pot Noodle King Sticky Rib Snack 114G,https://www.tesco.com/groceries/en-GB/products/293396917,1687615338.887997,"['£1.40', '£12.28/kg']",1.4,£12.28/kg
7710,Hartleys Sugar Free Jelly Raspberry 23G,https://www.tesco.com/groceries/en-GB/products/252469218,1687615338.9564931,"['£1.20', '£5.22/100g']",1.2,£5.22/100g
7711,Tesco Bbq Beef Flavour Instant Noodles 85G,https://www.tesco.com/groceries/en-GB/products/310135127,1687615339.031629,"['£0.45', '£5.29/kg']",0.45,£5.29/kg
7712,Cadbury Picnic Chocolate Bars Multipack 4 X 38g,https://www.tesco.com/groceries/en-GB/products/292543538,1687615339.0985699,"['£1.50', '£0.99/100g']",1.5,£0.99/100g
7713,Tesco Southern Fried Chicken Flavour Instant Noodles 85G,https://www.tesco.com/groceries/en-GB/products/310164493,1687615339.165279,"['£0.45', '£5.29/kg']",0.45,£5.29/kg
7714,Heinz Classic Lentil & Bacon Soup 400G,https://www.tesco.com/groceries/en-GB/products/279648653,1687615339.234184,"['£1.70', '£0.42/100g']",1.7,£0.42/100g
7715,Heinz Classic Chicken & Sweetcorn Soups 400G,https://www.tesco.com/groceries/en-GB/products/279749159,1687615339.333636,"['£1.70', '£0.42/100g']",1.7,£0.42/100g
7716,Kallo Organic Dark Chocolate Ricecakes 90G,https://www.tesco.com/groceries/en-GB/products/252476868,1687615339.4257479,"['£1.85', '£2.06/100g']",1.85,£2.06/100g
7717,Tesco Fizzy Strawberry Flavour Lances 75G,https://www.tesco.com/groceries/en-GB/products/257133685,1687615339.516149,"['£0.70', '£0.93/100g']",0.7,£0.93/100g
7718,Bahlsen Milk Choco Leibniz 125G,https://www.tesco.com/groceries/en-GB/products/257510953,1687615339.583715,"['£1.60', '£1.28/100g']",1.6,£1.28/100g
7719,Tesco Shrimps & Bananas 80G,https://www.tesco.com/groceries/en-GB/products/275049199,1687615339.716248,"['£0.70', '£0.88/100g']",0.7,£0.88/100g
7720,Batchelors Super Rice Golden Quick Cook 90G,https://www.tesco.com/groceries/en-GB/products/303671761,1687615339.784587,"['£1.00', '£11.11/kg']",1.0,£11.11/kg
7721,Tesco Easy Cook Brown Rice 1Kg,https://www.tesco.com/groceries/en-GB/products/254877454,1687615345.5581498,"['£2.50', '£2.50/kg']",2.5,£2.50/kg
7722,Heinz Mayonnaise Seriously Good 540G,https://www.tesco.com/groceries/en-GB/products/303731541,1687615345.631383,"['£2.50', '£0.46/100g']",2.5,£0.46/100g
7723,Robertsons Golden Shredless Marmalade 454G,https://www.tesco.com/groceries/en-GB/products/256023385,1687615345.70424,"['£2.10', '£0.46/100g']",2.1,£0.46/100g
7724,Maille Dijon Original Mustard 215G,https://www.tesco.com/groceries/en-GB/products/250858535,1687615345.77477,"['£2.65', '£1.23/100g']",2.65,£1.23/100g
7725,Sharwoods Korma Sauce Mild 420G,https://www.tesco.com/groceries/en-GB/products/250526427,1687615345.8431501,"['£2.80', '£0.67/100g']",2.8,£0.67/100g
7726,Tesco Fruit Nut Muesli 750G,https://www.tesco.com/groceries/en-GB/products/265536818,1687615345.91067,"['£2.60', '£0.35/100g']",2.6,£0.35/100g
7727,Baxters Favourite Chicken Broth Soup 400G,https://www.tesco.com/groceries/en-GB/products/267193839,1687615345.9814882,"['£1.90', '£0.48/100g']",1.9,£0.48/100g
7728,Ambrosia Low Fat Custard 4 X 125G,https://www.tesco.com/groceries/en-GB/products/268420639,1687615346.05699,"['£2.95', '£0.59/100g']",2.95,£0.59/100g
7729,Baxters Favourite French Onion Soup 400G,https://www.tesco.com/groceries/en-GB/products/267193897,1687615346.126515,"['£1.90', '£0.48/100g']",1.9,£0.48/100g
7730,Baxters Favourite Cream Of Tomato Soup 400G,https://www.tesco.com/groceries/en-GB/products/267193880,1687615346.1943302,"['£1.90', '£0.48/100g']",1.9,£0.48/100g
7731,Ambrosia Low Fat Rice Pudding 400G Tin,https://www.tesco.com/groceries/en-GB/products/271241795,1687615346.268447,"['£1.60', '£0.40/100g']",1.6,£0.40/100g
7732,Tesco Ready To Eat Apricots 500G,https://www.tesco.com/groceries/en-GB/products/253024187,1687615346.346484,"['£3.70', '£7.40/kg']",3.7,£7.40/kg
7733,Kp Flavoured Kravers Sour Cream & Chive Peanuts 140G,https://www.tesco.com/groceries/en-GB/products/313745014,1687615346.4147189,"['£3.00', '£2.14/100g']",3.0,£2.14/100g
7734,Fuel 10K Golden Syrup Porridge Pot 70G,https://www.tesco.com/groceries/en-GB/products/303313472,1687615346.4851332,"['£1.30', '£1.86/100g']",1.3,£1.86/100g
7735,Tesco Lightly Salted Rice Cakes 130G,https://www.tesco.com/groceries/en-GB/products/306801045,1687615346.5744362,"['£1.25', '£0.96/100g']",1.25,£0.96/100g
7736,Tesco Breadstick Selection 120G,https://www.tesco.com/groceries/en-GB/products/309190462,1687615346.641401,"['£1.70', '£1.42/100g']",1.7,£1.42/100g
7737,Heinz Classic Barbecue Sauce 480G,https://www.tesco.com/groceries/en-GB/products/272781689,1687615346.711508,"['£2.50', '£0.52/100g']",2.5,£0.52/100g
7738,Jordans Country Crisp Chocolate 500G,https://www.tesco.com/groceries/en-GB/products/266388536,1687615346.7816808,"['£1.99', '£0.40/100g']",1.99,£0.40/100g
7739,Tesco Yeast Extract 225G,https://www.tesco.com/groceries/en-GB/products/276976038,1687615346.854976,"['£2.00', '£0.89/100g']",2.0,£0.89/100g
7740,Tesco Finest Raspberry Conserve 340G.,https://www.tesco.com/groceries/en-GB/products/251736033,1687615346.923737,"['£2.40', '£0.71/100g']",2.4,£0.71/100g
7741,Tesco Golden Breadcrumbs 175G,https://www.tesco.com/groceries/en-GB/products/278834077,1687615346.9910989,"['£1.20', '£6.86/kg']",1.2,£6.86/kg
7742,Baxters Crinkle Cut Beetroot 567G,https://www.tesco.com/groceries/en-GB/products/257038602,1687615347.057444,"['£2.25', '£0.56/100g DR.WT']",2.25,£0.56/100g DR.WT
7743,Ocean Spray Seafood Sauce 210G,https://www.tesco.com/groceries/en-GB/products/304799614,1687615347.14515,"['£1.65', '£0.79/100g']",1.65,£0.79/100g
7744,Tesco Taco Seasoning 30G,https://www.tesco.com/groceries/en-GB/products/297237726,1687615347.212223,"['£0.85', '£2.83/100g']",0.85,£2.83/100g
7745,Colman's Chicken Chasseur Recipe Mix 43G,https://www.tesco.com/groceries/en-GB/products/268424756,1687615347.309613,"['£1.00', '£2.33/100g']",1.0,£2.33/100g
7746,Mr Freeze Freeze Pops 20X45ml,https://www.tesco.com/groceries/en-GB/products/276671560,1687615347.38467,"['£1.50', '£0.17/100ml']",1.5,£0.17/100ml
7747,Tesco 50% Less Fat Salad Cream 450Ml,https://www.tesco.com/groceries/en-GB/products/305053205,1687615347.4549398,"['£1.20', '£0.27/100ml']",1.2,£0.27/100ml
7748,Cadbury White Chocolate Fingers Biscuits 114G,https://www.tesco.com/groceries/en-GB/products/306928569,1687615347.525096,"['£1.70', '£1.49/100g']",1.7,£1.49/100g
7749,Tesco Tropical Fruits Granola 1Kg,https://www.tesco.com/groceries/en-GB/products/262580389,1687615347.595705,"['£2.25', '£0.22/100g']",2.25,£0.22/100g
7750,Princes Reduced Salt Corned Beef 340G,https://www.tesco.com/groceries/en-GB/products/263536171,1687615347.667371,"['£3.50', '£1.03/100g']",3.5,£1.03/100g
7751,Walkers Less Salt Salt & Vinegar Crisp 6X25g,https://www.tesco.com/groceries/en-GB/products/311227510,1687615347.735179,"['£1.95', '£1.30/100g']",1.95,£1.30/100g
7752,Tesco Free From Green Pesto 190G,https://www.tesco.com/groceries/en-GB/products/297372421,1687615347.824288,"['£1.10', '£0.58/100g']",1.1,£0.58/100g
7753,Rowntrees Randoms Pouch 150G,https://www.tesco.com/groceries/en-GB/products/292069996,1687615347.896616,"['£1.25', '£0.83/100g']",1.25,£0.83/100g
7754,Idahoan Buttery Mash 109G,https://www.tesco.com/groceries/en-GB/products/296901938,1687615347.963768,"['£1.20', '£11.01/kg']",1.2,£11.01/kg
7755,Tesco Petit Pois & Baby Carrots 340G Jar,https://www.tesco.com/groceries/en-GB/products/259453182,1687615348.031765,"['£1.10', '£5.00/kg DR.WT']",1.1,£5.00/kg DR.WT
7756,Tesco Mint Assortment 200G,https://www.tesco.com/groceries/en-GB/products/268379626,1687615348.107958,"['£1.10', '£0.55/100g']",1.1,£0.55/100g
7757,Birds Dream Topping 36G,https://www.tesco.com/groceries/en-GB/products/277063823,1687615348.176045,"['£1.20', '£3.33/100g']",1.2,£3.33/100g
7758,Blue Dragon Fine Egg Noodles 300G,https://www.tesco.com/groceries/en-GB/products/272854241,1687615348.245705,"['£1.25', '£4.17/kg']",1.25,£4.17/kg
7759,Tesco Onion & Garlic Pasta Sauce 500G,https://www.tesco.com/groceries/en-GB/products/257798116,1687615348.361087,"['£0.95', '£0.19/100g']",0.95,£0.19/100g
7760,Old Speckled Hen Gluten Free English Pale Ale 500Ml,https://www.tesco.com/groceries/en-GB/products/313943459,1687615348.462343,"['£2.00', '£4.00/litre']",2.0,£4.00/litre
7761,Tesco Ground Almonds 250G,https://www.tesco.com/groceries/en-GB/products/312559582,1687615348.5308428,"['£2.75', '£11.00/kg']",2.75,£11.00/kg
7762,Schwartz Black Sesame Seeds 47G,https://www.tesco.com/groceries/en-GB/products/309465800,1687615348.599036,"['£2.00', '£0.43/10g']",2.0,£0.43/10g
7763,Bonne Maman Raspberry Conserve 370G,https://www.tesco.com/groceries/en-GB/products/250782923,1687615348.703833,"['£3.15', '£0.85/100g']",3.15,£0.85/100g
7764,Silver Spoon Half Spoon Sugar 1Kg,https://www.tesco.com/groceries/en-GB/products/255524836,1687615348.7950542,"['£2.80', '£2.80/kg']",2.8,£2.80/kg
7765,Schwartz Ras El Hanout 38G,https://www.tesco.com/groceries/en-GB/products/313614043,1687615348.865607,"['£2.00', '£0.53/10g']",2.0,£0.53/10g
7766,Bens Original Sweet & Sour Sauce 450G,https://www.tesco.com/groceries/en-GB/products/309190957,1687615348.9553332,"['£2.20', '£0.49/100g']",2.2,£0.49/100g
7767,Urban Fruit Pineapple & Coconut 85g,https://www.tesco.com/groceries/en-GB/products/314599317,1687615349.0412369,"['£2.60', '£30.59/kg']",2.6,£30.59/kg
7768,Tesco Medium Curry Powder 80G,https://www.tesco.com/groceries/en-GB/products/255769961,1687615349.132575,"['£1.30', '£0.16/10g']",1.3,£0.16/10g
7769,Dr.Oetker Bicarbonate Soda 200G,https://www.tesco.com/groceries/en-GB/products/282996938,1687615353.907715,"['£1.39', '£0.70/100g']",1.39,£0.70/100g
7770,Tesco Honey & Almond Granola 1Kg,https://www.tesco.com/groceries/en-GB/products/307754726,1687615354.063543,"['£2.25', '£0.22/100g']",2.25,£0.22/100g
7771,Schwartz Lemongrass Jar 7G,https://www.tesco.com/groceries/en-GB/products/305093219,1687615354.134612,"['£2.00', '£2.00/each']",2.0,£2.00/each
7772,Urban Fruit Chewy Banana 110g,https://www.tesco.com/groceries/en-GB/products/314590494,1687615354.226627,"['£2.60', '£23.64/kg']",2.6,£23.64/kg
7773,Propercorn Sweet & Salty 90G Sharing Bag,https://www.tesco.com/groceries/en-GB/products/278170354,1687615354.323179,"['£1.90', '£2.11/100g']",1.9,£2.11/100g
7774,Eat Natural Protein Bar 3 X 45G,https://www.tesco.com/groceries/en-GB/products/284256556,1687615354.4004061,"['£2.40', '£1.78/100g']",2.4,£1.78/100g
7775,Kellogg's Nutrigrain Strawberry 6X37g,https://www.tesco.com/groceries/en-GB/products/267952414,1687615354.490392,"['£2.00', '£0.90/100g']",2.0,£0.90/100g
7776,Napolina Plum Tomatoes 4 X 400G,https://www.tesco.com/groceries/en-GB/products/257467704,1687615354.557044,"['£3.00', '£1.88/kg']",3.0,£1.88/kg
7777,Ambrosia Devon Custard Chocolate 150G,https://www.tesco.com/groceries/en-GB/products/297609454,1687615354.646523,"['£0.95', '£0.63/100g']",0.95,£0.63/100g
7778,Nature Valley Crunchy Granola Oats & Chocolate Bars 5X42g,https://www.tesco.com/groceries/en-GB/products/268413556,1687615354.71315,"['£2.50', '£1.19/100g']",2.5,£1.19/100g
7779,Gummi Zone Fast Food Mix 172G,https://www.tesco.com/groceries/en-GB/products/313954792,1687615354.8372622,"['£2.00', '£1.16/100g']",2.0,£1.16/100g
7780,Lindt Lindor Milk Truffles 37G,https://www.tesco.com/groceries/en-GB/products/306503726,1687615354.906625,"['£1.75', '£4.73/100g']",1.75,£4.73/100g
7781,Batchelors Cup A Soup Special Chicken Noodle 4S 94G,https://www.tesco.com/groceries/en-GB/products/254202983,1687615354.985152,"['£1.50', '£1.60/100g']",1.5,£1.60/100g
7782,Tesco Reduced Fat Red Pesto 190G,https://www.tesco.com/groceries/en-GB/products/289376515,1687615355.05508,"['£1.25', '£0.66/100g']",1.25,£0.66/100g
7784,Tesco Onion Granules 52G,https://www.tesco.com/groceries/en-GB/products/268449767,1687615355.190562,"['£0.90', '£0.17/10g']",0.9,£0.17/10g
7785,Cadbury Marvellous Creations Dairy Milk Chocolate Bar 160G,https://www.tesco.com/groceries/en-GB/products/311270359,1687615355.261895,"['£2.00', '£1.25/100g']",2.0,£1.25/100g
7786,Pink Panther Wafers 154G,https://www.tesco.com/groceries/en-GB/products/313001244,1687615355.328137,"['£0.90', '£0.58/100g']",0.9,£0.58/100g
7787,Propercorn Lightly Sea Salt Popcorn 6X10g,https://www.tesco.com/groceries/en-GB/products/297511908,1687615355.394079,"['£1.90', '£3.17/100g']",1.9,£3.17/100g
7788,Tesco Worcester Sauce 150Ml,https://www.tesco.com/groceries/en-GB/products/297372202,1687615355.4652429,"['£1.00', '£0.67/100ml']",1.0,£0.67/100ml
7789,Mugshot Roast Chicken Pasta 55G,https://www.tesco.com/groceries/en-GB/products/266584914,1687615355.531243,"['£1.00', '£18.18/kg']",1.0,£18.18/kg
7790,Ferrero Kinder Happy Hippo Single 20.7G,https://www.tesco.com/groceries/en-GB/products/253883701,1687615355.5980191,"['£0.25', '£1.21/100g']",0.25,£1.21/100g
7791,Batchelors Bigga Dried Peas 250G,https://www.tesco.com/groceries/en-GB/products/254875859,1687615355.663716,"['£0.90', '£3.60/kg']",0.9,£3.60/kg
7792,Tesco Milk Bottles 75G,https://www.tesco.com/groceries/en-GB/products/270965130,1687615355.73363,"['£0.70', '£0.93/100g']",0.7,£0.93/100g
7793,Tesco Vegetable Gravy Granules 200G,https://www.tesco.com/groceries/en-GB/products/259557543,1687615355.8049312,"['£0.95', '£0.48/100g']",0.95,£0.48/100g
7794,Tesco Free From Chocolate Chip Cookie Dairy Free 145G,https://www.tesco.com/groceries/en-GB/products/291368610,1687615355.873116,"['£1.50', '£1.03/100g']",1.5,£1.03/100g
7795,Tesco Toffee 175G,https://www.tesco.com/groceries/en-GB/products/306656274,1687615355.944949,"['£1.10', '£0.63/100g']",1.1,£0.63/100g
7796,Napolina Red Kidney Beans 400G,https://www.tesco.com/groceries/en-GB/products/264448861,1687615356.0116868,"['£1.00', '£4.17/kg DR.WT']",1.0,£4.17/kg DR.WT
7797,Tesco Borlotti Beans In Water 400G,https://www.tesco.com/groceries/en-GB/products/262489966,1687615356.0784,"['£0.65', '£2.64/kg DR.WT']",0.65,£2.64/kg DR.WT
7798,Glenryck Pilchards In Tomato Sauce 155G,https://www.tesco.com/groceries/en-GB/products/254863672,1687615356.145974,"['£0.65', '£0.42/100g']",0.65,£0.42/100g
7799,Tesco Lemon Curd 411G,https://www.tesco.com/groceries/en-GB/products/254851398,1687615356.211794,"['£1.10', '£0.27/100g']",1.1,£0.27/100g
7800,Tesco Mixed Vegetables In Water 300G,https://www.tesco.com/groceries/en-GB/products/304378829,1687615356.2763321,"['£0.40', '£2.05/kg DR.WT']",0.4,£2.05/kg DR.WT
7801,Sunpat Peanut Butter Smooth 400G,https://www.tesco.com/groceries/en-GB/products/300226319,1687615356.349091,"['£3.80', '£0.95/100g']",3.8,£0.95/100g
7802,Dairy Box Boxed Chocolates 326G,https://www.tesco.com/groceries/en-GB/products/309789428,1687615356.414521,"['£7.00', '£2.15/100g']",7.0,£2.15/100g
7803,Tesco Capers 190G,https://www.tesco.com/groceries/en-GB/products/285634113,1687615356.4809952,"['£2.10', '£1.75/100g DR.WT']",2.1,£1.75/100g DR.WT
7804,Bisto Reduced Salt Chicken Gravy Granules 190G,https://www.tesco.com/groceries/en-GB/products/309489668,1687615356.547464,"['£3.00', '£1.58/100g']",3.0,£1.58/100g
7805,Weetabix On The Go Chocolate Drink 250Ml,https://www.tesco.com/groceries/en-GB/products/282391070,1687615356.614729,"['£1.50', '£0.60/100ml']",1.5,£0.60/100ml
7806,Old El Paso Smoky Bbq Family Fajita Kit 750G,https://www.tesco.com/groceries/en-GB/products/265780741,1687615356.6812391,"['£3.49', '£3.49/each']",3.49,£3.49/each
7807,Indonesian Mie Mi Goreng Stir-Fry Instant Noodles 80G,https://www.tesco.com/groceries/en-GB/products/293459118,1687615356.8249469,"['£0.90', '£11.25/kg']",0.9,£11.25/kg
7808,Maldon Sea Salt 250G,https://www.tesco.com/groceries/en-GB/products/257410991,1687615356.893064,"['£2.50', '£10.00/kg']",2.5,£10.00/kg
7809,Tesco Ready To Roll Fondant Icing 1Kg,https://www.tesco.com/groceries/en-GB/products/250535520,1687615356.962637,"['£2.25', '£0.22/100g']",2.25,£0.22/100g
7810,Baxters Favourite Lentil & Bacon Soup 400G,https://www.tesco.com/groceries/en-GB/products/267193937,1687615357.0334752,"['£1.90', '£0.48/100g']",1.9,£0.48/100g
7811,Tesco Sweet Chilli & Garlic Sauce 250Ml,https://www.tesco.com/groceries/en-GB/products/306818999,1687615357.100218,"['£1.80', '£0.72/100ml']",1.8,£0.72/100ml
7812,Mr. Porky Crispy Pork Strips 35G,https://www.tesco.com/groceries/en-GB/products/306811004,1687615357.16771,"['£1.05', '£3.00/100g']",1.05,£3.00/100g
7813,Nestle Shredded Wheat Honey Nut Cereal 500G,https://www.tesco.com/groceries/en-GB/products/257050667,1687615357.234805,"['£2.49', '£0.50/100g']",2.49,£0.50/100g
7814,Nairns Gluten Free Chocolate Chip Biscuits 160G,https://www.tesco.com/groceries/en-GB/products/282012007,1687615357.303898,"['£2.00', '£1.25/100g']",2.0,£1.25/100g
7815,Whitworths Dried Golden Malatya Apricots 140G,https://www.tesco.com/groceries/en-GB/products/286783732,1687615357.388428,"['£2.00', '£14.29/kg']",2.0,£14.29/kg
7816,Princes Corned Beef 200G,https://www.tesco.com/groceries/en-GB/products/258859585,1687615357.482388,"['£3.00', '£1.50/100g']",3.0,£1.50/100g
7817,Tesco Yogurt Coated Strawberry Fruit Bites 125G,https://www.tesco.com/groceries/en-GB/products/270934167,1687615365.0706172,"['£1.90', '£1.52/100g']",1.9,£1.52/100g
7818,Pataks Medium Balti Cooking Sauce 450G,https://www.tesco.com/groceries/en-GB/products/274739663,1687615365.191898,"['£2.00', '£0.44/100g']",2.0,£0.44/100g
7819,Tesco Crunchy Peanut Butter 340G,https://www.tesco.com/groceries/en-GB/products/264769567,1687615365.26263,"['£1.50', '£0.44/100g']",1.5,£0.44/100g
7820,Napolina Spaghetti Box 500G,https://www.tesco.com/groceries/en-GB/products/308113228,1687615365.339798,"['£1.50', '£3.00/kg']",1.5,£3.00/kg
7821,Tesco Basil 18G,https://www.tesco.com/groceries/en-GB/products/300456347,1687615365.413107,"['£0.90', '£50.00/kg']",0.9,£50.00/kg
7822,Kellogg's Raisin Wheats 450G,https://www.tesco.com/groceries/en-GB/products/305962546,1687615365.4931011,"['£1.95', '£0.43/100g']",1.95,£0.43/100g
7823,Nairns Rough Oatcakes 291G,https://www.tesco.com/groceries/en-GB/products/272434652,1687615365.562009,"['£1.25', '£0.43/100g']",1.25,£0.43/100g
7824,Nature Valley Crunchy Granola Variety Cereal Bars 5 X 42G,https://www.tesco.com/groceries/en-GB/products/293379247,1687615365.6301298,"['£2.50', '£1.19/100g']",2.5,£1.19/100g
7825,Tilda Steamed Brown Basmati & Quinoa 250G,https://www.tesco.com/groceries/en-GB/products/284851358,1687615365.721534,"['£1.25', '£5.00/kg']",1.25,£5.00/kg
7826,Stockwell & Co Vegetable Soup 400G,https://www.tesco.com/groceries/en-GB/products/300524002,1687615365.790278,"['£0.67', '£0.17/100g']",0.67,£0.17/100g
7827,Colman's Shepherd's Pie Recipe Mix 50G,https://www.tesco.com/groceries/en-GB/products/251313211,1687615365.866097,"['£1.00', '£2.00/100g']",1.0,£2.00/100g
7828,Batchelors Cup A Soup Special Cream Of Mushroom 4S 99G,https://www.tesco.com/groceries/en-GB/products/254205064,1687615365.934658,"['£1.50', '£1.52/100g']",1.5,£1.52/100g
7829,Tilda Coconut Basmati Rice 250G,https://www.tesco.com/groceries/en-GB/products/271326154,1687615366.0154161,"['£1.25', '£5.00/kg']",1.25,£5.00/kg
7830,Kellogg's Fruit Winders Double Apple & Strawberry 5X17g,https://www.tesco.com/groceries/en-GB/products/309163190,1687615366.085282,"['£1.50', '£1.76/100g']",1.5,£1.76/100g
7832,Nissin Soba Chilli Instant Noodles 92G,https://www.tesco.com/groceries/en-GB/products/286213028,1687615366.225229,"['£1.70', '£18.48/kg']",1.7,£18.48/kg
7833,Tuc Original Snack Cracker 100G,https://www.tesco.com/groceries/en-GB/products/274813431,1687615366.29411,"['£1.20', '£1.20/100g']",1.2,£1.20/100g
7834,Blue Dragon Chow Mein Stir Fry Sauce 120G,https://www.tesco.com/groceries/en-GB/products/295871790,1687615366.364382,"['£0.95', '£0.79/100g']",0.95,£0.79/100g
7835,Tesco Beef Stockpot 4 Pack 112G,https://www.tesco.com/groceries/en-GB/products/289036757,1687615366.4666991,"['£1.20', '£1.07/100g']",1.2,£1.07/100g
7836,Kallo Organic Milk Chocolate Thin Rice Cakes 90G,https://www.tesco.com/groceries/en-GB/products/252476845,1687615366.535557,"['£1.85', '£2.06/100g']",1.85,£2.06/100g
7837,Schwartz Authentic Chicken Casserole Mix 36G,https://www.tesco.com/groceries/en-GB/products/251975573,1687615366.6291971,"['£0.95', '£2.64/100g']",0.95,£2.64/100g
7838,Alpen Light Chocolate & Fudge Bar 5X19g,https://www.tesco.com/groceries/en-GB/products/271252724,1687615366.723864,"['£1.00', '£1.05/100g']",1.0,£1.05/100g
7839,Tesco Cashew Nuts 25G,https://www.tesco.com/groceries/en-GB/products/299497633,1687615366.793769,"['£0.50', '£2.00/100g']",0.5,£2.00/100g
7840,Tesco Stewed Steak 392G,https://www.tesco.com/groceries/en-GB/products/307744180,1687615366.926189,"['£2.35', '£6.00/kg DR.WT']",2.35,£6.00/kg DR.WT
7841,Bovril Beef Extract 250G,https://www.tesco.com/groceries/en-GB/products/254880858,1687615366.9974132,"['£4.40', '£1.76/100g']",4.4,£1.76/100g
7842,Dolmio Bolognese Onion & Garlic Pasta Sauce 500G,https://www.tesco.com/groceries/en-GB/products/262528038,1687615367.068606,"['£2.50', '£0.50/100g']",2.5,£0.50/100g
7843,Blue Dragon Sweet Chilli Dipping Sauce 190Ml,https://www.tesco.com/groceries/en-GB/products/250538586,1687615367.136215,"['£1.90', '£1.00/100ml']",1.9,£1.00/100ml
7844,Dolmio Pasta Bake Creamy Tomato Pasta Sauce 500G,https://www.tesco.com/groceries/en-GB/products/253538950,1687615367.206505,"['£2.50', '£0.50/100g']",2.5,£0.50/100g
7845,Baxters Favourite Minestrone Soup 400G,https://www.tesco.com/groceries/en-GB/products/267193966,1687615367.2728598,"['£1.90', '£0.48/100g']",1.9,£0.48/100g
7846,Tesco Seedless Raisins 12 Pack 168G,https://www.tesco.com/groceries/en-GB/products/303001858,1687615367.339776,"['£1.40', '£8.33/kg']",1.4,£8.33/kg
7847,Tesco Pizza Base Mix 145G,https://www.tesco.com/groceries/en-GB/products/265869171,1687615367.412061,"['£0.80', '£5.52/kg']",0.8,£5.52/kg
7848,Marmite Yeast Extract 125G,https://www.tesco.com/groceries/en-GB/products/254880962,1687615367.4796312,"['£2.30', '£1.84/100g']",2.3,£1.84/100g
7849,Billingtons Golden Icing Sugar 500G,https://www.tesco.com/groceries/en-GB/products/276673615,1687615367.54623,"['£1.80', '£3.60/kg']",1.8,£3.60/kg
7850,Tesco Finest Beef Stock 450Ml,https://www.tesco.com/groceries/en-GB/products/278757151,1687615367.612656,"['£2.00', '£0.44/100ml']",2.0,£0.44/100ml
7851,Alpro Dark Chocolate Soya Dessert 4X125g,https://www.tesco.com/groceries/en-GB/products/262697292,1687615367.678972,"['£1.85', '£0.37/100g']",1.85,£0.37/100g
7852,Fuel 10K Chocolate Porridge Pot 70G,https://www.tesco.com/groceries/en-GB/products/303313495,1687615367.7467132,"['£1.30', '£1.86/100g']",1.3,£1.86/100g
7853,Graze Cocoa & Vanilla Bar 4 X 30G,https://www.tesco.com/groceries/en-GB/products/296445631,1687615367.9174871,"['£2.75', '£2.29/100g']",2.75,£2.29/100g
7854,Tesco Original 270G,https://www.tesco.com/groceries/en-GB/products/285091302,1687615368.0090282,"['£1.20', '£0.44/100g']",1.2,£0.44/100g
7855,Pataks Butter Chicken Cooking Sauce 450G,https://www.tesco.com/groceries/en-GB/products/274746677,1687615368.076989,"['£2.00', '£0.44/100g']",2.0,£0.44/100g
7856,Tesco Coconut Cream 160Ml,https://www.tesco.com/groceries/en-GB/products/272374929,1687615368.146223,"['£1.10', '£6.88/litre']",1.1,£6.88/litre
7857,Heinz Macaroni Cheese 400G,https://www.tesco.com/groceries/en-GB/products/252750031,1687615368.213918,"['£2.00', '£5.00/kg']",2.0,£5.00/kg
7858,Tesco Chunky Vegetable Soup 400G,https://www.tesco.com/groceries/en-GB/products/290133664,1687615368.307189,"['£1.10', '£0.28/100g']",1.1,£0.28/100g
7859,Ocean Spray Horseradish Sauce 215G,https://www.tesco.com/groceries/en-GB/products/304784706,1687615368.377354,"['£1.65', '£0.77/100g']",1.65,£0.77/100g
7860,Batchelors Chicken & Herb Super Noodles Low Fat 81G,https://www.tesco.com/groceries/en-GB/products/303671869,1687615368.444316,"['£0.99', '£12.22/kg']",0.99,£12.22/kg
7861,Walkers Baked Prawn Cocktail Crisps 6 X 22G,https://www.tesco.com/groceries/en-GB/products/311276480,1687615368.514117,"['£1.95', '£1.48/100g']",1.95,£1.48/100g
7862,Tesco White Golden Vegetable Microwave Rice 250G,https://www.tesco.com/groceries/en-GB/products/292818970,1687615368.5894442,"['£0.85', '£3.40/kg']",0.85,£3.40/kg
7863,Kingfisher Sliced Water Chestnuts 225G,https://www.tesco.com/groceries/en-GB/products/277064603,1687615368.6615539,"['£1.15', '£0.51/100g']",1.15,£0.51/100g
7864,Tilda Steamed Lime & Coriander Basmati Rice 250G,https://www.tesco.com/groceries/en-GB/products/262312184,1687615368.729579,"['£1.25', '£5.00/kg']",1.25,£5.00/kg
7865,La Doria Ratatouille Provencale 390G,https://www.tesco.com/groceries/en-GB/products/258437779,1687615374.506751,"['£1.35', '£3.46/kg']",1.35,£3.46/kg
7866,Koka Instant Noodles Vegetable Flavour 85G,https://www.tesco.com/groceries/en-GB/products/254462363,1687615374.605393,"['£0.55', '£6.47/kg']",0.55,£6.47/kg
7867,Organix Summer Fruits Rice Cake Clouds 40G,https://www.tesco.com/groceries/en-GB/products/311217127,1687615374.676669,"['£1.40', '£35.00/kg']",1.4,£35.00/kg
7868,Tesco Mint Imperials 200G,https://www.tesco.com/groceries/en-GB/products/274038185,1687615374.7424068,"['£1.10', '£0.55/100g']",1.1,£0.55/100g
7869,Hartleys Ready To Eat Jelly Orange 125G,https://www.tesco.com/groceries/en-GB/products/252468398,1687615374.812887,"['£0.80', '£0.64/100g']",0.8,£0.64/100g
7870,Mugshot Chicken & Sweetcorn Noodles 54G,https://www.tesco.com/groceries/en-GB/products/253426005,1687615374.907107,"['£1.00', '£18.52/kg']",1.0,£18.52/kg
7871,Skinny Crunch Light Salted Caramel 5X19g,https://www.tesco.com/groceries/en-GB/products/312702695,1687615374.9740999,"['£1.15', '£1.21/100g']",1.15,£1.21/100g
7872,Alpen Light Cereal Bar Chocolate Raspberry Shortcakes 5X19g,https://www.tesco.com/groceries/en-GB/products/305974083,1687615375.039267,"['£1.00', '£1.05/100g']",1.0,£1.05/100g
7873,Tesco Chocolate Malted Milk Biscuits 250G,https://www.tesco.com/groceries/en-GB/products/266045712,1687615375.107569,"['£1.20', '£0.48/100g']",1.2,£0.48/100g
7874,Starburst Original Fruit Chews 152G,https://www.tesco.com/groceries/en-GB/products/311221856,1687615375.202726,"['£0.99', '£0.65/100g']",0.99,£0.65/100g
7875,Tesco Mexican Inspired Rice 250G,https://www.tesco.com/groceries/en-GB/products/292818646,1687615375.271607,"['£0.85', '£3.40/kg']",0.85,£3.40/kg
7876,Blue Riband Original 8X18g,https://www.tesco.com/groceries/en-GB/products/302460809,1687615375.345234,"['£1.25', '£0.87/100g']",1.25,£0.87/100g
7877,Tesco Egg Rice 250G,https://www.tesco.com/groceries/en-GB/products/251680458,1687615375.4146829,"['£0.85', '£3.40/kg']",0.85,£3.40/kg
7878,Tesco Chicken & Sweetcorn Flavour Microwave Rice 250G,https://www.tesco.com/groceries/en-GB/products/292819030,1687615375.482005,"['£0.85', '£3.40/kg']",0.85,£3.40/kg
7879,Tesco Wholegrain Spicy Mexican Inspired Rice 250G,https://www.tesco.com/groceries/en-GB/products/292818871,1687615375.548552,"['£0.85', '£3.40/kg']",0.85,£3.40/kg
7880,Hearty Food Co Chicken & Mushroom Flavoured Noodles 70G,https://www.tesco.com/groceries/en-GB/products/300455803,1687615375.614568,"['£0.54', '£7.71/kg']",0.54,£7.71/kg
7881,Silver Spoon Caster Sugar 2Kg,https://www.tesco.com/groceries/en-GB/products/287281843,1687615375.690138,"['£4.20', '£2.10/kg']",4.2,£2.10/kg
7882,Fox's Fabulously Biscuits 275G,https://www.tesco.com/groceries/en-GB/products/301516241,1687615375.7633889,"['£4.50', '£1.64/100g']",4.5,£1.64/100g
7883,Alpro Growing Up Oat Drink 1 Litre,https://www.tesco.com/groceries/en-GB/products/310662597,1687615375.842407,"['£2.10', '£2.10/litre']",2.1,£2.10/litre
7884,Yutaka Panko Breadcrumbs 180G,https://www.tesco.com/groceries/en-GB/products/277585804,1687615375.918396,"['£2.35', '£1.31/100g']",2.35,£1.31/100g
7885,Tesco Finest Belgian Biscuit Selection 400G,https://www.tesco.com/groceries/en-GB/products/278636951,1687615375.9887419,"['£6.00', '£1.50/100g']",6.0,£1.50/100g
7886,Mrs Elswood Sweet Cucumber Spears 670G,https://www.tesco.com/groceries/en-GB/products/254867875,1687615376.053938,"['£2.65', '£0.74/100g DR.WT']",2.65,£0.74/100g DR.WT
7887,Tesco Chilli Con Carne 392G,https://www.tesco.com/groceries/en-GB/products/307737959,1687615376.122257,"['£2.40', '£6.12/kg']",2.4,£6.12/kg
7888,Port Royal Lamb Jamaican Patty 140G,https://www.tesco.com/groceries/en-GB/products/260709225,1687615376.2008052,"['£1.10', '£0.79/100g']",1.1,£0.79/100g
7889,Fibre One Chocolate Fudge Brownie Reduced Sugar 5 X 24G,https://www.tesco.com/groceries/en-GB/products/305829826,1687615376.270818,"['£2.60', '£2.17/100g']",2.6,£2.17/100g
7890,Geeta's Mango Chutney 320G,https://www.tesco.com/groceries/en-GB/products/257413982,1687615376.341434,"['£2.30', '£0.72/100g']",2.3,£0.72/100g
7891,Tilda Brown Steamed Basmati Rice Classic 250G,https://www.tesco.com/groceries/en-GB/products/262313373,1687615376.408383,"['£0.95', '£3.80/kg']",0.95,£3.80/kg
7892,Dr.Oetker Baking Powder Tub 170G,https://www.tesco.com/groceries/en-GB/products/282996414,1687615376.486788,"['£1.39', '£0.82/100g']",1.39,£0.82/100g
7893,Walkers Wotsits Crunchy Cheese Snacks 140G,https://www.tesco.com/groceries/en-GB/products/311255764,1687615376.557066,"['£2.50', '£1.79/100g']",2.5,£1.79/100g
7894,Lancashire Farm Natural Fat Free Yogurt 1Kg,https://www.tesco.com/groceries/en-GB/products/281381417,1687615376.625791,"['£1.80', '£0.18/100g']",1.8,£0.18/100g
7895,Kinder Bueno White Chocolate Bars Multipack 4 X 39g,https://www.tesco.com/groceries/en-GB/products/266183110,1687615376.693619,"['£2.25', '£1.44/100g']",2.25,£1.44/100g
7896,Tesco Smooth Tomato Sauce 200G,https://www.tesco.com/groceries/en-GB/products/283052424,1687615376.760376,"['£1.10', '£0.55/100g']",1.1,£0.55/100g
7897,Snack A Jacks Jumbo Salt & Vinegar Rice Cakes 126G,https://www.tesco.com/groceries/en-GB/products/264786241,1687615376.8263009,"['£2.25', '£1.79/100g']",2.25,£1.79/100g
7898,Ambrosia Deluxe Custard 400G,https://www.tesco.com/groceries/en-GB/products/309464853,1687615376.8932722,"['£2.20', '£0.55/100g']",2.2,£0.55/100g
7899,Nakd Peanut Delight 4X35g,https://www.tesco.com/groceries/en-GB/products/294995640,1687615376.960324,"['£3.00', '£2.14/100g']",3.0,£2.14/100g
7900,Nature Valley Granola Bars Maple Syrup 5 Pack,https://www.tesco.com/groceries/en-GB/products/280448128,1687615377.0952718,"['£2.50', '£1.19/100g']",2.5,£1.19/100g
7901,Tesco Ready To Roll Golden Marzipan 500G,https://www.tesco.com/groceries/en-GB/products/254914590,1687615377.185314,"['£2.20', '£0.44/100g']",2.2,£0.44/100g
7902,Tesco Mixed Herbs 18G ..,https://www.tesco.com/groceries/en-GB/products/300456480,1687615377.253932,"['£0.90', '£0.50/10g']",0.9,£0.50/10g
7903,Mama Kimchi Noodles 90G,https://www.tesco.com/groceries/en-GB/products/259376618,1687615377.321331,"['£0.75', '£8.33/kg']",0.75,£8.33/kg
7904,Tesco Coconut Drink 1 Litre,https://www.tesco.com/groceries/en-GB/products/307759312,1687615377.390604,"['£1.25', '£1.25/litre']",1.25,£1.25/litre
7905,Schar Pretzels 60G,https://www.tesco.com/groceries/en-GB/products/291360744,1687615377.4572082,"['£1.10', '£1.83/100g']",1.1,£1.83/100g
7906,Tilda Peri Peri Basmati Rice 250G,https://www.tesco.com/groceries/en-GB/products/303823489,1687615377.5301728,"['£1.25', '£5.00/kg']",1.25,£5.00/kg
7907,Nissin Demae Ramen Beef Noodles 100G,https://www.tesco.com/groceries/en-GB/products/276846803,1687615377.5960672,"['£0.65', '£6.50/kg']",0.65,£6.50/kg
7908,Peppa Pig Mini Snack Raisins 9X14g,https://www.tesco.com/groceries/en-GB/products/289082062,1687615377.667579,"['£1.00', '£7.94/kg']",1.0,£7.94/kg
7909,Bassetts Jelly Babies 190G,https://www.tesco.com/groceries/en-GB/products/272492680,1687615377.73547,"['£1.50', '£0.79/100g']",1.5,£0.79/100g
7910,Mcvitie's Mini Gingerbread Men 6X19g,https://www.tesco.com/groceries/en-GB/products/311780591,1687615377.810505,"['£1.25', '£1.10/100g']",1.25,£1.10/100g
7911,Stockwell & Co. Sweeteners 850S,https://www.tesco.com/groceries/en-GB/products/301051611,1687615377.8785112,"['£0.98', '£0.00/each']",0.98,£0.00/each
7912,Schwartz Extra Mature Cheddar Cheese Sauce 30G,https://www.tesco.com/groceries/en-GB/products/310105587,1687615377.947524,"['£0.95', '£3.17/100g']",0.95,£3.17/100g
7913,Blue Dragon Sweet & Sour Stir Fry Sauce 120G,https://www.tesco.com/groceries/en-GB/products/295871732,1687615383.506916,"['£0.95', '£0.79/100g']",0.95,£0.79/100g
7914,Mars Twix Chocolate Bars Multipack 4 X 40g,https://www.tesco.com/groceries/en-GB/products/288912338,1687615383.608406,"['£1.65', '£1.03/100g']",1.65,£1.03/100g
7915,Birds Instant Custard Original 3X75g 225G,https://www.tesco.com/groceries/en-GB/products/260012254,1687615383.681958,"['£2.00', '£0.89/100g']",2.0,£0.89/100g
7916,Tesco Wild Pacific Pink Salmon 212G,https://www.tesco.com/groceries/en-GB/products/258098062,1687615383.756094,"['£1.70', '£0.80/100g']",1.7,£0.80/100g
7917,Schwartz Shepherds Pie Casserole Mix 38G,https://www.tesco.com/groceries/en-GB/products/251975596,1687615383.826305,"['£0.95', '£2.50/100g']",0.95,£2.50/100g
7918,Wagon Wheels Original Biscuit 6 Pack,https://www.tesco.com/groceries/en-GB/products/257595500,1687615383.929678,"['£1.15', '£0.19/each']",1.15,£0.19/each
7919,Golden Wonder Cheese & Onion Crisps 6X25g,https://www.tesco.com/groceries/en-GB/products/251017746,1687615384.031808,"['£1.30', '£0.87/100g']",1.3,£0.87/100g
7920,Tropical Sun American Style Root Beer 330Ml,https://www.tesco.com/groceries/en-GB/products/290982038,1687615384.110173,"['£0.85', '£0.26/100ml']",0.85,£0.26/100ml
7921,Maggi Juicy Sweet Chili Halloumi 41g,https://www.tesco.com/groceries/en-GB/products/314094125,1687615384.1867452,"['£0.70', '£1.71/100g']",0.7,£1.71/100g
7922,Heinz Minions Pasta Shapes 205G,https://www.tesco.com/groceries/en-GB/products/293061916,1687615384.2584589,"['£0.75', '£3.66/kg']",0.75,£3.66/kg
7923,M&M's Peanut Milk Chocolate Bag 125G,https://www.tesco.com/groceries/en-GB/products/303667657,1687615384.3290932,"['£1.50', '£1.20/100g']",1.5,£1.20/100g
7924,Tesco Chocolate Chip Digestive Biscuits 400G,https://www.tesco.com/groceries/en-GB/products/265273276,1687615384.404777,"['£0.85', '£0.21/100g']",0.85,£0.21/100g
7925,Shagun Paneer Cheese,https://www.tesco.com/groceries/en-GB/products/254908718,1687615384.4732668,"['£1.91', '£8.30/kg']",1.91,£8.30/kg
7926,Tesco Duck Fat 320G,https://www.tesco.com/groceries/en-GB/products/309471838,1687615384.55359,"['£4.30', '£1.34/100g']",4.3,£1.34/100g
7928,Marigold Swiss Vegetable Bouillon Powder 150G,https://www.tesco.com/groceries/en-GB/products/255956181,1687615384.6955788,"['£2.30', '£1.53/100g']",2.3,£1.53/100g
7929,Mrs Elswood Whole Sweet Cucumbers 670G,https://www.tesco.com/groceries/en-GB/products/254867161,1687615384.769994,"['£2.65', '£0.74/100g DR.WT']",2.65,£0.74/100g DR.WT
7930,Tesco Black Peppercorn Grinder 50G,https://www.tesco.com/groceries/en-GB/products/257724971,1687615384.8441222,"['£2.30', '£46.00/kg']",2.3,£46.00/kg
7931,Bens Original Sweet & Sour Extra Pineapple Sauce 450G,https://www.tesco.com/groceries/en-GB/products/309172305,1687615384.918577,"['£2.20', '£0.49/100g']",2.2,£0.49/100g
7932,Port Royal Chicken Jamaican Patty 140G,https://www.tesco.com/groceries/en-GB/products/260709536,1687615384.9904268,"['£1.10', '£0.79/100g']",1.1,£0.79/100g
7933,Quaker Oat So Simple Sultana Raisin Cranberry 10X38.5G,https://www.tesco.com/groceries/en-GB/products/263998683,1687615385.057584,"['£3.50', '£0.91/100g']",3.5,£0.91/100g
7934,Heinz Weight Watchers Tomato Soup 295G Can,https://www.tesco.com/groceries/en-GB/products/254872131,1687615385.146963,"['£1.30', '£0.44/100g']",1.3,£0.44/100g
7935,Lindt Excellence Touch Of Sea Salt Chocolate Bar 100G,https://www.tesco.com/groceries/en-GB/products/266726834,1687615385.255358,"['£2.45', '£2.45/100g']",2.45,£2.45/100g
7936,Homepride Pasta Bake Creamy Tuna 485G,https://www.tesco.com/groceries/en-GB/products/301517637,1687615385.348825,"['£2.80', '£0.58/100g']",2.8,£0.58/100g
7937,Quaker Oat So Simple Apple & Blueberry Porridge 57G,https://www.tesco.com/groceries/en-GB/products/268060828,1687615385.4467368,"['£1.30', '£2.28/100g']",1.3,£2.28/100g
7938,Knorr Ham Stock Cubes 8 X 10G,https://www.tesco.com/groceries/en-GB/products/254881212,1687615385.542672,"['£1.90', '£2.38/100g']",1.9,£2.38/100g
7939,Auntys Sticky Toffee Puddings 2 X 95G,https://www.tesco.com/groceries/en-GB/products/257842554,1687615385.6119502,"['£1.50', '£0.79/100g']",1.5,£0.79/100g
7940,John West Infusions Tuna Sweet Chilli 80G,https://www.tesco.com/groceries/en-GB/products/312232588,1687615385.693778,"['£1.80', '£22.50/kg']",1.8,£22.50/kg
7941,Opies Mini Gherkins 227G,https://www.tesco.com/groceries/en-GB/products/258193559,1687615385.765281,"['£1.35', '£1.17/100g']",1.35,£1.17/100g
7942,Kellogg's Nutri-Grain Chocolate Chip 6X45g,https://www.tesco.com/groceries/en-GB/products/262103875,1687615385.834639,"['£2.50', '£0.93/100g']",2.5,£0.93/100g
7943,Warburtons White Loaf Gluten Free 300G,https://www.tesco.com/groceries/en-GB/products/299384732,1687615385.9312482,"['£2.15', '£0.72/100g']",2.15,£0.72/100g
7944,Mars Maltesers Fun Size Chocolate Bars Multipack 11 X 19.5g,https://www.tesco.com/groceries/en-GB/products/311799039,1687615386.001987,"['£3.50', '£1.63/100g']",3.5,£1.63/100g
7945,Billingtons Light Brown Sugar 500G,https://www.tesco.com/groceries/en-GB/products/303667939,1687615386.0821161,"['£1.95', '£3.90/kg']",1.95,£3.90/kg
7946,Lotus Biscoff Sandwich Original Cream 150G,https://www.tesco.com/groceries/en-GB/products/305835156,1687615386.1734312,"['£1.75', '£1.17/100g']",1.75,£1.17/100g
7947,Tesco Super Smooth Porridge 750G,https://www.tesco.com/groceries/en-GB/products/256184216,1687615386.315592,"['£2.00', '£0.27/100g']",2.0,£0.27/100g
7949,Tesco Cider Vinegar 350Ml,https://www.tesco.com/groceries/en-GB/products/297021296,1687615386.455203,"['£1.30', '£0.37/100ml']",1.3,£0.37/100ml
7950,Tesco Free From Wholegrain Rice Cakes 130G,https://www.tesco.com/groceries/en-GB/products/284384968,1687615386.522434,"['£1.10', '£0.85/100g']",1.1,£0.85/100g
7951,Jacobs Cracker Crisps Sour Cream & Chive 150G,https://www.tesco.com/groceries/en-GB/products/287841256,1687615386.598687,"['£1.25', '£0.83/100g']",1.25,£0.83/100g
7952,Tesco Ground Turmeric 45G,https://www.tesco.com/groceries/en-GB/products/257025479,1687615386.668689,"['£0.90', '£0.20/10g']",0.9,£0.20/10g
7953,Fibre One Milk Chocolate Popcorn Bars 4 X 21G,https://www.tesco.com/groceries/en-GB/products/301045279,1687615386.735832,"['£1.25', '£1.49/100g']",1.25,£1.49/100g
7954,The Skinny Cookie Co Ginger Crunch Cookies 170G,https://www.tesco.com/groceries/en-GB/products/314426080,1687615386.8032398,"['£1.80', '£0.90/100g']",1.8,£0.90/100g
7955,The Skinny Cookie Co Chocolate Chip Cookies 165G,https://www.tesco.com/groceries/en-GB/products/314111861,1687615386.890765,"['£1.80', '£1.01/100g']",1.8,£1.01/100g
7956,Jordans Frusli Wild Berry 6X30g,https://www.tesco.com/groceries/en-GB/products/257722339,1687615386.979043,"['£2.30', '£1.28/100g']",2.3,£1.28/100g
7957,Ferrero Nutella And Go Chocolate Bars Multipack 1 X 96g,https://www.tesco.com/groceries/en-GB/products/293639332,1687615387.084517,"['£1.60', '£1.67/100g']",1.6,£1.67/100g
7958,Fox's Salted Caramel Crunch Cream Biscuits 200G,https://www.tesco.com/groceries/en-GB/products/310685587,1687615387.173202,"['£1.25', '£0.62/100g']",1.25,£0.62/100g
7959,Crosta & Mollica Torinesi Breadsticks 120G,https://www.tesco.com/groceries/en-GB/products/277731954,1687615387.266285,"['£1.60', '£1.33/100g']",1.6,£1.33/100g
7960,Tesco Whole Green Beans In Water 400G,https://www.tesco.com/groceries/en-GB/products/264209442,1687615387.355243,"['£0.85', '£3.86/kg DR.WT']",0.85,£3.86/kg DR.WT
7961,Cadbury Wispa Chocolate Bars Multipack 4 X 27.9g,https://www.tesco.com/groceries/en-GB/products/309465086,1687615392.806703,"['£1.50', '£1.34/100g']",1.5,£1.34/100g
7962,Tesco Wine Gums 250G,https://www.tesco.com/groceries/en-GB/products/256582494,1687615392.882999,"['£1.10', '£0.44/100g']",1.1,£0.44/100g
7964,Tesco Butter Chicken Cooking Sauce 500G,https://www.tesco.com/groceries/en-GB/products/268509962,1687615393.06048,"['£1.20', '£0.24/100g']",1.2,£0.24/100g
7965,Biere D'or 10 X 250Ml,https://www.tesco.com/groceries/en-GB/products/292915750,1687615393.139929,"['£3.90', '£1.56/litre']",3.9,£1.56/litre
7966,Kinder Chocolate 4 Pack 50G,https://www.tesco.com/groceries/en-GB/products/275356601,1687615393.222165,"['£0.65', '£1.30/100g']",0.65,£1.30/100g
7967,East End Desiccated Coconut 200G,https://www.tesco.com/groceries/en-GB/products/267461920,1687615393.336805,"['£0.80', '£4.00/kg']",0.8,£4.00/kg
7968,Oatly Organic Longlife Drink Alternative 1L,https://www.tesco.com/groceries/en-GB/products/251496638,1687615393.410319,"['£1.90', '£1.90/litre']",1.9,£1.90/litre
7969,Tesco Sweet Biscuits 400G,https://www.tesco.com/groceries/en-GB/products/310163989,1687615393.477962,"['£2.40', '£0.60/100g']",2.4,£0.60/100g
7970,Schar Wholesome Seeded Loaf 300G,https://www.tesco.com/groceries/en-GB/products/290819746,1687615393.547476,"['£2.75', '£0.92/100g']",2.75,£0.92/100g
7971,Tesco Enchilada Kit 650G,https://www.tesco.com/groceries/en-GB/products/302420398,1687615393.618631,"['£2.60', '£4.00/kg']",2.6,£4.00/kg
7972,Alpro Almond Long Life Drink 1 Litre,https://www.tesco.com/groceries/en-GB/products/272012512,1687615393.688034,"['£2.10', '£2.10/litre']",2.1,£2.10/litre
7973,Fuel Energy Drink Chocolate 330Ml,https://www.tesco.com/groceries/en-GB/products/276671214,1687615393.7616398,"['£1.30', '£0.39/100ml']",1.3,£0.39/100ml
7974,Baxters Favourite Scotch Broth Soup 400G,https://www.tesco.com/groceries/en-GB/products/267194470,1687615393.8553002,"['£1.90', '£0.48/100g']",1.9,£0.48/100g
7975,Lyle's Golden Syrup 325G,https://www.tesco.com/groceries/en-GB/products/304402929,1687615393.923307,"['£1.75', '£0.54/100g']",1.75,£0.54/100g
7976,Heinz Tomato Ketchup No Added Sugar & Salt 425G,https://www.tesco.com/groceries/en-GB/products/300793644,1687615393.99634,"['£3.40', '£0.80/100g']",3.4,£0.80/100g
7977,Maltesers Teasers 335G,https://www.tesco.com/groceries/en-GB/products/309176860,1687615394.065423,"['£5.00', '£1.49/100g']",5.0,£1.49/100g
7978,Hellmann's Lighter Than Light Squeezy Mayonnaise 430Ml,https://www.tesco.com/groceries/en-GB/products/264365313,1687615394.1565518,"['£2.65', '£0.62/100ml']",2.65,£0.62/100ml
7979,Loyd Grossman No Added Sugar Tomato & Basil Sauce 350G,https://www.tesco.com/groceries/en-GB/products/301324099,1687615394.2282538,"['£3.00', '£0.86/100g']",3.0,£0.86/100g
7980,Mugshot Macaroni And Cheese 68G,https://www.tesco.com/groceries/en-GB/products/284718615,1687615394.3266602,"['£1.00', '£14.71/kg']",1.0,£14.71/kg
7981,Tesco Finest Fig & Balsamic Chutney 210G,https://www.tesco.com/groceries/en-GB/products/309208720,1687615394.430055,"['£1.70', '£0.81/100g']",1.7,£0.81/100g
7982,Lyles Black Treacle 454G,https://www.tesco.com/groceries/en-GB/products/257090354,1687615394.498546,"['£1.75', '£0.38/100g']",1.75,£0.38/100g
7983,Butterkist Cinema Sweet Popcorn 100G,https://www.tesco.com/groceries/en-GB/products/292945472,1687615394.566653,"['£2.00', '£2.00/100g']",2.0,£2.00/100g
7984,Colman's White Sauce Mix 25G,https://www.tesco.com/groceries/en-GB/products/256293450,1687615394.66673,"['£1.00', '£4.00/100g']",1.0,£4.00/100g
7985,Bolands Chocolate Kimberley Teacake 132G,https://www.tesco.com/groceries/en-GB/products/272052268,1687615394.735487,"['£1.65', '£1.25/100g']",1.65,£1.25/100g
7986,Canderel Sweetener 100 Pack,https://www.tesco.com/groceries/en-GB/products/254917575,1687615394.811651,"['£1.40', '£164.71/kg']",1.4,£164.71/kg
7987,Tesco Organic Chick Peas In Water 400G,https://www.tesco.com/groceries/en-GB/products/302319006,1687615394.882282,"['£1.10', '£4.58/kg DR.WT']",1.1,£4.58/kg DR.WT
7988,Tilda Caribbean Rice & Peas Steamed Basmati 250G,https://www.tesco.com/groceries/en-GB/products/301325599,1687615394.959339,"['£1.25', '£5.00/kg']",1.25,£5.00/kg
7989,Tesco Bay Leaves 3G,https://www.tesco.com/groceries/en-GB/products/264104905,1687615395.030656,"['£0.90', '£3.00/10g']",0.9,£3.00/10g
7990,Batchelors Cup A Soup Broccoli & Cauliflower 4 Sachets 101G,https://www.tesco.com/groceries/en-GB/products/310118693,1687615395.0991979,"['£1.50', '£1.48/100g']",1.5,£1.48/100g
7991,Skips Prawn Cocktail Sharing Crisps 65G,https://www.tesco.com/groceries/en-GB/products/313000850,1687615395.168381,"['£1.20', '£1.85/100g']",1.2,£1.85/100g
7992,Twix Chocolate Biscuits Fingers 16X20g 320G,https://www.tesco.com/groceries/en-GB/products/311667455,1687615395.237578,"['£2.75', '£0.86/100g']",2.75,£0.86/100g
7993,Walkers Marmite Crisps 6X25g,https://www.tesco.com/groceries/en-GB/products/289395607,1687615395.348098,"['£1.95', '£1.30/100g']",1.95,£1.30/100g
7994,Rowntrees Vegan Strawberry & Blackcurrant Fruit Pastilles 143G,https://www.tesco.com/groceries/en-GB/products/308455474,1687615395.4417331,"['£1.25', '£0.87/100g']",1.25,£0.87/100g
7995,Naked Noodle Sweet Chilli Flavour 78G,https://www.tesco.com/groceries/en-GB/products/289538411,1687615395.5097558,"['£1.20', '£15.38/kg']",1.2,£15.38/kg
7996,Big Hoops Bbq Beef Grab Bag Crisps 45G,https://www.tesco.com/groceries/en-GB/products/311438266,1687615395.576791,"['£1.00', '£2.22/100g']",1.0,£2.22/100g
7997,Schwtz Spaghetti Carbonara Casserole Mix32g,https://www.tesco.com/groceries/en-GB/products/256301465,1687615395.690943,"['£0.95', '£2.97/100g']",0.95,£2.97/100g
7998,Tesco Sultana & Oat Cookies 200G,https://www.tesco.com/groceries/en-GB/products/290350049,1687615395.801742,"['£1.20', '£0.60/100g']",1.2,£0.60/100g
7999,Cadbury Caramel Nibbles 120G,https://www.tesco.com/groceries/en-GB/products/285383858,1687615395.875434,"['£1.35', '£1.12/100g']",1.35,£1.12/100g
8000,Tesco Haricot Beans In Water 400G,https://www.tesco.com/groceries/en-GB/products/262167712,1687615395.945785,"['£0.65', '£2.77/kg DR.WT']",0.65,£2.77/kg DR.WT
8001,Tesco Pinto Beans In Water 390G,https://www.tesco.com/groceries/en-GB/products/302301620,1687615396.01573,"['£0.65', '£2.77/kg DR.WT']",0.65,£2.77/kg DR.WT
8002,Tesco Onion Gravy Granules 200G,https://www.tesco.com/groceries/en-GB/products/267116466,1687615396.083709,"['£0.95', '£0.48/100g']",0.95,£0.48/100g
8003,Galaxy Counters Chocolate Pouch 122G,https://www.tesco.com/groceries/en-GB/products/305832418,1687615396.164611,"['£1.50', '£1.23/100g']",1.5,£1.23/100g
8004,Tesco Lentil Curls 6 Pack 120G,https://www.tesco.com/groceries/en-GB/products/297348848,1687615396.2326741,"['£1.15', '£0.96/100g']",1.15,£0.96/100g
8005,Barratt Sherbet Fountain 25G,https://www.tesco.com/groceries/en-GB/products/265384146,1687615396.304978,"['£0.20', '£0.80/100g']",0.2,£0.80/100g
8006,Sweetex 1200 Tablet Pack,https://www.tesco.com/groceries/en-GB/products/256294086,1687615396.371872,"['£3.25', '£0.00/kg']",3.25,£0.00/kg
8007,Tesco Wholefoods 4 Seed Mix 300G,https://www.tesco.com/groceries/en-GB/products/271072620,1687615396.443703,"['£2.50', '£8.33/kg']",2.5,£8.33/kg
8008,Jordans Crunchy Granola Raisin Almond 750G,https://www.tesco.com/groceries/en-GB/products/297040929,1687615396.513328,"['£3.60', '£0.48/100g']",3.6,£0.48/100g
8009,Green & Blacks Organic Cocoa Fair Trade 125G,https://www.tesco.com/groceries/en-GB/products/250610609,1687615403.1373172,"['£2.70', '£2.16/100g']",2.7,£2.16/100g
8010,Tesco Finest Dark Seville Orange Marmalade 340G,https://www.tesco.com/groceries/en-GB/products/251736868,1687615403.221838,"['£1.80', '£0.53/100g']",1.8,£0.53/100g
8011,Schar Wholesome White Loaf 300G,https://www.tesco.com/groceries/en-GB/products/290819809,1687615403.316258,"['£2.75', '£0.92/100g']",2.75,£0.92/100g
8012,Tesco Wild Pacific Red Salmon 212G,https://www.tesco.com/groceries/en-GB/products/258098125,1687615403.4303071,"['£3.20', '£1.51/100g']",3.2,£1.51/100g
8013,Tesco Pecan Halves 200G,https://www.tesco.com/groceries/en-GB/products/271090172,1687615403.5056498,"['£3.75', '£18.75/kg']",3.75,£18.75/kg
8014,Amoy Udon Thick Noodles 2X150g,https://www.tesco.com/groceries/en-GB/products/255006056,1687615403.575317,"['£2.10', '£7.00/kg']",2.1,£7.00/kg
8015,Colman's Original English Mustard Powder 57G,https://www.tesco.com/groceries/en-GB/products/262344785,1687615403.653445,"['£2.30', '£4.04/100g']",2.3,£4.04/100g
8016,Mrs Elswood Sandwich Slices Cucumbers 540G,https://www.tesco.com/groceries/en-GB/products/262007753,1687615403.725826,"['£2.50', '£0.81/100g DR.WT']",2.5,£0.81/100g DR.WT
8017,Tesco Raisin Mix 200G,https://www.tesco.com/groceries/en-GB/products/302685493,1687615403.818799,"['£2.00', '£10.00/kg']",2.0,£10.00/kg
8018,Kingfisher Shredded Crab 145G,https://www.tesco.com/groceries/en-GB/products/302638573,1687615403.886313,"['£2.00', '£1.90/100g DR.WT']",2.0,£1.90/100g DR.WT
8019,Silver Spoon White Sugar Cubes 500G,https://www.tesco.com/groceries/en-GB/products/301964700,1687615403.957516,"['£1.45', '£2.90/kg']",1.45,£2.90/kg
8020,Tesco Danish Ham 340G,https://www.tesco.com/groceries/en-GB/products/271737174,1687615404.0277278,"['£3.00', '£0.88/100g']",3.0,£0.88/100g
8021,Pagen Wholegrain Krisprolls 225G,https://www.tesco.com/groceries/en-GB/products/254592139,1687615404.096517,"['£1.90', '£0.84/100g']",1.9,£0.84/100g
8022,Morliny Berlinki Classic Hot Dog 250G,https://www.tesco.com/groceries/en-GB/products/264080183,1687615404.1764328,"['£1.60', '£0.64/100g']",1.6,£0.64/100g
8023,Tesco Finest Mango Apricot & Coriander Chutney 220G,https://www.tesco.com/groceries/en-GB/products/305438160,1687615404.244252,"['£1.70', '£0.77/100g']",1.7,£0.77/100g
8024,Quaker Protein Golden Syrup Porridge 63G,https://www.tesco.com/groceries/en-GB/products/299260493,1687615404.311341,"['£1.30', '£2.06/100g']",1.3,£2.06/100g
8025,Baxters Sliced Beets In Vinegar 567G,https://www.tesco.com/groceries/en-GB/products/254885398,1687615404.4052649,"['£2.25', '£0.55/100g DR.WT']",2.25,£0.55/100g DR.WT
8026,Tesco Finest Tomato Mascarpone Pasta Sauce 340G,https://www.tesco.com/groceries/en-GB/products/262600897,1687615404.493845,"['£1.85', '£0.54/100g']",1.85,£0.54/100g
8027,Tesco Instant Dried Skimmed Milk 340G,https://www.tesco.com/groceries/en-GB/products/267377676,1687615404.560796,"['£3.15', '£9.26/kg']",3.15,£9.26/kg
8028,Old El Paso Taco Seasoning Mix 25G,https://www.tesco.com/groceries/en-GB/products/287740928,1687615404.63266,"['£1.00', '£4.00/100g']",1.0,£4.00/100g
8029,Veetee Heat Eat Thai Jasmine Rice 2X140g,https://www.tesco.com/groceries/en-GB/products/308851241,1687615404.742989,"['£1.15', '£4.11/kg']",1.15,£4.11/kg
8030,Veetee Heat & Eat Basmati Rice Pot 2 X 125G,https://www.tesco.com/groceries/en-GB/products/311264586,1687615404.812614,"['£1.15', '£4.60/kg']",1.15,£4.60/kg
8031,Rubicon Mango Juice Drink 1 Litre,https://www.tesco.com/groceries/en-GB/products/267594774,1687615404.883373,"['£1.70', '£0.17/100ml']",1.7,£0.17/100ml
8032,Tesco Vegetable & Croutons Soup In A Mug 5 Pack 115G,https://www.tesco.com/groceries/en-GB/products/297132245,1687615404.976362,"['£0.90', '£0.78/100g']",0.9,£0.78/100g
8033,Rowntree's Pic And Mix Vegan Friendly Sweets 150G,https://www.tesco.com/groceries/en-GB/products/310651826,1687615405.044833,"['£1.25', '£0.83/100g']",1.25,£0.83/100g
8034,Tesco Petit Pois 290G,https://www.tesco.com/groceries/en-GB/products/297021359,1687615405.118769,"['£0.80', '£4.44/kg DR.WT']",0.8,£4.44/kg DR.WT
8035,Galaxy Caramel Chocolate Bar 135G,https://www.tesco.com/groceries/en-GB/products/265416771,1687615405.18857,"['£1.50', '£1.11/100g']",1.5,£1.11/100g
8036,Maltesers Truffles Small Gift Box 54G,https://www.tesco.com/groceries/en-GB/products/301636939,1687615405.2563999,"['£2.00', '£3.70/100g']",2.0,£3.70/100g
8037,Fox's Ginger Crunch Creams Biscuits 200G,https://www.tesco.com/groceries/en-GB/products/310163701,1687615405.354075,"['£1.25', '£0.62/100g']",1.25,£0.62/100g
8038,Schwtz Hot Chilli Con Carne Casserole Mix41g,https://www.tesco.com/groceries/en-GB/products/258433576,1687615405.451054,"['£0.95', '£2.32/100g']",0.95,£2.32/100g
8039,Polo Mints Single,https://www.tesco.com/groceries/en-GB/products/251892716,1687615405.5396328,"['£0.70', '£2.06/100g']",0.7,£2.06/100g
8040,Tesco Grapefruit Segments In Juice 411G,https://www.tesco.com/groceries/en-GB/products/306666930,1687615405.651933,"['£0.90', '£4.02/kg DR.WT']",0.9,£4.02/kg DR.WT
8041,Alpen Light Cereal Bars Salted Caramel 5X19g,https://www.tesco.com/groceries/en-GB/products/301970462,1687615405.7271218,"['£1.00', '£1.05/100g']",1.0,£1.05/100g
8042,Alpen Light Summer Fruits Bars 5 Pack 95G,https://www.tesco.com/groceries/en-GB/products/259012969,1687615405.796948,"['£1.00', '£1.05/100g']",1.0,£1.05/100g
8043,Heinz Hoops No Added Sugar 205G,https://www.tesco.com/groceries/en-GB/products/297040866,1687615405.9070232,"['£0.75', '£3.66/kg']",0.75,£3.66/kg
8044,Tesco Ruby Red Grapefruit Segments In Juice 411G,https://www.tesco.com/groceries/en-GB/products/306647832,1687615405.980407,"['£0.90', '£4.02/kg DR.WT']",0.9,£4.02/kg DR.WT
8045,Chevington Grated Mild Cheddar Cheese 400G,https://www.tesco.com/groceries/en-GB/products/256645904,1687615406.047373,"['£5.40', '£13.50/kg']",5.4,£13.50/kg
8046,Bisto Reduced Salt Gravy Granules 550G,https://www.tesco.com/groceries/en-GB/products/296383686,1687615406.1145642,"['£5.80', '£1.06/100g']",5.8,£1.06/100g
8047,Brown & Polson Cornflour 500G,https://www.tesco.com/groceries/en-GB/products/313514985,1687615406.185921,"['£3.95', '£7.90/kg']",3.95,£7.90/kg
8048,Cadbury Smooth Chocolate Spread 400G,https://www.tesco.com/groceries/en-GB/products/251433489,1687615406.281318,"['£2.99', '£0.75/100g']",2.99,£0.75/100g
8049,Amoy Light Soy Sauce 150Ml,https://www.tesco.com/groceries/en-GB/products/253778141,1687615406.364001,"['£2.00', '£1.33/100ml']",2.0,£1.33/100ml
8050,Shagun Diced Paneer Cheese 500G,https://www.tesco.com/groceries/en-GB/products/254909625,1687615406.433616,"['£4.15', '£8.30/kg']",4.15,£8.30/kg
8051,Wrigley's Extra Spearmint Bottle 60 Piece,https://www.tesco.com/groceries/en-GB/products/279783394,1687615406.503867,"['£2.75', '£3.27/100g']",2.75,£3.27/100g
8052,Betty Crocker Gluten Free Devils Food Cake 425G,https://www.tesco.com/groceries/en-GB/products/293283573,1687615406.56974,"['£3.10', '£0.73/100g']",3.1,£0.73/100g
8053,Cornish Sea Salt 225G,https://www.tesco.com/groceries/en-GB/products/267680810,1687615406.640745,"['£2.15', '£9.56/kg']",2.15,£9.56/kg
8054,Tesco 12 Crunchy Taco Shells 150G,https://www.tesco.com/groceries/en-GB/products/297237749,1687615406.711484,"['£2.10', '£1.40/100g']",2.1,£1.40/100g
8055,Tesco Sliced Gherkins 480G,https://www.tesco.com/groceries/en-GB/products/280068480,1687615406.7837791,"['£1.90', '£0.73/100g DR.WT']",1.9,£0.73/100g DR.WT
8056,Kp Salt & Vinegar Peanuts 225G,https://www.tesco.com/groceries/en-GB/products/297385498,1687615406.850157,"['£3.00', '£13.33/kg']",3.0,£13.33/kg
8057,Fray Bentos Steak & Kidney 425G,https://www.tesco.com/groceries/en-GB/products/277597842,1687615412.9404721,"['£3.25', '£7.65/kg']",3.25,£7.65/kg
8058,Thai Dragon Sriracha Hot Chilli Sauce 455Ml,https://www.tesco.com/groceries/en-GB/products/305252505,1687615413.040237,"['£2.49', '£0.55/100ml']",2.49,£0.55/100ml
8059,Heinz Salad Cream 30% Less Fat 415G,https://www.tesco.com/groceries/en-GB/products/288515970,1687615413.117337,"['£3.40', '£0.82/100g']",3.4,£0.82/100g
8060,Betty Crocker Gluten Free Chocolate Brownie Mix 415G,https://www.tesco.com/groceries/en-GB/products/293283636,1687615413.189022,"['£3.10', '£0.01/kg']",3.1,£0.01/kg
8061,Genius Gluten Free 4 Crumpets,https://www.tesco.com/groceries/en-GB/products/284275907,1687615413.273132,"['£2.25', '£0.56/each']",2.25,£0.56/each
8062,Lyle's Golden Syrup 700G,https://www.tesco.com/groceries/en-GB/products/304796485,1687615413.345521,"['£2.40', '£0.34/100g']",2.4,£0.34/100g
8063,Tesco Chipotle Chilli Paste 95G,https://www.tesco.com/groceries/en-GB/products/300808599,1687615413.418896,"['£1.50', '£0.16/10g']",1.5,£0.16/10g
8064,Auntys Golden Syrup Puddings 2 X 95G,https://www.tesco.com/groceries/en-GB/products/252935942,1687615413.5678651,"['£1.50', '£0.79/100g']",1.5,£0.79/100g
8065,Hula Hoops Puft Salt & Vinegar 6X15g,https://www.tesco.com/groceries/en-GB/products/287247502,1687615413.643771,"['£2.25', '£2.50/100g']",2.25,£2.50/100g
8066,Tesco Glace Cherries 200G,https://www.tesco.com/groceries/en-GB/products/257260044,1687615413.717193,"['£1.65', '£8.25/kg']",1.65,£8.25/kg
8067,Tesco Red Lentil Fusilli Pasta Gluten Free 250G,https://www.tesco.com/groceries/en-GB/products/297484755,1687615413.7951481,"['£1.70', '£6.80/kg']",1.7,£6.80/kg
8068,Mcvities 3 Jaffa Cakes Pocket Pack 183G,https://www.tesco.com/groceries/en-GB/products/299623888,1687615413.872065,"['£2.00', '£1.09/100g']",2.0,£1.09/100g
8069,Tesco Ground Coriander 36G,https://www.tesco.com/groceries/en-GB/products/256150527,1687615413.943403,"['£0.90', '£0.25/10g']",0.9,£0.25/10g
8070,Lees 6 Snowballs 110G,https://www.tesco.com/groceries/en-GB/products/273581164,1687615414.016555,"['£1.00', '£0.91/100g']",1.0,£0.91/100g
8071,Heinz Five Beanz In Tomato Sauce 415G,https://www.tesco.com/groceries/en-GB/products/273724002,1687615414.096256,"['£1.80', '£4.34/kg']",1.8,£4.34/kg
8072,Nomo No Missing Out Caramel Chocolate Vegan Free From 38G,https://www.tesco.com/groceries/en-GB/products/307144095,1687615414.180485,"['£1.00', '£2.63/100g']",1.0,£2.63/100g
8073,Kellogs Cereal Wheats Apricot 500G,https://www.tesco.com/groceries/en-GB/products/309777949,1687615414.2957351,"['£1.95', '£0.39/100g']",1.95,£0.39/100g
8074,Colman's Hot Con Carne Recipe Mix 37G,https://www.tesco.com/groceries/en-GB/products/281505019,1687615414.4146528,"['£1.00', '£2.70/100g']",1.0,£2.70/100g
8075,Batchelors Cup A Soup Chicken & Leek 86G,https://www.tesco.com/groceries/en-GB/products/270996277,1687615414.484906,"['£1.50', '£1.74/100g']",1.5,£1.74/100g
8076,Nando's Peri Peri Rub Medium 25G,https://www.tesco.com/groceries/en-GB/products/277972093,1687615414.55245,"['£1.00', '£0.40/10g']",1.0,£0.40/10g
8077,Tesco Family Size Crumble Mix 450G,https://www.tesco.com/groceries/en-GB/products/289574010,1687615414.6304462,"['£1.20', '£0.27/100g']",1.2,£0.27/100g
8078,Barilla Lasagne 500G,https://www.tesco.com/groceries/en-GB/products/284210294,1687615414.698199,"['£1.50', '£3.00/kg']",1.5,£3.00/kg
8079,Oreo Double Stuff 157G,https://www.tesco.com/groceries/en-GB/products/278790657,1687615414.765738,"['£1.20', '£0.76/100g']",1.2,£0.76/100g
8080,Tesco Fruit Pastilles 250G,https://www.tesco.com/groceries/en-GB/products/256582465,1687615414.837147,"['£1.10', '£0.44/100g']",1.1,£0.44/100g
8081,Schwartz Garlic & Herb Potato Wedges 38G,https://www.tesco.com/groceries/en-GB/products/250323638,1687615414.911645,"['£0.95', '£0.25/10g']",0.95,£0.25/10g
8082,Haribo Giant Strawbs Gone Mini 16G,https://www.tesco.com/groceries/en-GB/products/303668380,1687615415.005842,"['£0.30', '£1.88/100g']",0.3,£1.88/100g
8083,Tesco Low Fat Lentil & Vegetable Soup 400G,https://www.tesco.com/groceries/en-GB/products/300524100,1687615415.073087,"['£0.75', '£0.19/100g']",0.75,£0.19/100g
8084,Kellogg's Special K Juicy Red Berry Bars 6X21.5G,https://www.tesco.com/groceries/en-GB/products/310186144,1687615415.141091,"['£1.25', '£0.97/100g']",1.25,£0.97/100g
8085,Tesco Pearl Barley 500G,https://www.tesco.com/groceries/en-GB/products/256538041,1687615415.2094002,"['£0.80', '£1.60/kg']",0.8,£1.60/kg
8086,Rubicon Sparkling Mango Juice Drink 330Ml,https://www.tesco.com/groceries/en-GB/products/254866507,1687615415.2803788,"['£0.50', '£0.15/100ml']",0.5,£0.15/100ml
8087,Tesco Minced Beef With Onion 392G,https://www.tesco.com/groceries/en-GB/products/274571347,1687615415.354927,"['£2.40', '£6.12/kg']",2.4,£6.12/kg
8088,Lindt Lindor Salted Caramel Truffles 200G,https://www.tesco.com/groceries/en-GB/products/306495999,1687615415.425921,"['£6.00', '£3.00/100g']",6.0,£3.00/100g
8089,Lindt Lindor 60% Dark Chocolate Truffles Carton 200G,https://www.tesco.com/groceries/en-GB/products/260740048,1687615415.49296,"['£6.00', '£3.00/100g']",6.0,£3.00/100g
8090,Nestle Cookie Crisp Cereal 500G,https://www.tesco.com/groceries/en-GB/products/299668800,1687615415.558861,"['£3.30', '£0.66/100g']",3.3,£0.66/100g
8091,Heinz Tom Ketchup Less Salt & Sugar 665G,https://www.tesco.com/groceries/en-GB/products/296219773,1687615415.702687,"['£3.90', '£0.59/100g']",3.9,£0.59/100g
8092,Lancashire Farm Greek Style Yogurt 1Kg,https://www.tesco.com/groceries/en-GB/products/294237345,1687615415.7950459,"['£2.95', '£0.30/100g']",2.95,£0.30/100g
8093,Kellogg's Crunchy Nut Granola Nut & Chocolate 380G,https://www.tesco.com/groceries/en-GB/products/282723174,1687615415.866828,"['£3.00', '£0.79/100g']",3.0,£0.79/100g
8094,Encona Original Hot Pepper Sauce 220Ml,https://www.tesco.com/groceries/en-GB/products/263587524,1687615415.9577541,"['£1.70', '£0.77/100ml']",1.7,£0.77/100ml
8095,Fruit Bowl Strawberry Peelers 5X16g,https://www.tesco.com/groceries/en-GB/products/301971017,1687615416.027224,"['£2.50', '£3.12/100g']",2.5,£3.12/100g
8096,Hartleys Multipack Ready To Eat Strawberry Jelly 6 X125g,https://www.tesco.com/groceries/en-GB/products/292990630,1687615416.1217961,"['£2.25', '£0.27/100g']",2.25,£0.27/100g
8097,Alpro Vanilla Soya Dessert 4 X 125G,https://www.tesco.com/groceries/en-GB/products/252955739,1687615416.191987,"['£1.85', '£0.37/100g']",1.85,£0.37/100g
8098,Cook Italian Grated Hard Cheese 50G,https://www.tesco.com/groceries/en-GB/products/272730071,1687615416.265842,"['£1.45', '£29.00/kg']",1.45,£29.00/kg
8099,Tesco Cocoa Powder 250G,https://www.tesco.com/groceries/en-GB/products/299585229,1687615416.351213,"['£2.30', '£0.92/100g']",2.3,£0.92/100g
8100,Fruit Factory Multi Fruit Stars 5 Pack 100G,https://www.tesco.com/groceries/en-GB/products/265388463,1687615416.421178,"['£2.35', '£2.35/100g']",2.35,£2.35/100g
8101,Sephra Popcorn Sweet & Salty 140G,https://www.tesco.com/groceries/en-GB/products/313949997,1687615416.513939,"['£2.20', '£1.57/100g']",2.2,£1.57/100g
8102,Sephra Popcorn Sweet 140G,https://www.tesco.com/groceries/en-GB/products/313360912,1687615416.6513221,"['£2.20', '£1.57/100g']",2.2,£1.57/100g
8103,Warburtons Multiseed Loaf Gluten Free 300G,https://www.tesco.com/groceries/en-GB/products/299384571,1687615416.74843,"['£2.15', '£0.72/100g']",2.15,£0.72/100g
8104,Tesco 8 Meringue Nests,https://www.tesco.com/groceries/en-GB/products/254948618,1687615416.818636,"['£1.40', '£17.50/100g']",1.4,£17.50/100g
8105,Goplana Grzeski Chocolate Wafer 36G,https://www.tesco.com/groceries/en-GB/products/271631040,1687615423.321384,"['£0.50', '£1.39/100g']",0.5,£1.39/100g
8106,Napolina Rigatoni Pasta 500G,https://www.tesco.com/groceries/en-GB/products/308100981,1687615423.397171,"['£1.50', '£3.00/kg']",1.5,£3.00/kg
8107,Tesco Olive Oil & Sea Salt Croutons 100G,https://www.tesco.com/groceries/en-GB/products/264880630,1687615423.469826,"['£1.10', '£1.10/100g']",1.1,£1.10/100g
8108,Tesco Finest Zesty Lemon Curd 320G,https://www.tesco.com/groceries/en-GB/products/266364426,1687615423.5425391,"['£2.00', '£0.62/100g']",2.0,£0.62/100g
8109,Popchips Original Popped Potato Chips 85G,https://www.tesco.com/groceries/en-GB/products/275236864,1687615423.616683,"['£2.25', '£2.65/100g']",2.25,£2.65/100g
8110,Barny Milk Kids Sponge Bear 5 Pack 125G,https://www.tesco.com/groceries/en-GB/products/305983613,1687615423.691489,"['£1.80', '£1.44/100g']",1.8,£1.44/100g
8111,Tesco Free From Sliced White Bread 550G,https://www.tesco.com/groceries/en-GB/products/276605133,1687615423.781881,"['£1.95', '£0.36/100g']",1.95,£0.36/100g
8112,Tesco Bombay Mix 200G,https://www.tesco.com/groceries/en-GB/products/250163971,1687615423.849665,"['£1.10', '£5.50/kg']",1.1,£5.50/kg
8113,Haribo Maoam Pinballs 140G (R),https://www.tesco.com/groceries/en-GB/products/302225854,1687615423.9493482,"['£1.25', '£0.89/100g']",1.25,£0.89/100g
8114,Blue Dragon Teriyaki Stir Fry Sauce 120G,https://www.tesco.com/groceries/en-GB/products/303126912,1687615424.020326,"['£0.95', '£0.79/100g']",0.95,£0.79/100g
8115,Tilda Pilau Steamed Basmati Rice Classic 250G,https://www.tesco.com/groceries/en-GB/products/262311980,1687615424.114579,"['£0.95', '£3.80/kg']",0.95,£3.80/kg
8116,Kit Kat 2 Finger White Chocolate Wafer Bars 9 X 20.7G,https://www.tesco.com/groceries/en-GB/products/310655972,1687615424.187419,"['£2.00', '£1.07/100g']",2.0,£1.07/100g
8117,Mugshot Creamy Cheese Pasta 68G,https://www.tesco.com/groceries/en-GB/products/251171815,1687615424.258102,"['£1.00', '£14.71/kg']",1.0,£14.71/kg
8118,Canderel Sucralose 75G,https://www.tesco.com/groceries/en-GB/products/275038759,1687615424.3362381,"['£1.25', '£16.67/kg']",1.25,£16.67/kg
8119,Heinz Spaghetti & Sausages 200G,https://www.tesco.com/groceries/en-GB/products/252877215,1687615424.405486,"['£1.20', '£6.00/kg']",1.2,£6.00/kg
8120,Tesco Fizzy Cola Lances 75G,https://www.tesco.com/groceries/en-GB/products/257133731,1687615424.475567,"['£0.70', '£0.93/100g']",0.7,£0.93/100g
8121,Tesco Black Eye Beans In Water 400G,https://www.tesco.com/groceries/en-GB/products/262489469,1687615424.549433,"['£0.65', '£2.64/kg DR.WT']",0.65,£2.64/kg DR.WT
8122,Maggi Juicy Sweet Chilli Chicken 41g,https://www.tesco.com/groceries/en-GB/products/314094148,1687615424.61609,"['£0.70', '£1.71/100g']",0.7,£1.71/100g
8123,Proper Chips 85G Sea Salt,https://www.tesco.com/groceries/en-GB/products/305853664,1687615424.6866171,"['£2.00', '£2.35/100g']",2.0,£2.35/100g
8124,"Maggi Sweet ""n"" Sticky BBQ Seasoning & Cooking Bag 41g",https://www.tesco.com/groceries/en-GB/products/314319685,1687615424.75554,"['£0.70', '£1.71/100g']",0.7,£1.71/100g
8125,Marmite Rice Cakes 110G,https://www.tesco.com/groceries/en-GB/products/299610327,1687615424.827014,"['£1.60', '£1.46/100g']",1.6,£1.46/100g
8126,Hearty Food Co Spicy Curry Flavoured Noodles 70G,https://www.tesco.com/groceries/en-GB/products/300455826,1687615424.902418,"['£0.54', '£7.71/kg']",0.54,£7.71/kg
8127,Nutella Hazelnut With Chocolate Spread 950G,https://www.tesco.com/groceries/en-GB/products/309491457,1687615424.974405,"['£6.15', '£0.65/100g']",6.15,£0.65/100g
8128,Sunpat Peanut Butter Crunchy 400G,https://www.tesco.com/groceries/en-GB/products/300226292,1687615425.044519,"['£3.80', '£0.95/100g']",3.8,£0.95/100g
8129,Fox's Favourites Biscuit Selection 350G,https://www.tesco.com/groceries/en-GB/products/309746693,1687615425.1120598,"['£2.75', '£0.79/100g']",2.75,£0.79/100g
8130,Loyd Grossman Tikka Masala Sauce 350G,https://www.tesco.com/groceries/en-GB/products/268486706,1687615425.178926,"['£3.00', '£0.86/100g']",3.0,£0.86/100g
8131,Tesco Extra Virgin Olive Oil 250Ml,https://www.tesco.com/groceries/en-GB/products/257380126,1687615425.2437592,"['£2.55', '£1.02/100ml']",2.55,£1.02/100ml
8132,Tesco Vegetable Oil 5 Litre,https://www.tesco.com/groceries/en-GB/products/272515844,1687615425.310416,"['£8.25', '£0.16/100ml']",8.25,£0.16/100ml
8133,Oldelpaso Cheesy Baked Enchilada Dinner Kit 663G,https://www.tesco.com/groceries/en-GB/products/265434242,1687615425.3769631,"['£3.25', '£4.90/kg']",3.25,£4.90/kg
8134,Trade Aid Uk Pure Cane Caster Sugar 1Kg,https://www.tesco.com/groceries/en-GB/products/276732074,1687615425.4723892,"['£2.10', '£2.10/kg']",2.1,£2.10/kg
8135,Quaker Oat So Simple Apple Blueberry Porridge 10X36g,https://www.tesco.com/groceries/en-GB/products/263894926,1687615425.539943,"['£3.50', '£0.97/100g']",3.5,£0.97/100g
8136,Bear Pure Fruit Yoyo Raspberry 5 X 20G,https://www.tesco.com/groceries/en-GB/products/284982842,1687615425.6279402,"['£2.85', '£2.85/100g']",2.85,£2.85/100g
8137,Lindt Excellence 85% Cocoa 100G,https://www.tesco.com/groceries/en-GB/products/250986325,1687615425.71617,"['£2.45', '£2.45/100g']",2.45,£2.45/100g
8138,Tesco Crinkle Cut Gherkins 340G,https://www.tesco.com/groceries/en-GB/products/280067475,1687615425.808516,"['£1.45', '£0.78/100g DR.WT']",1.45,£0.78/100g DR.WT
8139,Walkers Variety Cheese & Onion & Ready Salted Crisps 12X25g,https://www.tesco.com/groceries/en-GB/products/309185209,1687615425.875756,"['£3.25', '£1.08/100g']",3.25,£1.08/100g
8140,Stockwell & Co Chilli Con Carne 392G,https://www.tesco.com/groceries/en-GB/products/300535732,1687615425.9442189,"['£1.81', '£4.62/kg']",1.81,£4.62/kg
8141,Tesco Sea Salt & Black Pepper Cashew Nuts 150G,https://www.tesco.com/groceries/en-GB/products/297385285,1687615426.048827,"['£2.20', '£14.67/kg']",2.2,£14.67/kg
8142,Lowicz Twarog Curd Cheese 250G,https://www.tesco.com/groceries/en-GB/products/264640834,1687615426.1148832,"['£1.35', '£5.40/kg']",1.35,£5.40/kg
8143,Tesco Multigrain Boulders 325G,https://www.tesco.com/groceries/en-GB/products/306498253,1687615426.184737,"['£1.60', '£0.49/100g']",1.6,£0.49/100g
8144,Tesco Honey Nut Chocolate Clusters 500G,https://www.tesco.com/groceries/en-GB/products/275907854,1687615426.253129,"['£2.15', '£0.43/100g']",2.15,£0.43/100g
8145,Heinz Beanz Barbecue 390G,https://www.tesco.com/groceries/en-GB/products/275154114,1687615426.319641,"['£1.80', '£4.62/kg']",1.8,£4.62/kg
8146,Schar Crisp Bread 150G,https://www.tesco.com/groceries/en-GB/products/268890894,1687615426.397655,"['£1.50', '£1.00/100g']",1.5,£1.00/100g
8147,Cirio Smooth Passata 3X200g,https://www.tesco.com/groceries/en-GB/products/266643563,1687615426.476887,"['£1.45', '£2.42/kg']",1.45,£2.42/kg
8148,Popchips Sea Salt Potato Snacks 5X17g,https://www.tesco.com/groceries/en-GB/products/309492715,1687615426.550509,"['£2.25', '£2.65/100g']",2.25,£2.65/100g
8149,Old El Paso Roasted Tomato Pepper Fajita Spice Mix 30G,https://www.tesco.com/groceries/en-GB/products/265431873,1687615426.652284,"['£1.00', '£3.33/100g']",1.0,£3.33/100g
8150,Batchelors Slim-A-Soup Minestrone 4S 61G,https://www.tesco.com/groceries/en-GB/products/254213682,1687615426.721629,"['£1.50', '£2.46/100g']",1.5,£2.46/100g
8151,Thai Dragon Pad Thai Rice Noodles 200G,https://www.tesco.com/groceries/en-GB/products/307740800,1687615426.795447,"['£1.20', '£6.00/kg']",1.2,£6.00/kg
8152,Tesco Free From Digestive Biscuits 160G,https://www.tesco.com/groceries/en-GB/products/291369216,1687615426.8627892,"['£1.70', '£1.06/100g']",1.7,£1.06/100g
8153,Mars Chocolate Bars Multipack 4 X 39.4g,https://www.tesco.com/groceries/en-GB/products/287852905,1687615433.300096,"['£1.65', '£1.05/100g']",1.65,£1.05/100g
8154,Mcvitie's Hobnobs 255G,https://www.tesco.com/groceries/en-GB/products/312831392,1687615433.377441,"['£1.29', '£0.51/100g']",1.29,£0.51/100g
8155,Tesco Thousand Island Dressing 250Ml,https://www.tesco.com/groceries/en-GB/products/263807571,1687615433.451311,"['£1.00', '£0.40/100ml']",1.0,£0.40/100ml
8156,Nishaan Ginger Garlic Paste 283G,https://www.tesco.com/groceries/en-GB/products/267144449,1687615433.519681,"['£1.20', '£0.04/10g']",1.2,£0.04/10g
8157,Oreo Choco Brownie Flavour Cookies 154G,https://www.tesco.com/groceries/en-GB/products/297544691,1687615433.5881422,"['£1.20', '£0.78/100g']",1.2,£0.78/100g
8158,Tesco Caesar Dressing 250Ml,https://www.tesco.com/groceries/en-GB/products/263807542,1687615433.655554,"['£1.00', '£0.40/100ml']",1.0,£0.40/100ml
8159,Tesco Whole Star Anise 11G,https://www.tesco.com/groceries/en-GB/products/268531364,1687615433.723653,"['£0.90', '£0.82/10g']",0.9,£0.82/10g
8160,Tesco No Added Sugar Chunky Vegetable Pasta Sauce 500G,https://www.tesco.com/groceries/en-GB/products/297484939,1687615433.791758,"['£0.95', '£0.19/100g']",0.95,£0.19/100g
8161,Revels Chocolate Pouch 112G,https://www.tesco.com/groceries/en-GB/products/305830622,1687615433.9032588,"['£1.50', '£1.34/100g']",1.5,£1.34/100g
8162,Tesco Ground Nutmeg 52G,https://www.tesco.com/groceries/en-GB/products/256149956,1687615433.9736152,"['£0.90', '£0.17/10g']",0.9,£0.17/10g
8163,Bisto Best Beef Gravy 25% Less Salt 230G,https://www.tesco.com/groceries/en-GB/products/312087650,1687615434.0476,"['£4.00', '£1.74/100g']",4.0,£1.74/100g
8164,Tesco Finest Blackcurran Conserve 340G,https://www.tesco.com/groceries/en-GB/products/251736275,1687615434.1173508,"['£2.40', '£0.71/100g']",2.4,£0.71/100g
8165,Schar White Ciabatta Rolls Gluten Free 200G,https://www.tesco.com/groceries/en-GB/products/291228310,1687615434.187016,"['£2.40', '£1.20/100g']",2.4,£1.20/100g
8166,Quaker Oat So Simple Original Porridge Sachet 20X27g,https://www.tesco.com/groceries/en-GB/products/301601635,1687615434.25957,"['£4.25', '£0.79/100g']",4.25,£0.79/100g
8167,Dawtona Pickled Gherkins 900G,https://www.tesco.com/groceries/en-GB/products/262299348,1687615434.3263009,"['£2.45', '£0.52/100g DR.WT']",2.45,£0.52/100g DR.WT
8168,Famous Names Signature Collection 185G,https://www.tesco.com/groceries/en-GB/products/297061478,1687615434.415345,"['£6.00', '£3.24/100g']",6.0,£3.24/100g
8169,Najma Sliced Turkey Breast 150G,https://www.tesco.com/groceries/en-GB/products/273601015,1687615434.508333,"['£2.20', '£1.47/100g']",2.2,£1.47/100g
8170,Tesco Finest Super Nutty Granola 500G,https://www.tesco.com/groceries/en-GB/products/300399973,1687615434.576587,"['£2.80', '£0.56/100g']",2.8,£0.56/100g
8171,Tesco Apple & Strawberry Fruit Slurpers 4X90g,https://www.tesco.com/groceries/en-GB/products/302986373,1687615434.6467981,"['£2.10', '£0.58/100g']",2.1,£0.58/100g
8172,Encona Thai Sweet Chilli Sauce 220Ml,https://www.tesco.com/groceries/en-GB/products/266311789,1687615434.719059,"['£1.70', '£0.77/100ml']",1.7,£0.77/100ml
8173,Hellmann's Chilli Charger Mayonnaise 250G,https://www.tesco.com/groceries/en-GB/products/311422929,1687615434.796354,"['£2.25', '£0.90/100g']",2.25,£0.90/100g
8174,Heinz Sandwich Spread 300G,https://www.tesco.com/groceries/en-GB/products/292270470,1687615434.888799,"['£1.70', '£0.57/100g']",1.7,£0.57/100g
8175,Bendicks Bittermints Carton 200G,https://www.tesco.com/groceries/en-GB/products/255579074,1687615434.9573262,"['£5.50', '£2.75/100g']",5.5,£2.75/100g
8176,Ben's Original Classic Basmati Microwave Rice 220G,https://www.tesco.com/groceries/en-GB/products/312855473,1687615435.0484211,"['£0.99', '£4.50/kg']",0.99,£4.50/kg
8177,Tesco Roasted & Salted Almonds 100G,https://www.tesco.com/groceries/en-GB/products/268424848,1687615435.119223,"['£1.55', '£15.50/kg']",1.55,£15.50/kg
8178,Quaker Oat So Simple Sweet Cinnamon Porridge 57G,https://www.tesco.com/groceries/en-GB/products/268574497,1687615435.1924858,"['£1.30', '£2.28/100g']",1.3,£2.28/100g
8179,Lyles Golden Syrup 454G,https://www.tesco.com/groceries/en-GB/products/254851421,1687615435.281748,"['£1.75', '£0.38/100g']",1.75,£0.38/100g
8180,Whitworths Shots Berry & White Chocolate 4X25g,https://www.tesco.com/groceries/en-GB/products/302298444,1687615435.348502,"['£2.00', '£20.00/kg']",2.0,£20.00/kg
8181,Crosse And Blackwell Best Of British Winter Vegetable 400G,https://www.tesco.com/groceries/en-GB/products/288458432,1687615435.4141052,"['£1.25', '£0.31/100g']",1.25,£0.31/100g
8182,Mccoy's Sizzling King Prawn Crisps Multipack 6X25g,https://www.tesco.com/groceries/en-GB/products/311276897,1687615435.481323,"['£2.25', '£1.50/100g']",2.25,£1.50/100g
8183,French's America Classic Yellow Mustard 226G Squeezy,https://www.tesco.com/groceries/en-GB/products/256363765,1687615435.555524,"['£2.00', '£0.88/100g']",2.0,£0.88/100g
8184,Barratts Dip Dabs 23G,https://www.tesco.com/groceries/en-GB/products/257214676,1687615435.700918,"['£0.55', '£2.39/100g']",0.55,£2.39/100g
8185,Heinz Big Soup Sausage & Vegetable 400G,https://www.tesco.com/groceries/en-GB/products/297118142,1687615435.77632,"['£2.00', '£0.50/100g']",2.0,£0.50/100g
8186,Flipz Milk Chocolate Coated Pretzels 90G,https://www.tesco.com/groceries/en-GB/products/306497283,1687615435.875211,"['£1.50', '£1.67/100g']",1.5,£1.67/100g
8187,Tilda Lemon Basmati Rice 250G,https://www.tesco.com/groceries/en-GB/products/271325967,1687615435.977715,"['£1.25', '£5.00/kg']",1.25,£5.00/kg
8188,Tesco Tomato Chutney 300G,https://www.tesco.com/groceries/en-GB/products/258763488,1687615436.046577,"['£1.30', '£0.43/100g']",1.3,£0.43/100g
8189,Trebor Extra Strong Peppermint 4 Pack 165G,https://www.tesco.com/groceries/en-GB/products/268046126,1687615436.128167,"['£1.35', '£0.82/100g']",1.35,£0.82/100g
8190,Ambrosia Chocolate Devon Custard 400G,https://www.tesco.com/groceries/en-GB/products/304394534,1687615436.2006998,"['£1.60', '£0.40/100g']",1.6,£0.40/100g
8191,Dunns River Caribbean Fish Seasoning 100G,https://www.tesco.com/groceries/en-GB/products/263565896,1687615436.2735791,"['£1.05', '£1.05/100g']",1.05,£1.05/100g
8192,Tesco Wholefoods Prunes 250G,https://www.tesco.com/groceries/en-GB/products/258056187,1687615436.345879,"['£2.00', '£8.00/kg']",2.0,£8.00/kg
8193,Kit Kat 2 Finger Dark Mint Biscuits 9 Pack 186.3G,https://www.tesco.com/groceries/en-GB/products/297551682,1687615436.432259,"['£2.00', '£1.07/100g']",2.0,£1.07/100g
8194,Hartleys Ready To Eat Jelly Blackcurrant 125G,https://www.tesco.com/groceries/en-GB/products/252467998,1687615436.618939,"['£0.80', '£0.64/100g']",0.8,£0.64/100g
8195,Napolina Lentils 400G,https://www.tesco.com/groceries/en-GB/products/297021273,1687615436.709882,"['£1.00', '£2.50/kg']",1.0,£2.50/kg
8196,Tesco Chopped Pork & Ham 200G,https://www.tesco.com/groceries/en-GB/products/268350176,1687615436.7790048,"['£1.50', '£0.75/100g']",1.5,£0.75/100g
8197,Warsteiner Premium Lager 660Ml,https://www.tesco.com/groceries/en-GB/products/291116568,1687615436.8465018,"['£2.20', '£3.33/litre']",2.2,£3.33/litre
8198,Tesco Hot Chilli Sauce 500G,https://www.tesco.com/groceries/en-GB/products/275476580,1687615436.944787,"['£1.20', '£0.24/100g']",1.2,£0.24/100g
8199,Nishaan Garlic Paste 283G,https://www.tesco.com/groceries/en-GB/products/267144432,1687615437.012189,"['£1.20', '£0.04/10g']",1.2,£0.04/10g
8200,Tesco Currants 500G,https://www.tesco.com/groceries/en-GB/products/254915306,1687615437.0776372,"['£1.25', '£2.50/kg']",1.25,£2.50/kg
8201,Tesco Plain Instant Mash Potato 160G,https://www.tesco.com/groceries/en-GB/products/279511613,1687615443.6252348,"['£1.00', '£6.25/kg']",1.0,£6.25/kg
8202,Batchelors Super Noodles Chilli Chicken Low Fat 81G,https://www.tesco.com/groceries/en-GB/products/303646521,1687615443.697706,"['£0.99', '£12.22/kg']",0.99,£12.22/kg
8203,Tropical Vibes Sours Kawaii Kiwi 300Ml,https://www.tesco.com/groceries/en-GB/products/310169597,1687615443.768306,"['£1.00', '£0.33/100ml']",1.0,£0.33/100ml
8204,Tropical Vibes Fruit Punch Drink 300Ml,https://www.tesco.com/groceries/en-GB/products/310163730,1687615443.838343,"['£1.00', '£0.33/100ml']",1.0,£0.33/100ml
8205,M&M's Peanut Chocolate More To Share Pouch 220G,https://www.tesco.com/groceries/en-GB/products/311955310,1687615443.90546,"['£2.49', '£1.13/100g']",2.49,£1.13/100g
8206,Tesco Reduced Salt Soy Sauce 150Ml,https://www.tesco.com/groceries/en-GB/products/294781241,1687615443.974431,"['£0.65', '£0.43/100ml']",0.65,£0.43/100ml
8207,Lindt Lindor White Chocolate Truffles Carton 200G,https://www.tesco.com/groceries/en-GB/products/265059450,1687615444.0475678,"['£6.00', '£3.00/100g']",6.0,£3.00/100g
8208,Tesco Spanish Paella Rice 500G,https://www.tesco.com/groceries/en-GB/products/250351898,1687615444.1172512,"['£2.25', '£4.50/kg']",2.25,£4.50/kg
8209,Tesco Ground Black Pepper 100G,https://www.tesco.com/groceries/en-GB/products/256150775,1687615444.1842802,"['£2.50', '£0.25/10g']",2.5,£0.25/10g
8210,Dolmio Creamy White Lasagne Sauce 710G,https://www.tesco.com/groceries/en-GB/products/259995006,1687615444.2515461,"['£2.75', '£0.39/100g']",2.75,£0.39/100g
8211,Fuel 70% Cocoa Chunks 400G,https://www.tesco.com/groceries/en-GB/products/271515304,1687615444.32433,"['£3.25', '£0.81/100g']",3.25,£0.81/100g
8212,Tesco Black Peppercorns 250G,https://www.tesco.com/groceries/en-GB/products/301971870,1687615444.393265,"['£3.90', '£0.16/10g']",3.9,£0.16/10g
8213,Pataks Tikka Masala Paste Medium 283G,https://www.tesco.com/groceries/en-GB/products/252355211,1687615444.471599,"['£3.25', '£1.15/100g']",3.25,£1.15/100g
8214,Koko Dairy Free Original Plus Calcium Longlife 1Litre,https://www.tesco.com/groceries/en-GB/products/276993835,1687615444.5396721,"['£1.80', '£1.80/litre']",1.8,£1.80/litre
8215,Heinz Sweet Chilli Sauce 220Ml,https://www.tesco.com/groceries/en-GB/products/283818527,1687615444.628583,"['£2.30', '£1.04/100ml']",2.3,£1.04/100ml
8216,Wrigley's Extra Peppermint 6X10 Pieces 84G,https://www.tesco.com/groceries/en-GB/products/302310661,1687615444.696109,"['£2.75', '£3.27/100g']",2.75,£3.27/100g
8217,Old El Paso Extra Mild Fajita Dinner Kit 476G,https://www.tesco.com/groceries/en-GB/products/267073786,1687615444.771345,"['£2.49', '£0.00/kg']",2.49,£0.00/kg
8218,Kellogg's Fruit Winders Doubles Strawberry & Blackcurrant 5X17g,https://www.tesco.com/groceries/en-GB/products/309205359,1687615444.841543,"['£1.50', '£1.76/100g']",1.5,£1.76/100g
8219,Schwartz Classic Roast Beef Gravy Mix 27G,https://www.tesco.com/groceries/en-GB/products/253174671,1687615444.9131362,"['£0.95', '£3.52/100g']",0.95,£3.52/100g
8220,Nairns Gluten Free Oatcakes 213G,https://www.tesco.com/groceries/en-GB/products/294342393,1687615445.007605,"['£2.00', '£0.94/100g']",2.0,£0.94/100g
8221,Pataks Madras Sauce 450G,https://www.tesco.com/groceries/en-GB/products/274747676,1687615445.0762858,"['£2.00', '£0.44/100g']",2.0,£0.44/100g
8222,Wikinger Hot Dogs 1030G,https://www.tesco.com/groceries/en-GB/products/268218690,1687615445.142284,"['£2.85', '£0.40/100g DR.WT']",2.85,£0.40/100g DR.WT
8223,Knorr Aromat Seasoning 90G,https://www.tesco.com/groceries/en-GB/products/250882160,1687615445.228304,"['£1.45', '£0.16/10g']",1.45,£0.16/10g
8224,Nakd Berry Delight 4X35g,https://www.tesco.com/groceries/en-GB/products/268347369,1687615445.294388,"['£3.00', '£2.14/100g']",3.0,£2.14/100g
8225,Tesco Sweet & Sour Chicken 392G,https://www.tesco.com/groceries/en-GB/products/307738850,1687615445.4191191,"['£2.40', '£6.12/kg']",2.4,£6.12/kg
8226,Kiddylicious Cheesy Veggie Straws 4X12g,https://www.tesco.com/groceries/en-GB/products/305988493,1687615445.4878879,"['£2.30', '£4.79/100g']",2.3,£4.79/100g
8227,Tesco Chicken Jalfrezi 392G,https://www.tesco.com/groceries/en-GB/products/307744829,1687615445.576639,"['£2.40', '£6.12/kg']",2.4,£6.12/kg
8228,Kellogg's Frosted Wheats 500G,https://www.tesco.com/groceries/en-GB/products/305957576,1687615445.646587,"['£1.95', '£0.39/100g']",1.95,£0.39/100g
8229,Ryvita Multigrain Rye Bread 250G,https://www.tesco.com/groceries/en-GB/products/251107559,1687615445.7197309,"['£1.60', '£0.64/100g']",1.6,£0.64/100g
8230,Hartleys Blackcurrant Jelly 135G,https://www.tesco.com/groceries/en-GB/products/252470498,1687615445.788218,"['£0.95', '£0.70/100g']",0.95,£0.70/100g
8231,Ben's Original Mixed Pepper Microwave Rice 250G,https://www.tesco.com/groceries/en-GB/products/309197282,1687615445.862242,"['£1.40', '£5.60/kg']",1.4,£5.60/kg
8232,Stockan's Thick Oatcakes 200G,https://www.tesco.com/groceries/en-GB/products/259876597,1687615445.928701,"['£1.10', '£0.55/100g']",1.1,£0.55/100g
8233,Mcvities Light Rich Tea 300G,https://www.tesco.com/groceries/en-GB/products/255404777,1687615445.997322,"['£1.80', '£0.60/100g']",1.8,£0.60/100g
8234,Schwartz Classic Roast Chicken Gravy Mix 26G,https://www.tesco.com/groceries/en-GB/products/253174694,1687615446.084637,"['£0.95', '£3.65/100g']",0.95,£3.65/100g
8235,Mug Shot Pasta Tomato & Herb 64G,https://www.tesco.com/groceries/en-GB/products/313853548,1687615446.173207,"['£0.85', '£13.28/kg']",0.85,£13.28/kg
8236,Hartley Ready To Eat No Added Sugar Raspberry Jelly 115G,https://www.tesco.com/groceries/en-GB/products/263029777,1687615446.2380328,"['£0.80', '£0.70/100g']",0.8,£0.70/100g
8237,Allinson Easy Bake Yeast Tin 100G,https://www.tesco.com/groceries/en-GB/products/271257713,1687615446.329896,"['£1.25', '£12.50/kg']",1.25,£12.50/kg
8238,Butterkist Cinema Sweet Popcorn 6X12g,https://www.tesco.com/groceries/en-GB/products/303485359,1687615446.480656,"['£1.50', '£2.08/100g']",1.5,£2.08/100g
8239,Nissin Soba Teriyaki Instant Noodles 90G,https://www.tesco.com/groceries/en-GB/products/285633532,1687615446.549095,"['£1.70', '£18.89/kg']",1.7,£18.89/kg
8240,Ryvita Thins Rosemary & Sea Salt Flatbreads 125G,https://www.tesco.com/groceries/en-GB/products/301012324,1687615446.6216772,"['£2.20', '£1.76/100g']",2.2,£1.76/100g
8241,Blue Dragon Hoisin & Garlic Stir Fry Sauce 120G,https://www.tesco.com/groceries/en-GB/products/308109574,1687615446.72119,"['£0.95', '£0.79/100g']",0.95,£0.79/100g
8242,Aero Delightful Peppermint Chocolate Sharing Bar 90G,https://www.tesco.com/groceries/en-GB/products/307165467,1687615446.816309,"['£1.25', '£1.39/100g']",1.25,£1.39/100g
8243,Cadbury Dairy Milk Whole Nut Chocolate Bar 120G,https://www.tesco.com/groceries/en-GB/products/275523231,1687615446.8860679,"['£1.35', '£1.12/100g']",1.35,£1.12/100g
8244,Blue Dragon Whole Wheat Noodles 300G,https://www.tesco.com/groceries/en-GB/products/272854114,1687615446.954464,"['£1.25', '£4.17/kg']",1.25,£4.17/kg
8245,Tesco All Butter Fudge 125G,https://www.tesco.com/groceries/en-GB/products/302314017,1687615447.028352,"['£1.20', '£0.96/100g']",1.2,£0.96/100g
8246,Tesco Sour Cream Topping 280G,https://www.tesco.com/groceries/en-GB/products/272492363,1687615447.102323,"['£1.50', '£0.54/100g']",1.5,£0.54/100g
8247,Rubicon Sparkling Lychee Juice Drink 330Ml,https://www.tesco.com/groceries/en-GB/products/261732419,1687615447.174277,"['£0.50', '£0.15/100ml']",0.5,£0.15/100ml
8248,Proper Chips 85G Bbq,https://www.tesco.com/groceries/en-GB/products/305846270,1687615447.242215,"['£2.00', '£2.35/100g']",2.0,£2.35/100g
8249,Hearty Food Co. Sweet & Sour Sauce 440G,https://www.tesco.com/groceries/en-GB/products/300594851,1687615453.41066,"['£0.87', '£0.20/100g']",0.87,£0.20/100g
8250,Tesco Garlic Infused Oil 250Ml,https://www.tesco.com/groceries/en-GB/products/278288515,1687615453.488596,"['£2.50', '£1.00/100ml']",2.5,£1.00/100ml
8251,Tesco Shortbread Petticoat Tails 450G,https://www.tesco.com/groceries/en-GB/products/293574661,1687615453.562451,"['£2.25', '£0.50/100g']",2.25,£0.50/100g
8252,East End Premium Chakki Gold Atta 5Kg,https://www.tesco.com/groceries/en-GB/products/265579151,1687615453.637012,"['£10.70', '£2.14/kg']",10.7,£2.14/kg
8253,Meridian Crunchy Peanut Butter 1Kg,https://www.tesco.com/groceries/en-GB/products/301510512,1687615453.705347,"['£6.50', '£0.65/100g']",6.5,£0.65/100g
8254,Tesco Quinoa 300G,https://www.tesco.com/groceries/en-GB/products/292010305,1687615453.772604,"['£2.60', '£8.67/kg']",2.6,£8.67/kg
8255,Tesco Mixed Nuts 250G,https://www.tesco.com/groceries/en-GB/products/271667055,1687615453.840239,"['£3.40', '£13.60/kg']",3.4,£13.60/kg
8256,Bisto Gravy Granules Chicken 550G,https://www.tesco.com/groceries/en-GB/products/296383663,1687615453.905956,"['£5.80', '£1.06/100g']",5.8,£1.06/100g
8257,Tesco Aasani Cashew Nuts 500G,https://www.tesco.com/groceries/en-GB/products/289206286,1687615454.010709,"['£6.30', '£12.60/kg']",6.3,£12.60/kg
8258,Elephant Atta Medium With Vitamin D Chapatti Flour 5KG,https://www.tesco.com/groceries/en-GB/products/314327272,1687615454.1016068,"['£7.00', '£1.40/kg']",7.0,£1.40/kg
8259,Tesco Artichoke Antipasti 285G,https://www.tesco.com/groceries/en-GB/products/265915658,1687615454.1733062,"['£3.00', '£0.02/kg DR.WT']",3.0,£0.02/kg DR.WT
8260,Nando's Perinaise Sauce 465G,https://www.tesco.com/groceries/en-GB/products/300808116,1687615454.242482,"['£3.50', '£0.75/100g']",3.5,£0.75/100g
8261,Weetabix On The Go Vanilla Drink 250Ml,https://www.tesco.com/groceries/en-GB/products/282391012,1687615454.3197591,"['£1.50', '£0.60/100ml']",1.5,£0.60/100ml
8262,Blue Dragon Coconut Milk 400Ml,https://www.tesco.com/groceries/en-GB/products/252486194,1687615454.386994,"['£2.50', '£6.25/litre']",2.5,£6.25/litre
8263,Najma Wafer Thin Turkey 125G,https://www.tesco.com/groceries/en-GB/products/291546440,1687615454.4809449,"['£2.60', '£2.08/100g']",2.6,£2.08/100g
8264,Tesco Finest Hot Smoked Mackerel Fillets & Harissa 110G,https://www.tesco.com/groceries/en-GB/products/307358929,1687615454.548913,"['£2.25', '£3.21/100g DR.WT']",2.25,£3.21/100g DR.WT
8265,Groovy Food Agave Light And Mild 250Ml,https://www.tesco.com/groceries/en-GB/products/282060773,1687615454.615069,"['£2.50', '£1.00/100ml']",2.5,£1.00/100ml
8266,Sol. Original Beer 12X330ml,https://www.tesco.com/groceries/en-GB/products/302274379,1687615454.682338,"['£12.00', '£3.03/litre']",12.0,£3.03/litre
8267,Nando's Sweet Chilli Jam Medium 285G,https://www.tesco.com/groceries/en-GB/products/308498526,1687615454.7695282,"['£2.50', '£0.88/100g']",2.5,£0.88/100g
8268,Jordans Country Crisp With Lux. Raisins 500G,https://www.tesco.com/groceries/en-GB/products/258885334,1687615454.8640482,"['£1.99', '£0.40/100g']",1.99,£0.40/100g
8269,Tesco Free From Sage & Onion Stuffing 170G,https://www.tesco.com/groceries/en-GB/products/291360047,1687615454.9315069,"['£1.70', '£10.00/kg']",1.7,£10.00/kg
8270,Carnation Light Evaporated Milk 410G,https://www.tesco.com/groceries/en-GB/products/252395497,1687615454.999904,"['£1.65', '£4.02/kg']",1.65,£4.02/kg
8271,Weight Watchers Chewy Caramel Wafers 5 X 16G,https://www.tesco.com/groceries/en-GB/products/305974221,1687615455.0673459,"['£1.60', '£2.00/100g']",1.6,£2.00/100g
8272,Ben's Original Wholegrain Spicy Mexican Rice 250G,https://www.tesco.com/groceries/en-GB/products/309163817,1687615455.1351051,"['£1.40', '£5.60/kg']",1.4,£5.60/kg
8273,Trebor Softmints Spearmint Mints 4 Pack 179G,https://www.tesco.com/groceries/en-GB/products/268046218,1687615455.200889,"['£1.35', '£0.75/100g']",1.35,£0.75/100g
8274,Batchelors Cup A Soup Special Chicken & Vegetable 110G,https://www.tesco.com/groceries/en-GB/products/254203210,1687615455.2675672,"['£1.50', '£1.36/100g']",1.5,£1.36/100g
8275,Batchelors Cup A Soup Beef & Tom 4X22g,https://www.tesco.com/groceries/en-GB/products/270978973,1687615455.333295,"['£1.50', '£1.70/100g']",1.5,£1.70/100g
8276,Tesco Chinese Style Curry Sauce 500G,https://www.tesco.com/groceries/en-GB/products/266896891,1687615455.404789,"['£1.20', '£0.24/100g']",1.2,£0.24/100g
8277,Walkers Delicate Prawn Cocktail Crisps 6X25g,https://www.tesco.com/groceries/en-GB/products/312993737,1687615455.470308,"['£1.95', '£1.30/100g']",1.95,£1.30/100g
8278,Tropical Sun Instant Coconut Cornmeal Porridge Pots 70g,https://www.tesco.com/groceries/en-GB/products/314300948,1687615455.557387,"['£1.20', '£17.14/kg']",1.2,£17.14/kg
8279,Tropical Sun Original Instant Cornmeal Porridge Pots 70g,https://www.tesco.com/groceries/en-GB/products/314299252,1687615455.623342,"['£1.20', '£17.14/kg']",1.2,£17.14/kg
8280,Milkybar White Chocolate Pouch 94G,https://www.tesco.com/groceries/en-GB/products/308468129,1687615455.6907258,"['£1.35', '£1.44/100g']",1.35,£1.44/100g
8281,Crosse And Blackwell Best Of British Chicken Soup 400G,https://www.tesco.com/groceries/en-GB/products/288458144,1687615455.757372,"['£1.25', '£0.31/100g']",1.25,£0.31/100g
8282,Fray Bentos Chicken Meatballs Tomato Sauce 380G,https://www.tesco.com/groceries/en-GB/products/262742890,1687615455.8269498,"['£1.20', '£3.16/kg']",1.2,£3.16/kg
8283,Schwartz Chicken Chasseur Casserole Mix40g,https://www.tesco.com/groceries/en-GB/products/251975976,1687615455.916079,"['£0.95', '£2.38/100g']",0.95,£2.38/100g
8284,Natco Spinach Leaf 765G,https://www.tesco.com/groceries/en-GB/products/287604463,1687615456.012883,"['£1.80', '£3.40/kg DR.WT']",1.8,£3.40/kg DR.WT
8285,Regal Lychee Basil Seed Juice 320ml,https://www.tesco.com/groceries/en-GB/products/314696337,1687615456.07938,"['£1.15', '£0.36/100ml']",1.15,£0.36/100ml
8286,Regal Mango Basil Seed Juice 320ml,https://www.tesco.com/groceries/en-GB/products/313942184,1687615456.179221,"['£1.15', '£0.36/100ml']",1.15,£0.36/100ml
8287,The Skinny Cracker Co Rosemary Crackers 185G,https://www.tesco.com/groceries/en-GB/products/311938642,1687615456.248969,"['£1.00', '£0.54/100g']",1.0,£0.54/100g
8288,Properchips Salt & Vinegar Lentil Chips 85G,https://www.tesco.com/groceries/en-GB/products/305736014,1687615456.316777,"['£2.00', '£2.35/100g']",2.0,£2.35/100g
8289,Tesco Fire Pit Korean Style Chilli Mayonnaise 280Ml,https://www.tesco.com/groceries/en-GB/products/313620565,1687615456.383723,"['£1.20', '£0.43/100ml']",1.2,£0.43/100ml
8290,M&M's Crispy Chocolate Pouch 107G,https://www.tesco.com/groceries/en-GB/products/303670704,1687615456.4710872,"['£1.50', '£1.40/100g']",1.5,£1.40/100g
8291,Tesco Free From Chocolate Digestives 200G,https://www.tesco.com/groceries/en-GB/products/291368471,1687615456.552809,"['£1.70', '£0.85/100g']",1.7,£0.85/100g
8292,Stockwell & Co Orange Marmalade 454G,https://www.tesco.com/groceries/en-GB/products/300388197,1687615456.636844,"['£0.69', '£0.15/100g']",0.69,£0.15/100g
8293,Tilda Grand Extra Long Grain Rice 5Kg,https://www.tesco.com/groceries/en-GB/products/282265272,1687615456.7132218,"['£15.00', '£3.00/kg']",15.0,£3.00/kg
8294,Trophy Basmati Rice 10Kg,https://www.tesco.com/groceries/en-GB/products/293258673,1687615456.786731,"['£18.50', '£1.85/kg']",18.5,£1.85/kg
8295,Tesco Ground Almonds 500G,https://www.tesco.com/groceries/en-GB/products/309495418,1687615456.867863,"['£5.45', '£10.90/kg']",5.45,£10.90/kg
8296,Bisto Traditional Reduced Salt Gravy Granules 350G,https://www.tesco.com/groceries/en-GB/products/297461195,1687615456.970701,"['£3.50', '£1.00/100g']",3.5,£1.00/100g
8297,Ktc Blended Pomace Oil 1 Litre,https://www.tesco.com/groceries/en-GB/products/267772834,1687615464.008731,"['£4.50', '£0.45/100ml']",4.5,£0.45/100ml
8298,Butterkist Microwave Salted Popcorn 3X60g,https://www.tesco.com/groceries/en-GB/products/303543090,1687615464.1753652,"['£2.50', '£1.39/100g']",2.5,£1.39/100g
8299,Napolina Olive Oil 500Ml,https://www.tesco.com/groceries/en-GB/products/257449231,1687615464.2485309,"['£5.10', '£1.02/100ml']",5.1,£1.02/100ml
8300,Tesco Pitted Kalamata Olives 290G,https://www.tesco.com/groceries/en-GB/products/300832766,1687615464.317285,"['£2.70', '£1.86/100g DR.WT']",2.7,£1.86/100g DR.WT
8301,Jordans Natural Muesli 1Kg,https://www.tesco.com/groceries/en-GB/products/265527098,1687615464.38648,"['£3.60', '£0.36/100g']",3.6,£0.36/100g
8302,Tesco Sultana Bran Cereal 750G,https://www.tesco.com/groceries/en-GB/products/259650305,1687615464.462744,"['£2.80', '£0.37/100g']",2.8,£0.37/100g
8303,Thorntons Classic Collection 262G,https://www.tesco.com/groceries/en-GB/products/302302498,1687615464.540077,"['£8.00', '£3.05/100g']",8.0,£3.05/100g
8304,Dolmio Meatball Tomato & Basil Pasta Sauce 500G,https://www.tesco.com/groceries/en-GB/products/274001361,1687615464.632502,"['£2.50', '£0.50/100g']",2.5,£0.50/100g
8305,Tesco Whole Blanched Almonds 100G,https://www.tesco.com/groceries/en-GB/products/254914365,1687615464.704009,"['£1.80', '£18.00/kg']",1.8,£18.00/kg
8306,Goodfella’s Stonebaked Thin Halal Pepperoni Pizza 328g,https://www.tesco.com/groceries/en-GB/products/314704776,1687615464.773379,"['£3.25', '£0.99/100g']",3.25,£0.99/100g
8307,Tesco Oregano 30G ..,https://www.tesco.com/groceries/en-GB/products/300456261,1687615464.844543,"['£1.50', '£0.50/10g']",1.5,£0.50/10g
8308,Heinz Salad Cream 70% Less Fat 435G,https://www.tesco.com/groceries/en-GB/products/288516151,1687615464.913951,"['£3.40', '£0.78/100g']",3.4,£0.78/100g
8309,Tesco Garlic Paste 90G,https://www.tesco.com/groceries/en-GB/products/278392921,1687615464.9822998,"['£1.50', '£0.17/10g']",1.5,£0.17/10g
8310,Royal Chai Elaichi Tea Washout Sugar 180G,https://www.tesco.com/groceries/en-GB/products/260667112,1687615465.052293,"['£2.90', '£1.61/100g']",2.9,£1.61/100g
8311,Alpro Chocolate Soya Dessert 4 X 125G,https://www.tesco.com/groceries/en-GB/products/252955630,1687615465.130233,"['£1.85', '£0.37/100g']",1.85,£0.37/100g
8312,Regal Baklawa Collection 200g,https://www.tesco.com/groceries/en-GB/products/314099195,1687615465.1950989,"['£3.50', '£1.75/100g']",3.5,£1.75/100g
8313,Morliny Sopocka Pork Slices 100G,https://www.tesco.com/groceries/en-GB/products/288591434,1687615465.262105,"['£1.40', '£1.40/100g']",1.4,£1.40/100g
8314,Everest Paneer Block Cheese 226G,https://www.tesco.com/groceries/en-GB/products/282412588,1687615465.331237,"['£1.70', '£7.52/kg']",1.7,£7.52/kg
8315,Askeys Treat Chocolate 325G Topping,https://www.tesco.com/groceries/en-GB/products/304407982,1687615465.3969338,"['£1.50', '£0.46/100g']",1.5,£0.46/100g
8316,Jacob's Mini Cheddars Smoky Bbq 6 X 23G,https://www.tesco.com/groceries/en-GB/products/312844820,1687615465.4943721,"['£1.75', '£1.27/100g']",1.75,£1.27/100g
8317,Kinder Cards Biscuit Wafers 8 X 12.8G,https://www.tesco.com/groceries/en-GB/products/307161304,1687615465.5892532,"['£1.80', '£1.76/100g']",1.8,£1.76/100g
8318,Tesco Garam Masala Spice Blend 38G,https://www.tesco.com/groceries/en-GB/products/251990617,1687615465.657929,"['£0.90', '£0.24/10g']",0.9,£0.24/10g
8319,Heineken Lager 650Ml Bottle,https://www.tesco.com/groceries/en-GB/products/255218992,1687615465.750255,"['£2.40', '£3.69/litre']",2.4,£3.69/litre
8320,Tesco Soft Figs 250G,https://www.tesco.com/groceries/en-GB/products/258058058,1687615465.838551,"['£2.00', '£8.00/kg']",2.0,£8.00/kg
8321,Stagg Chilli Classic Chilli Con Carne 400G,https://www.tesco.com/groceries/en-GB/products/266478902,1687615465.9112089,"['£2.20', '£5.50/kg']",2.2,£5.50/kg
8322,Tesco Freeze Dried Chives 3.5 G Jar,https://www.tesco.com/groceries/en-GB/products/256147048,1687615465.9832451,"['£0.90', '£2.57/10g']",0.9,£2.57/10g
8323,Mcvities Dark Chocolate Digestive 266G,https://www.tesco.com/groceries/en-GB/products/300917275,1687615466.0485702,"['£1.75', '£0.66/100g']",1.75,£0.66/100g
8324,Kinder Milk Slice Milk And Honey 3 X 28G,https://www.tesco.com/groceries/en-GB/products/307135970,1687615466.1348732,"['£1.00', '£1.19/100g']",1.0,£1.19/100g
8325,Tesco Free From Red Pesto 190G,https://www.tesco.com/groceries/en-GB/products/300809651,1687615466.2042181,"['£1.10', '£0.58/100g']",1.1,£0.58/100g
8326,Mugshot Sweet & Sour Noodles 67G,https://www.tesco.com/groceries/en-GB/products/253440258,1687615466.2733319,"['£1.00', '£14.92/kg']",1.0,£14.92/kg
8327,Haribo Jelly Babies Double Trouble 175G,https://www.tesco.com/groceries/en-GB/products/307733642,1687615466.339129,"['£1.25', '£0.71/100g']",1.25,£0.71/100g
8328,Walkers Max Paprika Crisps 50G,https://www.tesco.com/groceries/en-GB/products/290572748,1687615466.4056199,"['£0.95', '£1.90/100g']",0.95,£1.90/100g
8329,Saxa White Pepper 25G,https://www.tesco.com/groceries/en-GB/products/254804674,1687615466.516377,"['£0.90', '£0.36/10g']",0.9,£0.36/10g
8330,Royali Spaghetti Bolognese 400G,https://www.tesco.com/groceries/en-GB/products/287319213,1687615466.5931132,"['£3.25', '£0.81/100g']",3.25,£0.81/100g
8331,Cadbury Crunchie Rocks 110G,https://www.tesco.com/groceries/en-GB/products/285332960,1687615466.726527,"['£1.35', '£1.23/100g']",1.35,£1.23/100g
8332,Tesco Chopped Tomatoes With Basil 390G,https://www.tesco.com/groceries/en-GB/products/259319002,1687615466.800971,"['£0.80', '£2.05/kg']",0.8,£2.05/kg
8333,Tesco Free From White Chocolate Buttons 25G,https://www.tesco.com/groceries/en-GB/products/282446277,1687615466.8674629,"['£0.50', '£2.00/100g']",0.5,£2.00/100g
8334,Tesco Dark Chocolate Butter Biscuits 125G,https://www.tesco.com/groceries/en-GB/products/309175953,1687615466.9348018,"['£1.00', '£0.80/100g']",1.0,£0.80/100g
8335,Tesco Broad Beans In Water 300G,https://www.tesco.com/groceries/en-GB/products/304383340,1687615467.000654,"['£0.65', '£3.42/kg DR.WT']",0.65,£3.42/kg DR.WT
8336,Regal Cake Rusks Egg Free 18 Pieces 378G,https://www.tesco.com/groceries/en-GB/products/287571431,1687615467.0706298,"['£2.85', '£0.75/100g']",2.85,£0.75/100g
8337,Lindt Lindor Milk Chocolate Truffles Carton 337G,https://www.tesco.com/groceries/en-GB/products/259183944,1687615467.14851,"['£9.50', '£2.82/100g']",9.5,£2.82/100g
8338,Lizi's Low Sugar Granola 500G,https://www.tesco.com/groceries/en-GB/products/292069011,1687615467.222144,"['£4.00', '£0.80/100g']",4.0,£0.80/100g
8339,Ben's Original Boil In Bag Long Grain Rice 500G,https://www.tesco.com/groceries/en-GB/products/309204920,1687615467.295312,"['£3.15', '£6.30/kg']",3.15,£6.30/kg
8340,Nestle Cheerios Honey Cereal 575G,https://www.tesco.com/groceries/en-GB/products/308450905,1687615467.3648498,"['£4.40', '£0.76/100g']",4.4,£0.76/100g
8341,Tilda Basmati Rice 500G,https://www.tesco.com/groceries/en-GB/products/255590785,1687615467.437978,"['£3.00', '£6.00/kg']",3.0,£6.00/kg
8342,Belvita Milk & Cereal Biscuits 12 Pack 540G,https://www.tesco.com/groceries/en-GB/products/297544535,1687615467.534143,"['£2.90', '£0.54/100g']",2.9,£0.54/100g
8343,Whitworths Sunny Raisins 14 X 14G,https://www.tesco.com/groceries/en-GB/products/264903484,1687615467.6027331,"['£2.40', '£12.24/kg']",2.4,£12.24/kg
8344,Tyrrells Mixed Root Vegetable Crisps 125G,https://www.tesco.com/groceries/en-GB/products/298179879,1687615467.670235,"['£2.75', '£2.20/100g']",2.75,£2.20/100g
8345,Lee Kum Kee Premium Light Soy Sauce 500Ml,https://www.tesco.com/groceries/en-GB/products/276760374,1687615473.997207,"['£2.30', '£0.46/100ml']",2.3,£0.46/100ml
8346,Humza Paratha Original 1.6Kg,https://www.tesco.com/groceries/en-GB/products/302036513,1687615474.0831969,"['£3.50', '£0.22/100g']",3.5,£0.22/100g
8347,Dr Oetker Fine Cooks Dark Chocolate 54% 150G,https://www.tesco.com/groceries/en-GB/products/277180574,1687615474.161789,"['£2.00', '£1.33/100g']",2.0,£1.33/100g
8348,Blue Dragon Hoi Sin Dipping Sauce 190Ml,https://www.tesco.com/groceries/en-GB/products/277180937,1687615474.237785,"['£1.90', '£1.00/100ml']",1.9,£1.00/100ml
8349,Hartleys No Added Sugar Raspberry 6 Pack Jelly 690G,https://www.tesco.com/groceries/en-GB/products/301413512,1687615474.315109,"['£2.25', '£0.33/100g']",2.25,£0.33/100g
8350,Weetos Chocolatey Hoops Cereal 420G,https://www.tesco.com/groceries/en-GB/products/314114282,1687615474.396395,"['£3.30', '£0.79/100g']",3.3,£0.79/100g
8351,Mcvities Dark Chocolate Hobnob 262G,https://www.tesco.com/groceries/en-GB/products/278370924,1687615474.513401,"['£1.90', '£0.72/100g']",1.9,£0.72/100g
8352,Chop Ginger Puree 75G,https://www.tesco.com/groceries/en-GB/products/303823219,1687615474.6087732,"['£1.30', '£0.17/10g']",1.3,£0.17/10g
8353,Sharwoods Ready To Eat Prawn Crackers 60G,https://www.tesco.com/groceries/en-GB/products/256326672,1687615474.6756248,"['£2.00', '£3.33/100g']",2.0,£3.33/100g
8354,Kedem Concord Grape Juice 650Ml,https://www.tesco.com/groceries/en-GB/products/253681433,1687615474.767197,"['£3.00', '£0.46/100ml']",3.0,£0.46/100ml
8355,GRACE INSTANT CORNMEAL H/STYLE PORRIDGE 60G,https://www.tesco.com/groceries/en-GB/products/266314204,1687615474.836468,"['£1.50', '£2.50/100g']",1.5,£2.50/100g
8356,Tesco Easy Cook Basmati Rice 1Kg,https://www.tesco.com/groceries/en-GB/products/258183865,1687615474.915767,"['£2.20', '£2.20/kg']",2.2,£2.20/kg
8357,Tesco 8 Corn Tortilla Wrap 320G,https://www.tesco.com/groceries/en-GB/products/292761406,1687615474.9856331,"['£1.30', '£0.41/100g']",1.3,£0.41/100g
8358,Tropical Sun Soursop Juice Drink with Pulp 330ml,https://www.tesco.com/groceries/en-GB/products/314101274,1687615475.053601,"['£1.60', '£0.48/100ml']",1.6,£0.48/100ml
8359,Tropical Sun Mango Juice Drink with Pulp 330ml,https://www.tesco.com/groceries/en-GB/products/314100880,1687615475.1233191,"['£1.60', '£0.48/100ml']",1.6,£0.48/100ml
8360,Tesco Sliced Black Olives In Brine 340G,https://www.tesco.com/groceries/en-GB/products/258251105,1687615475.194148,"['£1.10', '£0.65/100g DR.WT']",1.1,£0.65/100g DR.WT
8361,Walkers Wotsits Giants Flamin' Hot Snacks 130G,https://www.tesco.com/groceries/en-GB/products/305955307,1687615475.261011,"['£2.50', '£1.92/100g']",2.5,£1.92/100g
8362,Tilda Sun Dried Tomato & Basil Basmati Rice 250G,https://www.tesco.com/groceries/en-GB/products/262313396,1687615475.3560152,"['£1.25', '£5.00/kg']",1.25,£5.00/kg
8363,Old El Paso Chilli Con Carne Spice Mix 39G,https://www.tesco.com/groceries/en-GB/products/251975884,1687615475.424321,"['£1.00', '£2.56/100g']",1.0,£2.56/100g
8364,Ambrosia Creamed Semolina 400G,https://www.tesco.com/groceries/en-GB/products/271246070,1687615475.4927402,"['£1.85', '£0.46/100g']",1.85,£0.46/100g
8365,Tropical Sun Pineapple Juice Drink with Pulp 330ml,https://www.tesco.com/groceries/en-GB/products/313737709,1687615475.562786,"['£1.60', '£0.48/100ml']",1.6,£0.48/100ml
8366,Nurishment Vanilla No Added Sugar 370Ml,https://www.tesco.com/groceries/en-GB/products/301555902,1687615475.636734,"['£1.55', '£0.42/100ml']",1.55,£0.42/100ml
8367,Hartleys No Added Sugar Ready To Eat Jelly Strawberry 115G,https://www.tesco.com/groceries/en-GB/products/252467088,1687615475.70366,"['£0.80', '£0.70/100g']",0.8,£0.70/100g
8368,Tesco Organic Plain Flour 1Kg,https://www.tesco.com/groceries/en-GB/products/257067302,1687615475.8011892,"['£1.40', '£1.40/kg']",1.4,£1.40/kg
8369,Chupa Chups Sugar Free Lolly 11G,https://www.tesco.com/groceries/en-GB/products/292095808,1687615475.871437,"['£0.25', '£2.27/100g']",0.25,£2.27/100g
8371,Tesco Mushroom Pasta Sauce 500G,https://www.tesco.com/groceries/en-GB/products/257745197,1687615476.04719,"['£0.95', '£0.19/100g']",0.95,£0.19/100g
8372,"Tesco Plant Chef Tomato , Chickpea Aubergine Soup 400G",https://www.tesco.com/groceries/en-GB/products/305437973,1687615476.1163049,"['£0.75', '£0.19/100g']",0.75,£0.19/100g
8373,Tesco Mackerel In Katsu Curry Sauce 125G,https://www.tesco.com/groceries/en-GB/products/307347961,1687615476.183017,"['£0.90', '£0.72/100g']",0.9,£0.72/100g
8375,Nestle Condensed Milk 397G,https://www.tesco.com/groceries/en-GB/products/301868463,1687615476.325727,"['£1.30', '£3.28/kg']",1.3,£3.28/kg
8376,Garners Sweet Baby Onions 454G,https://www.tesco.com/groceries/en-GB/products/256781955,1687615476.407867,"['£3.90', '£1.70/100g DR.WT']",3.9,£1.70/100g DR.WT
8377,Organix 12 Month Strawberry Cereal Bar 6X30g,https://www.tesco.com/groceries/en-GB/products/278233874,1687615476.480432,"['£3.00', '£1.67/100g']",3.0,£1.67/100g
8378,Border Biscuits Sharing Pack 400G,https://www.tesco.com/groceries/en-GB/products/290392552,1687615476.5510201,"['£3.75', '£0.94/100g']",3.75,£0.94/100g
8379,Tesco Finest Sun Dried Tomato Garlic & Basil Sauce 340G,https://www.tesco.com/groceries/en-GB/products/252990458,1687615476.61761,"['£1.85', '£0.54/100g']",1.85,£0.54/100g
8380,Baxters Favourite Cock A Leekie Soup 400G,https://www.tesco.com/groceries/en-GB/products/267193851,1687615476.768579,"['£1.90', '£0.48/100g']",1.9,£0.48/100g
8381,Tyrrells Mediterranean Herb Crisps 150G,https://www.tesco.com/groceries/en-GB/products/310668375,1687615476.840636,"['£2.50', '£1.67/100g']",2.5,£1.67/100g
8382,Green & Blacks Organic Milk Chocolate 90G,https://www.tesco.com/groceries/en-GB/products/303670290,1687615476.931127,"['£2.45', '£2.72/100g']",2.45,£2.72/100g
8383,Fox's Golden Crunch Cream Biscuit Twin Pack 2X200g,https://www.tesco.com/groceries/en-GB/products/310111504,1687615476.998843,"['£1.95', '£0.49/100g']",1.95,£0.49/100g
8384,Hartleys Best Black Cherry Jam 340G,https://www.tesco.com/groceries/en-GB/products/253864004,1687615477.065671,"['£1.95', '£0.57/100g']",1.95,£0.57/100g
8385,Graze Protein Oat Boosts Lemon Blueberry 4X 30G,https://www.tesco.com/groceries/en-GB/products/312367434,1687615477.134975,"['£1.99', '£1.66/100g']",1.99,£1.66/100g
8386,Jacobs Twiglets Snacks 6X24g,https://www.tesco.com/groceries/en-GB/products/273813634,1687615477.20672,"['£2.00', '£1.39/100g']",2.0,£1.39/100g
8387,Tesco 100'S & 1000'S Sprinkles 85G,https://www.tesco.com/groceries/en-GB/products/292399138,1687615477.2746649,"['£1.15', '£1.35/100g']",1.15,£1.35/100g
8388,Kellogg's Nutri-Grain Raisin 6 X 45G,https://www.tesco.com/groceries/en-GB/products/262103796,1687615477.3427331,"['£2.50', '£0.93/100g']",2.5,£0.93/100g
8389,Kedem Natural Grape Juice 650Ml,https://www.tesco.com/groceries/en-GB/products/253679348,1687615477.431487,"['£3.00', '£0.46/100ml']",3.0,£0.46/100ml
8390,Laila Ginger Paste 300g,https://www.tesco.com/groceries/en-GB/products/314121549,1687615477.5064929,"['£1.55', '£0.52/100g']",1.55,£0.52/100g
8391,Tesco Thai Inspired Crackers 60G,https://www.tesco.com/groceries/en-GB/products/272656441,1687615477.580721,"['£1.00', '£1.67/100g']",1.0,£1.67/100g
8392,Campbells Cream Of Tomato Condensed Soup 294G,https://www.tesco.com/groceries/en-GB/products/270978950,1687615477.646685,"['£1.20', '£0.41/100g']",1.2,£0.41/100g
8393,Princes Apple Slices 385G,https://www.tesco.com/groceries/en-GB/products/305835611,1687615482.7619169,"['£1.30', '£3.38/kg']",1.3,£3.38/kg
8394,Galaxy Milk Chocolate Bar 200G,https://www.tesco.com/groceries/en-GB/products/268549827,1687615482.941185,"['£2.00', '£1.00/100g']",2.0,£1.00/100g
8395,Ryvita Sesame Crisp Bread 250G,https://www.tesco.com/groceries/en-GB/products/254926420,1687615483.0130188,"['£1.60', '£0.64/100g']",1.6,£0.64/100g
8396,Bassetts Liquorice Allsorts 190G,https://www.tesco.com/groceries/en-GB/products/272492835,1687615483.085613,"['£1.50', '£0.79/100g']",1.5,£0.79/100g
8397,Del Monte Mango Slices In Syrup 425G,https://www.tesco.com/groceries/en-GB/products/282617006,1687615483.160131,"['£1.20', '£5.22/kg DR.WT']",1.2,£5.22/kg DR.WT
8398,Tiger Tiger Udon Japanese Style Noodles 400G,https://www.tesco.com/groceries/en-GB/products/293258857,1687615483.236608,"['£1.50', '£3.75/kg']",1.5,£3.75/kg
8399,Maynards Wine Gums 190G,https://www.tesco.com/groceries/en-GB/products/272493080,1687615483.3146281,"['£1.50', '£0.79/100g']",1.5,£0.79/100g
8400,Proper Chips Bbq Lentil Chips 5X14g,https://www.tesco.com/groceries/en-GB/products/310111579,1687615483.3836129,"['£1.90', '£2.71/100g']",1.9,£2.71/100g
8401,Nairn's Super Seeded Oatcakes 200G,https://www.tesco.com/groceries/en-GB/products/290089232,1687615483.453444,"['£1.40', '£0.70/100g']",1.4,£0.70/100g
8402,Nestle Kit Kat Chunky Peanut Butter Chocolate Bars Multipack 4 X 34g,https://www.tesco.com/groceries/en-GB/products/310654103,1687615483.5223029,"['£1.50', '£1.10/100g']",1.5,£1.10/100g
8403,Nestle Kit Kat Chunky White Chocolate Bars Multipack 4 X 40g,https://www.tesco.com/groceries/en-GB/products/306832307,1687615483.5910778,"['£1.50', '£0.94/100g']",1.5,£0.94/100g
8404,Mrs Crimble's Gluten Free Chocolate Macaroon 6 Pack 195G,https://www.tesco.com/groceries/en-GB/products/310167392,1687615483.6614232,"['£1.50', '£0.77/100g']",1.5,£0.77/100g
8405,Whitworths Semolina 500G,https://www.tesco.com/groceries/en-GB/products/254878073,1687615483.732382,"['£1.00', '£0.20/100g']",1.0,£0.20/100g
8406,Tesco Free From Belgian Chocolate Wafers 107G,https://www.tesco.com/groceries/en-GB/products/259623436,1687615483.803005,"['£1.80', '£1.68/100g']",1.8,£1.68/100g
8407,Maoam 8 Pack Bloxx Chewy Sweets 176G,https://www.tesco.com/groceries/en-GB/products/303861876,1687615483.879318,"['£1.25', '£0.71/100g']",1.25,£0.71/100g
8408,Haribo Fruitilicious Fruit Gums 150G,https://www.tesco.com/groceries/en-GB/products/308491637,1687615483.9465759,"['£1.25', '£0.83/100g']",1.25,£0.83/100g
8409,Tesco Mini Jelly Beans 85G,https://www.tesco.com/groceries/en-GB/products/255906264,1687615484.011717,"['£0.70', '£0.82/100g']",0.7,£0.82/100g
8410,Bahlsen Pick Up! Minis Milk Chocolate 10.6Gx10,https://www.tesco.com/groceries/en-GB/products/293226763,1687615484.07707,"['£1.00', '£0.94/100g']",1.0,£0.94/100g
8411,Cadbury Dairy Milk Fruit & Nut Chocolate Bar 110G,https://www.tesco.com/groceries/en-GB/products/293597030,1687615484.148514,"['£1.35', '£1.23/100g']",1.35,£1.23/100g
8412,Schwartz Beef & Ale Slow Cook Recipe Mix 38G,https://www.tesco.com/groceries/en-GB/products/307150035,1687615484.215287,"['£0.95', '£2.50/100g']",0.95,£2.50/100g
8413,Tesco Free From Beef Gravy 170G,https://www.tesco.com/groceries/en-GB/products/291359787,1687615484.310441,"['£1.50', '£0.88/100g']",1.5,£0.88/100g
8414,Naked Noodle Thai Green Curry Big Eat 104G,https://www.tesco.com/groceries/en-GB/products/301052011,1687615484.3765938,"['£0.99', '£9.52/kg']",0.99,£9.52/kg
8415,Goldenfry Beef Gravy Granules 300G,https://www.tesco.com/groceries/en-GB/products/312340362,1687615484.445677,"['£1.10', '£0.37/100g']",1.1,£0.37/100g
8416,Cadbury Dairy Milk Fingers Biscuits 189G,https://www.tesco.com/groceries/en-GB/products/307337996,1687615484.5137322,"['£1.80', '£0.95/100g']",1.8,£0.95/100g
8417,Carnation Caramel 397G,https://www.tesco.com/groceries/en-GB/products/260491872,1687615484.587092,"['£2.30', '£5.79/kg']",2.3,£5.79/kg
8418,Tesco Macaroni Cheese Pasta And Sauce 120G,https://www.tesco.com/groceries/en-GB/products/266376337,1687615484.654729,"['£0.65', '£5.42/kg']",0.65,£5.42/kg
8419,M&M's Chocolate Pouch 125G,https://www.tesco.com/groceries/en-GB/products/303667679,1687615484.726122,"['£1.50', '£1.20/100g']",1.5,£1.20/100g
8420,Heinz Tomato Ketchup 3 X 1Kg Bulk Pack,https://www.tesco.com/groceries/en-GB/products/302303445,1687615484.79348,"['£10.00', '£0.33/100g']",10.0,£0.33/100g
8421,Homepride Curry Can 400G,https://www.tesco.com/groceries/en-GB/products/283085978,1687615484.859856,"['£2.80', '£0.70/100g']",2.8,£0.70/100g
8422,Opies Stem Ginger 350G,https://www.tesco.com/groceries/en-GB/products/264908041,1687615484.9248152,"['£2.90', '£8.29/kg']",2.9,£8.29/kg
8423,Heinz Seriously Good Light Mayonnaise 570G,https://www.tesco.com/groceries/en-GB/products/306810247,1687615484.993643,"['£2.50', '£0.44/100g']",2.5,£0.44/100g
8424,Tesco Pecans Nuts 250G,https://www.tesco.com/groceries/en-GB/products/271073878,1687615485.062447,"['£4.20', '£16.80/kg']",4.2,£16.80/kg
8425,Tesco Easy Cook Brown Rice 2Kg,https://www.tesco.com/groceries/en-GB/products/278086264,1687615485.134784,"['£3.30', '£1.65/kg']",3.3,£1.65/kg
8426,Goldenfields Pure Rapeseed Oil 1L,https://www.tesco.com/groceries/en-GB/products/282150897,1687615485.2023659,"['£2.50', '£0.25/100ml']",2.5,£0.25/100ml
8427,Organix 12 Month Goodies Carrot Cake Bar 6X30g,https://www.tesco.com/groceries/en-GB/products/261476025,1687615485.2702742,"['£3.00', '£1.67/100g']",3.0,£1.67/100g
8428,Blue Dragon Sweet Chilli Sauce Light 350G,https://www.tesco.com/groceries/en-GB/products/289584378,1687615485.348921,"['£2.70', '£0.77/100g']",2.7,£0.77/100g
8429,Schwartz Cajun 44G Jar,https://www.tesco.com/groceries/en-GB/products/257518392,1687615485.4494421,"['£2.00', '£45.46/kg']",2.0,£45.46/kg
8430,Kellogg's Pop Tart Strawberry Sensation 8X48g,https://www.tesco.com/groceries/en-GB/products/305975744,1687615485.543427,"['£2.99', '£0.78/100g']",2.99,£0.78/100g
8431,Tesco Hoisin Dipping Sauce 290G,https://www.tesco.com/groceries/en-GB/products/289661241,1687615485.655256,"['£1.60', '£0.55/100g']",1.6,£0.55/100g
8432,Ambrosia Light Devon Custard 1 Kilograms,https://www.tesco.com/groceries/en-GB/products/309494811,1687615485.720694,"['£3.00', '£0.30/100g']",3.0,£0.30/100g
8433,Baxters Vegetarian Spicy Parsnip Soup 400G,https://www.tesco.com/groceries/en-GB/products/267187968,1687615485.7879949,"['£2.00', '£0.50/100g']",2.0,£0.50/100g
8434,Plenish Organic & Unsweetened Oat Milk 1L,https://www.tesco.com/groceries/en-GB/products/310689782,1687615485.8532941,"['£2.00', '£2.00/litre']",2.0,£2.00/litre
8435,Homepride Pasta Bake Cheese & Bacon 485G,https://www.tesco.com/groceries/en-GB/products/301517597,1687615485.9231591,"['£2.80', '£0.58/100g']",2.8,£0.58/100g
8436,Ben's Original Classic Long Grain Microwave Rice 220G,https://www.tesco.com/groceries/en-GB/products/313163149,1687615486.0299158,"['£0.99', '£4.50/kg']",0.99,£4.50/kg
8437,Tesco Sesame Seeds 100G,https://www.tesco.com/groceries/en-GB/products/259652136,1687615486.101322,"['£1.15', '£11.50/kg']",1.15,£11.50/kg
8438,Nairns Stem Ginger Oat Biscuits 200G,https://www.tesco.com/groceries/en-GB/products/257859333,1687615486.171681,"['£1.60', '£0.80/100g']",1.6,£0.80/100g
8439,Milkybar White Chocolate Pouch 196G,https://www.tesco.com/groceries/en-GB/products/308465145,1687615486.2403631,"['£2.25', '£1.15/100g']",2.25,£1.15/100g
8440,Kellogg's Nutrigrain Blueberry 6X37g,https://www.tesco.com/groceries/en-GB/products/267953350,1687615486.322777,"['£2.00', '£0.90/100g']",2.0,£0.90/100g
8441,Tesco Garlic & Herb Croutons 100G,https://www.tesco.com/groceries/en-GB/products/264880584,1687615491.8675148,"['£1.10', '£1.10/100g']",1.1,£1.10/100g
8442,Nature Valley Sweet & Salty Nut Peanut Bars 4X30g,https://www.tesco.com/groceries/en-GB/products/304374230,1687615491.9425511,"['£1.75', '£1.46/100g']",1.75,£1.46/100g
8443,Princes Red Salmon Skinless & Boneless 105G,https://www.tesco.com/groceries/en-GB/products/293397559,1687615492.01911,"['£2.49', '£2.37/100g']",2.49,£2.37/100g
8444,Del Monte Peach Halves In Juice 415G,https://www.tesco.com/groceries/en-GB/products/254900145,1687615492.088168,"['£1.20', '£5.11/kg DR.WT']",1.2,£5.11/kg DR.WT
8445,Ben's Original Tomato & Basil Microwave Rice 250G,https://www.tesco.com/groceries/en-GB/products/309207911,1687615492.160296,"['£1.40', '£5.60/kg']",1.4,£5.60/kg
8446,Ambrosia Rice Pudding 150G,https://www.tesco.com/groceries/en-GB/products/297609696,1687615492.234613,"['£0.95', '£0.63/100g']",0.95,£0.63/100g
8447,Tesco Refreshing Mint Dark Chocolate 100G,https://www.tesco.com/groceries/en-GB/products/308088706,1687615492.312444,"['£1.15', '£1.15/100g']",1.15,£1.15/100g
8448,Nissin Soba Cup Yakitori Chicken 89G,https://www.tesco.com/groceries/en-GB/products/297172750,1687615492.3830578,"['£1.70', '£19.10/kg']",1.7,£19.10/kg
8449,Mlekovita 18% Fat Sour Cream 400G,https://www.tesco.com/groceries/en-GB/products/288568895,1687615492.4561112,"['£1.30', '£0.32/100g']",1.3,£0.32/100g
8450,Mcvitie's Jaffa Cakes 10 Pack,https://www.tesco.com/groceries/en-GB/products/297544495,1687615492.524819,"['£1.25', '£0.12/each']",1.25,£0.12/each
8451,Smarties Pouch 105G,https://www.tesco.com/groceries/en-GB/products/308833384,1687615492.619902,"['£1.35', '£1.29/100g']",1.35,£1.29/100g
8452,Geo Organics Atlantic Sea Salt 250G,https://www.tesco.com/groceries/en-GB/products/253723108,1687615492.689698,"['£1.05', '£4.20/kg']",1.05,£4.20/kg
8453,Crisp 'N Dry 100% Rapeseed Oil 1L,https://www.tesco.com/groceries/en-GB/products/258732769,1687615492.766475,"['£2.25', '£0.22/100ml']",2.25,£0.22/100ml
8454,Saxa Black Pepper 25G,https://www.tesco.com/groceries/en-GB/products/254568745,1687615492.838134,"['£0.90', '£0.36/10g']",0.9,£0.36/10g
8455,Angel Delight No Added Sugar Butterscotch 47G,https://www.tesco.com/groceries/en-GB/products/304402019,1687615492.908152,"['£0.90', '£1.92/100g']",0.9,£1.92/100g
8456,Tesco Reduced Fat Custard 400G,https://www.tesco.com/groceries/en-GB/products/311274447,1687615492.985774,"['£0.85', '£0.21/100g']",0.85,£0.21/100g
8457,Tesco Mixed Nuts & Pecans 25G,https://www.tesco.com/groceries/en-GB/products/299497679,1687615493.055449,"['£0.50', '£20.00/kg']",0.5,£20.00/kg
8458,Revels Chocolate Large Pouch 205G,https://www.tesco.com/groceries/en-GB/products/303667818,1687615493.149218,"['£2.25', '£1.10/100g']",2.25,£1.10/100g
8459,Tesco Medjool Dates 3 Pack,https://www.tesco.com/groceries/en-GB/products/302687387,1687615493.222871,"['£0.85', '£0.28/each']",0.85,£0.28/each
8460,Cirio Chopped Tomatoes 4X400g,https://www.tesco.com/groceries/en-GB/products/267747957,1687615493.311885,"['£4.20', '£2.62/kg']",4.2,£2.62/kg
8461,Heinz Salad Cream Light 605G,https://www.tesco.com/groceries/en-GB/products/300793523,1687615493.378787,"['£3.90', '£0.64/100g']",3.9,£0.64/100g
8462,Tesco Red Thai Curry Paste 200G,https://www.tesco.com/groceries/en-GB/products/299624478,1687615493.472616,"['£2.40', '£1.20/100g']",2.4,£1.20/100g
8463,Tesco Shelled Pistachio Nuts 250G,https://www.tesco.com/groceries/en-GB/products/271666804,1687615493.539892,"['£5.85', '£23.40/kg']",5.85,£23.40/kg
8464,Black Magic Boxed Chocolates 348G,https://www.tesco.com/groceries/en-GB/products/309464997,1687615493.608414,"['£7.00', '£2.01/100g']",7.0,£2.01/100g
8465,Dolmio Bolognese Onion & Garlic Pasta Sauce 750G,https://www.tesco.com/groceries/en-GB/products/254198218,1687615493.679059,"['£2.75', '£0.37/100g']",2.75,£0.37/100g
8466,Hp Fruity Sauce Top Down 470G,https://www.tesco.com/groceries/en-GB/products/268347726,1687615493.778555,"['£3.40', '£0.72/100g']",3.4,£0.72/100g
8467,Dolmio Bolognese Original Low Fat Pasta Sauce 500G,https://www.tesco.com/groceries/en-GB/products/253538587,1687615493.847528,"['£2.50', '£0.50/100g']",2.5,£0.50/100g
8468,Heinz Seriously Good Mayonnaise Light 230G,https://www.tesco.com/groceries/en-GB/products/292046194,1687615493.923039,"['£2.30', '£1.00/100g']",2.3,£1.00/100g
8469,Weetabix Oatibix Cereal 24 Pack,https://www.tesco.com/groceries/en-GB/products/260360745,1687615493.991539,"['£3.80', '£0.16/each']",3.8,£0.16/each
8470,Tesco Mango 200G,https://www.tesco.com/groceries/en-GB/products/271072948,1687615494.08204,"['£3.30', '£16.50/kg']",3.3,£16.50/kg
8471,Dorset Cereals Simply Nutty Muesli 560G,https://www.tesco.com/groceries/en-GB/products/304791064,1687615494.15085,"['£3.40', '£0.61/100g']",3.4,£0.61/100g
8472,Tesco Tablet Sweeteners 300'S,https://www.tesco.com/groceries/en-GB/products/289397640,1687615494.24243,"['£1.70', '£0.01/each']",1.7,£0.01/each
8473,Pataks Korma Curry Paste 290G,https://www.tesco.com/groceries/en-GB/products/258423473,1687615494.317537,"['£3.25', '£1.12/100g']",3.25,£1.12/100g
8474,Wrigley's Extra Spearmint 6X10 Pieces 84G,https://www.tesco.com/groceries/en-GB/products/302280925,1687615494.390031,"['£2.75', '£3.27/100g']",2.75,£3.27/100g
8475,Baxters Vegetable Lentil & Vegetable 400G,https://www.tesco.com/groceries/en-GB/products/284742770,1687615494.458216,"['£2.00', '£0.50/100g']",2.0,£0.50/100g
8476,Tesco Beef Casserole 392G,https://www.tesco.com/groceries/en-GB/products/307733249,1687615494.529373,"['£2.40', '£6.12/kg']",2.4,£6.12/kg
8477,Tesco White Breadcrumbs 175G,https://www.tesco.com/groceries/en-GB/products/301063378,1687615494.597298,"['£1.20', '£0.69/100g']",1.2,£0.69/100g
8478,Ryvita Fruit Crunch Crisp Bread 200G,https://www.tesco.com/groceries/en-GB/products/261212413,1687615494.704145,"['£2.00', '£1.00/100g']",2.0,£1.00/100g
8479,Colman's Onion Sauce Mix 35G,https://www.tesco.com/groceries/en-GB/products/256293496,1687615494.811101,"['£1.00', '£2.86/100g']",1.0,£2.86/100g
8480,Pringles Sizzl'n Sweet Chilli Crisps 180G,https://www.tesco.com/groceries/en-GB/products/310664621,1687615494.8818939,"['£1.85', '£1.03/100g']",1.85,£1.03/100g
8481,Doves Farm Gluten Free Plain Flour 1Kg,https://www.tesco.com/groceries/en-GB/products/250304402,1687615494.952977,"['£1.95', '£1.95/kg']",1.95,£1.95/kg
8482,Tesco Ground Cayenne Pepper 48G,https://www.tesco.com/groceries/en-GB/products/252068516,1687615495.034577,"['£0.90', '£0.19/10g']",0.9,£0.19/10g
8483,Ben's Original Pilau Microwave Rice 250G,https://www.tesco.com/groceries/en-GB/products/309193136,1687615495.115345,"['£1.40', '£5.60/kg']",1.4,£5.60/kg
8484,Organix Strawberry Rice Clouds 40G,https://www.tesco.com/groceries/en-GB/products/311263967,1687615495.1842968,"['£1.40', '£35.00/kg']",1.4,£35.00/kg
8485,Tesco Pitted Green Olives Reduce Salt 340G,https://www.tesco.com/groceries/en-GB/products/300809639,1687615495.276136,"['£1.10', '£0.68/100g DR.WT']",1.1,£0.68/100g DR.WT
8486,Tesco Low Fat Chicken Noodle Cup Soup 5 Pack 65G,https://www.tesco.com/groceries/en-GB/products/300456566,1687615495.344231,"['£0.90', '£1.38/100g']",0.9,£1.38/100g
8487,Blue Dragon Oyster & Sp.Oni Spring Onion Sauce 120G,https://www.tesco.com/groceries/en-GB/products/295871830,1687615495.425659,"['£0.95', '£0.79/100g']",0.95,£0.79/100g
8488,Tesco Margheritine Soup Pasta 250G,https://www.tesco.com/groceries/en-GB/products/277017009,1687615495.514975,"['£0.75', '£3.00/kg']",0.75,£3.00/kg
8489,Ainsley Harriott Cous Cous Roasted Vegetable 100G,https://www.tesco.com/groceries/en-GB/products/297974642,1687615501.1203258,"['£0.95', '£9.50/kg']",0.95,£9.50/kg
8490,Kallo Very Low Salt Organic Chicken Stock Cubes 48G,https://www.tesco.com/groceries/en-GB/products/282048558,1687615501.1941938,"['£1.40', '£2.92/100g']",1.4,£2.92/100g
8491,Tesco Free From Chicken Gravy Granules 170G,https://www.tesco.com/groceries/en-GB/products/297387703,1687615501.289245,"['£1.40', '£0.82/100g']",1.4,£0.82/100g
8492,Tesco Broccoli & Stilton Soup In A Mug 5 Pack 120G,https://www.tesco.com/groceries/en-GB/products/297132182,1687615501.361922,"['£0.90', '£0.75/100g']",0.9,£0.75/100g
8493,Nissin Wok Style Soba Noodles Teriyaki 110G,https://www.tesco.com/groceries/en-GB/products/306936559,1687615501.4316711,"['£1.20', '£10.91/kg']",1.2,£10.91/kg
8494,Heinz Weight Watchers Baked Beans 415G,https://www.tesco.com/groceries/en-GB/products/252483911,1687615501.502806,"['£1.15', '£2.77/kg']",1.15,£2.77/kg
8495,Schwartz Slow Cookers Chicken Curry 33G,https://www.tesco.com/groceries/en-GB/products/268004545,1687615501.577087,"['£0.95', '£2.88/100g']",0.95,£2.88/100g
8496,Skittles Fruit Giants 141G,https://www.tesco.com/groceries/en-GB/products/310163131,1687615501.6755252,"['£0.99', '£0.70/100g']",0.99,£0.70/100g
8497,Batchelors Pasta & Sauce Pot Cheese & Broccoli 65G,https://www.tesco.com/groceries/en-GB/products/297172491,1687615501.7489338,"['£1.00', '£1.54/100g']",1.0,£1.54/100g
8498,Cooks & Co Dried Porcini Mushrooms 40G,https://www.tesco.com/groceries/en-GB/products/303010444,1687615501.819028,"['£4.15', '£10.38/100g']",4.15,£10.38/100g
8499,Tesco Thai Green Curry Paste 200G,https://www.tesco.com/groceries/en-GB/products/299624455,1687615501.957749,"['£2.40', '£1.20/100g']",2.4,£1.20/100g
8500,Mutti Pizza Sauce 400G,https://www.tesco.com/groceries/en-GB/products/283713806,1687615502.025616,"['£2.25', '£0.56/100g']",2.25,£0.56/100g
8501,Billingtons Dark Muscovado 500G,https://www.tesco.com/groceries/en-GB/products/273883901,1687615502.1047459,"['£2.10', '£4.20/kg']",2.1,£4.20/kg
8502,Tesco Extremely Chocolatey Biscuit Selection 400G,https://www.tesco.com/groceries/en-GB/products/313385819,1687615502.1739461,"['£4.00', '£1.00/100g']",4.0,£1.00/100g
8503,Sarsons Medium & Tangy Silverskin Onions 460G,https://www.tesco.com/groceries/en-GB/products/314095697,1687615502.240361,"['£2.50', '£1.02/100g DR.WT']",2.5,£1.02/100g DR.WT
8504,Rude Health Almond Drink 1Ltr,https://www.tesco.com/groceries/en-GB/products/288500630,1687615502.328309,"['£2.20', '£2.20/litre']",2.2,£2.20/litre
8505,Tesco Harissa Paste 90G,https://www.tesco.com/groceries/en-GB/products/301554022,1687615502.4225972,"['£1.50', '£0.17/10g']",1.5,£0.17/10g
8506,Sarsons Sweet Onions 460G,https://www.tesco.com/groceries/en-GB/products/314605225,1687615502.493502,"['£2.50', '£1.02/100g DR.WT']",2.5,£1.02/100g DR.WT
8507,Tesco Extremely Milk Chocolatey Biscuit Selection 400G,https://www.tesco.com/groceries/en-GB/products/313754533,1687615502.588248,"['£4.00', '£1.00/100g']",4.0,£1.00/100g
8508,Tesco Pistachio Nuts 200G,https://www.tesco.com/groceries/en-GB/products/266375344,1687615502.654467,"['£2.75', '£13.75/kg']",2.75,£13.75/kg
8509,Dolmio Stir In Pepperoni & Tomato Pasta Sauce 150G,https://www.tesco.com/groceries/en-GB/products/254243634,1687615502.722656,"['£2.20', '£1.47/100g']",2.2,£1.47/100g
8510,John West Sardines Olive Oil 120G,https://www.tesco.com/groceries/en-GB/products/252737883,1687615502.789187,"['£1.10', '£1.22/100g DR.WT']",1.1,£1.22/100g DR.WT
8511,Merchant Gourmet Chestnut Stuffing With Sage Onion & Apple 200G,https://www.tesco.com/groceries/en-GB/products/312983827,1687615502.859714,"['£2.50', '£12.50/kg']",2.5,£12.50/kg
8512,Patak's Plain Pappadums 8Pk,https://www.tesco.com/groceries/en-GB/products/285886540,1687615502.9283211,"['£2.15', '£3.36/100g']",2.15,£3.36/100g
8513,Old El Paso Stand ‘N’ Stuff Soft Flour Tortillas 8Pk 193G,https://www.tesco.com/groceries/en-GB/products/283522139,1687615503.032167,"['£2.30', '£1.19/100g']",2.3,£1.19/100g
8514,Alpen Original Swiss Style Muesli 1.1Kg,https://www.tesco.com/groceries/en-GB/products/307733354,1687615503.102765,"['£3.75', '£0.34/100g']",3.75,£0.34/100g
8515,Nuts About Nature Peanut Butter Crunchy 340G,https://www.tesco.com/groceries/en-GB/products/307136548,1687615503.172862,"['£2.10', '£0.62/100g']",2.1,£0.62/100g
8516,Nairns Gluten Free Cheese Oatcake 180G,https://www.tesco.com/groceries/en-GB/products/294342370,1687615503.2418911,"['£2.00', '£1.11/100g']",2.0,£1.11/100g
8517,Lindt Excellence Mint Intense 100G,https://www.tesco.com/groceries/en-GB/products/260670257,1687615503.3093581,"['£2.45', '£2.45/100g']",2.45,£2.45/100g
8518,Old El Paso Original Cheesy Baked Nacho Kit 505G,https://www.tesco.com/groceries/en-GB/products/303850307,1687615503.3979032,"['£3.25', '£6.44/kg']",3.25,£6.44/kg
8519,Tesco Pudding Rice 500G,https://www.tesco.com/groceries/en-GB/products/254877391,1687615503.467871,"['£1.50', '£0.30/100g']",1.5,£0.30/100g
8520,Blue Dragon Creamed Coconut 200G,https://www.tesco.com/groceries/en-GB/products/272666106,1687615503.535464,"['£1.60', '£0.80/100g']",1.6,£0.80/100g
8521,Walkers Sensations Mexican Smoked Chilli Peanuts 150G,https://www.tesco.com/groceries/en-GB/products/282800132,1687615503.604862,"['£2.50', '£1.67/100g']",2.5,£1.67/100g
8522,Quaker Oat So Simple Big Bowl Original Porridge 6 Pack 231G,https://www.tesco.com/groceries/en-GB/products/304413634,1687615503.672215,"['£2.50', '£1.08/100g']",2.5,£1.08/100g
8523,Heinz Ketchup 50% Less Sugar 435G,https://www.tesco.com/groceries/en-GB/products/293425101,1687615503.785554,"['£3.40', '£0.78/100g']",3.4,£0.78/100g
8524,De Cecco Spaghetti 500G,https://www.tesco.com/groceries/en-GB/products/250646832,1687615503.854167,"['£2.00', '£4.00/kg']",2.0,£4.00/kg
8525,Tesco Cocoa Powder 250G,https://www.tesco.com/groceries/en-GB/products/289546804,1687615503.945973,"['£2.30', '£0.92/100g']",2.3,£0.92/100g
8526,Napolina Penne Pasta 500G,https://www.tesco.com/groceries/en-GB/products/308112264,1687615504.053956,"['£1.50', '£3.00/kg']",1.5,£3.00/kg
8527,After Eight Orange & Mint Dark Chocolate Thins 200G,https://www.tesco.com/groceries/en-GB/products/308851621,1687615504.1251252,"['£2.50', '£1.25/100g']",2.5,£1.25/100g
8528,Tesco Finest 12 Meringue Shells,https://www.tesco.com/groceries/en-GB/products/300238519,1687615504.190528,"['£1.90', '£0.16/each']",1.9,£0.16/each
8529,Tesco Reduced Fat Custard 1Kg,https://www.tesco.com/groceries/en-GB/products/311433381,1687615504.282039,"['£1.30', '£0.13/100g']",1.3,£0.13/100g
8530,Heinz Alphabetti Pasta Shapes 400G,https://www.tesco.com/groceries/en-GB/products/255457846,1687615504.362588,"['£1.25', '£3.12/kg']",1.25,£3.12/kg
8531,Tropical Sun Sweet Mango Chilli Sauce 150ml,https://www.tesco.com/groceries/en-GB/products/314301694,1687615504.453784,"['£1.65', '£1.10/100ml']",1.65,£1.10/100ml
8532,Nestle Kit Kat Chunky Snack Size Chocolate Bars Multipack 9 X 32g,https://www.tesco.com/groceries/en-GB/products/297315916,1687615504.5241861,"['£2.50', '£0.87/100g']",2.5,£0.87/100g
8533,Cadbury Star Bar 49G,https://www.tesco.com/groceries/en-GB/products/272167259,1687615504.5976691,"['£0.75', '£1.53/100g']",0.75,£1.53/100g
8534,Rubicon Passion Fruit Juice Drink 1Ltr,https://www.tesco.com/groceries/en-GB/products/254390067,1687615504.715511,"['£1.70', '£0.17/100ml']",1.7,£0.17/100ml
8535,Rubicon Pineapple Juice Drink 1 Litre,https://www.tesco.com/groceries/en-GB/products/314688765,1687615504.8103738,"['£1.70', '£0.17/100ml']",1.7,£0.17/100ml
8536,Chicken Tonight Honey & Mustard 500G,https://www.tesco.com/groceries/en-GB/products/274219622,1687615504.900202,"['£1.29', '£0.26/100g']",1.29,£0.26/100g
8537,Sour Patch Kids Watermelon Sweet Sour 140G,https://www.tesco.com/groceries/en-GB/products/311215052,1687615511.2361002,"['£1.25', '£0.89/100g']",1.25,£0.89/100g
8538,Maynards Bassetts Mini Gems 160G,https://www.tesco.com/groceries/en-GB/products/289132885,1687615511.3104808,"['£1.25', '£0.78/100g']",1.25,£0.78/100g
8539,Pride Lemon Juice 250Ml,https://www.tesco.com/groceries/en-GB/products/254407292,1687615511.3833442,"['£0.75', '£0.30/100ml']",0.75,£0.30/100ml
8540,Pot Noodle Piri Piri Chicken 90G,https://www.tesco.com/groceries/en-GB/products/309466062,1687615511.455818,"['£1.20', '£13.33/kg']",1.2,£13.33/kg
8541,Bahlsen Dark Choco Leibniz 125G,https://www.tesco.com/groceries/en-GB/products/254920979,1687615511.523972,"['£1.60', '£1.28/100g']",1.6,£1.28/100g
8542,K.A. Sparkling Black Grape Soda Can 330Ml,https://www.tesco.com/groceries/en-GB/products/275351480,1687615511.616578,"['£0.45', '£0.14/100ml']",0.45,£0.14/100ml
8543,Filippo Berio Extra Virgin Olive Oil 500Ml,https://www.tesco.com/groceries/en-GB/products/255209876,1687615511.690426,"['£6.50', '£1.30/100ml']",6.5,£1.30/100ml
8544,Smash The Original Instant Mash Potato 360G,https://www.tesco.com/groceries/en-GB/products/306954128,1687615511.7867541,"['£3.60', '£10.00/kg']",3.6,£10.00/kg
8545,Tesco Virgin Organic Coconut Oil 300Ml,https://www.tesco.com/groceries/en-GB/products/292718570,1687615511.854224,"['£3.30', '£1.10/100ml']",3.3,£1.10/100ml
8546,Tesco Pure Sunflower Oil 3L,https://www.tesco.com/groceries/en-GB/products/254918234,1687615511.956458,"['£6.00', '£0.20/100ml']",6.0,£0.20/100ml
8547,Billingtons Golden Caster 1Kg,https://www.tesco.com/groceries/en-GB/products/285509012,1687615512.026859,"['£2.70', '£2.70/kg']",2.7,£2.70/kg
8548,Billingtons Light Muscovado 500G,https://www.tesco.com/groceries/en-GB/products/273884278,1687615512.100093,"['£2.10', '£4.20/kg']",2.1,£4.20/kg
8549,Weetabix Oatibix Flakes Cereal 550G,https://www.tesco.com/groceries/en-GB/products/261986222,1687615512.16902,"['£3.80', '£0.69/100g']",3.8,£0.69/100g
8550,Sarsons Mixed Pickle 460G,https://www.tesco.com/groceries/en-GB/products/314102970,1687615512.260597,"['£2.50', '£1.04/100g DR.WT']",2.5,£1.04/100g DR.WT
8551,Dolmio Stir In Carbonara Pasta Sauce 150G,https://www.tesco.com/groceries/en-GB/products/250154135,1687615512.355916,"['£2.20', '£1.47/100g']",2.2,£1.47/100g
8552,Tesco Apple & Banana Fruit Slurpers 4X90g,https://www.tesco.com/groceries/en-GB/products/302986396,1687615512.4228559,"['£2.10', '£0.58/100g']",2.1,£0.58/100g
8553,Tesco Finest Roasted Nut Selection 190G,https://www.tesco.com/groceries/en-GB/products/302677029,1687615512.494074,"['£3.50', '£18.42/kg']",3.5,£18.42/kg
8554,Quaker Oat So Simple Sweet Cinnamon Porridge 330G,https://www.tesco.com/groceries/en-GB/products/264216888,1687615512.568168,"['£3.50', '£1.06/100g']",3.5,£1.06/100g
8555,Baxters Vegetarian Carrot & Butter Bean Soup 400G,https://www.tesco.com/groceries/en-GB/products/267195653,1687615512.6605031,"['£2.00', '£0.50/100g']",2.0,£0.50/100g
8556,Grace Sweet Ripe Plantain Chips Unsalted 85G,https://www.tesco.com/groceries/en-GB/products/285097912,1687615512.7298582,"['£1.05', '£1.24/100g']",1.05,£1.24/100g
8557,Bfree Stone Baked Pitta Bread 220G,https://www.tesco.com/groceries/en-GB/products/291243774,1687615512.7976232,"['£2.75', '£1.25/100g']",2.75,£1.25/100g
8558,Graze Honey And Oat Bar 4 X 30G,https://www.tesco.com/groceries/en-GB/products/296425298,1687615512.8659918,"['£1.99', '£1.66/100g']",1.99,£1.66/100g
8559,Belvita Soft Bakes Red Berries 250G,https://www.tesco.com/groceries/en-GB/products/289954085,1687615512.9363918,"['£2.50', '£1.00/100g']",2.5,£1.00/100g
8560,Cypressa Crostini Crackers with Rosemary 180g,https://www.tesco.com/groceries/en-GB/products/313732594,1687615513.004704,"['£2.00', '£11.11/kg']",2.0,£11.11/kg
8561,Tesco Desiccated Coconut 200G,https://www.tesco.com/groceries/en-GB/products/309495228,1687615513.075425,"['£1.45', '£7.25/kg']",1.45,£7.25/kg
8562,Walkers Max Crispy Chicken Crisps 140G,https://www.tesco.com/groceries/en-GB/products/311218423,1687615513.150408,"['£2.25', '£1.61/100g']",2.25,£1.61/100g
8563,Del Monte Mandarins In Juice 300G,https://www.tesco.com/groceries/en-GB/products/256432822,1687615513.219212,"['£1.20', '£6.86/kg DR.WT']",1.2,£6.86/kg DR.WT
8564,Tesco Chocolate Crisp 500G,https://www.tesco.com/groceries/en-GB/products/292989137,1687615513.286552,"['£1.80', '£0.36/100g']",1.8,£0.36/100g
8565,Cypressa Olive Oil Grissini 150g,https://www.tesco.com/groceries/en-GB/products/313617345,1687615513.353665,"['£2.00', '£13.33/kg']",2.0,£13.33/kg
8566,Proper Chips Salt & Vinegar Lentil Chips 5 X 14G,https://www.tesco.com/groceries/en-GB/products/310103027,1687615513.420523,"['£1.90', '£2.71/100g']",1.9,£2.71/100g
8567,Fox's Indulgent Centre Cookie Triple Chocolate Biscuit 160G,https://www.tesco.com/groceries/en-GB/products/312350465,1687615513.486881,"['£2.00', '£1.25/100g']",2.0,£1.25/100g
8568,Fox's Indulgent Centre Cookies Chocolate Orange 160G,https://www.tesco.com/groceries/en-GB/products/312841685,1687615513.555048,"['£2.00', '£1.25/100g']",2.0,£1.25/100g
8569,Tesco Hot Chilli Powder 50G,https://www.tesco.com/groceries/en-GB/products/251994596,1687615513.62197,"['£0.90', '£18.00/kg']",0.9,£18.00/kg
8570,Tesco Honey & Mustard Dressing 250Ml,https://www.tesco.com/groceries/en-GB/products/263807588,1687615513.6960042,"['£1.00', '£0.40/100ml']",1.0,£0.40/100ml
8571,Walkers Ready Salted Crisps 45G,https://www.tesco.com/groceries/en-GB/products/308095559,1687615513.763304,"['£1.00', '£2.22/100g']",1.0,£2.22/100g
8572,Tesco Tomato & Basil With Croutons Soup In A Mug 5 Pack 120G,https://www.tesco.com/groceries/en-GB/products/297132280,1687615513.879115,"['£0.90', '£0.75/100g']",0.9,£0.75/100g
8573,Fray Bentos Chicken Meatballs Gravy 380G,https://www.tesco.com/groceries/en-GB/products/262743026,1687615513.948422,"['£1.20', '£3.16/kg']",1.2,£3.16/kg
8574,Cadbury Dairy Milk Caramel Chocolate Bar 120G,https://www.tesco.com/groceries/en-GB/products/275523317,1687615514.0403929,"['£1.35', '£1.12/100g']",1.35,£1.12/100g
8575,Special K Milk Chocolate Bars 6 X 20G,https://www.tesco.com/groceries/en-GB/products/309751473,1687615514.14524,"['£1.25', '£1.04/100g']",1.25,£1.04/100g
8576,Hartleys Raspberry 10Cal Jelly 175G,https://www.tesco.com/groceries/en-GB/products/283609677,1687615514.224573,"['£0.85', '£0.49/100g']",0.85,£0.49/100g
8577,Kuchnia Polska Sauerkraut 520G,https://www.tesco.com/groceries/en-GB/products/282845317,1687615514.344115,"['£0.85', '£0.16/100g']",0.85,£0.16/100g
8578,Tesco Free From Chocolate Bar 35G,https://www.tesco.com/groceries/en-GB/products/267278966,1687615514.42191,"['£0.50', '£1.43/100g']",0.5,£1.43/100g
8579,Tesco Chunky Chicken Potato & Bacon Soup 400G,https://www.tesco.com/groceries/en-GB/products/290133255,1687615514.494223,"['£1.10', '£0.28/100g']",1.1,£0.28/100g
8580,Tesco Prunes In Syrup 420G,https://www.tesco.com/groceries/en-GB/products/259062304,1687615514.567679,"['£1.10', '£4.68/kg DR.WT']",1.1,£4.68/kg DR.WT
8581,Tilda Basmati Rice 1Kg,https://www.tesco.com/groceries/en-GB/products/256502509,1687615514.65275,"['£5.00', '£5.00/kg']",5.0,£5.00/kg
8582,Whole Earth Original Crunchy Peanut Butter 454G,https://www.tesco.com/groceries/en-GB/products/263926798,1687615514.753792,"['£4.50', '£0.99/100g']",4.5,£0.99/100g
8583,Tesco Cranberries 100G,https://www.tesco.com/groceries/en-GB/products/308870949,1687615514.893783,"['£1.85', '£18.50/kg']",1.85,£18.50/kg
8584,Billingtons Demerara Sugar 500G,https://www.tesco.com/groceries/en-GB/products/259291545,1687615515.0227358,"['£1.85', '£3.70/kg']",1.85,£3.70/kg
8585,Roses Lemon & Lime Marmalade 454G,https://www.tesco.com/groceries/en-GB/products/254850543,1687615521.121929,"['£1.69', '£0.37/100g']",1.69,£0.37/100g
8586,Heinz Spaghetti Hoops Snap Pots 4X190g,https://www.tesco.com/groceries/en-GB/products/262780884,1687615521.210411,"['£2.99', '£3.93/kg']",2.99,£3.93/kg
8587,Walkers Wotsits Crunchy Flamin Hot 140G,https://www.tesco.com/groceries/en-GB/products/311259149,1687615521.300391,"['£2.50', '£1.79/100g']",2.5,£1.79/100g
8588,Wrigley Extra Bubblemint Gum Bottle 46 Pieces,https://www.tesco.com/groceries/en-GB/products/282371451,1687615521.409489,"['£1.99', '£0.04/each']",1.99,£0.04/each
8589,Heinz Cream Of Chicken Cup Soup 68G,https://www.tesco.com/groceries/en-GB/products/284478495,1687615521.4767969,"['£1.50', '£2.21/100g']",1.5,£2.21/100g
8590,Patak Lime Pickle Medium 283G,https://www.tesco.com/groceries/en-GB/products/257109997,1687615521.574317,"['£2.50', '£0.88/100g']",2.5,£0.88/100g
8591,Marmite Oven Baked Cashews 90G,https://www.tesco.com/groceries/en-GB/products/307145376,1687615521.648593,"['£2.50', '£27.78/kg']",2.5,£27.78/kg
8592,Tesco High Protein Granola 500G,https://www.tesco.com/groceries/en-GB/products/300398398,1687615521.723632,"['£2.40', '£0.48/100g']",2.4,£0.48/100g
8593,Napolina Fusilli Pasta 500G,https://www.tesco.com/groceries/en-GB/products/307739002,1687615521.789918,"['£1.50', '£3.00/kg']",1.5,£3.00/kg
8594,Schar Gluten Free Jaffa Cakes 150G,https://www.tesco.com/groceries/en-GB/products/304786128,1687615521.856361,"['£1.40', '£0.93/100g']",1.4,£0.93/100g
8595,Colman's Chicken Supreme Recipe Mix 38G,https://www.tesco.com/groceries/en-GB/products/268392464,1687615521.926336,"['£1.00', '£2.63/100g']",1.0,£2.63/100g
8596,Colman's Coq Au Vin Recipe Mix 36G,https://www.tesco.com/groceries/en-GB/products/281505146,1687615521.994338,"['£1.00', '£2.78/100g']",1.0,£2.78/100g
8597,Tesco Zesty Orange Dark Chocolate 100G,https://www.tesco.com/groceries/en-GB/products/308118389,1687615522.0730271,"['£1.15', '£1.15/100g']",1.15,£1.15/100g
8598,Discos Salt & Vinegar Grab Bag Crisps 50G,https://www.tesco.com/groceries/en-GB/products/311428027,1687615522.1402931,"['£1.00', '£2.00/100g']",1.0,£2.00/100g
8599,Princes Tuna & Mayonnaise Paste 75G,https://www.tesco.com/groceries/en-GB/products/254174289,1687615522.251331,"['£0.90', '£1.20/100g']",0.9,£1.20/100g
8600,Princes Sardine & Tomato Paste 75G,https://www.tesco.com/groceries/en-GB/products/254174519,1687615522.3217092,"['£0.90', '£1.20/100g']",0.9,£1.20/100g
8601,Edlers Sweet Pastry Case Each,https://www.tesco.com/groceries/en-GB/products/265014780,1687615522.3906271,"['£1.10', '£1.10/each']",1.1,£1.10/each
8602,Cofresh Monkey Nuts 450G,https://www.tesco.com/groceries/en-GB/products/268596442,1687615522.459928,"['£1.95', '£4.33/kg']",1.95,£4.33/kg
8603,Dunns River All Purpose Seasoning 100G,https://www.tesco.com/groceries/en-GB/products/263565815,1687615522.532577,"['£1.05', '£1.05/100g']",1.05,£1.05/100g
8604,Pride Coconut Milk Light 400Ml,https://www.tesco.com/groceries/en-GB/products/297242869,1687615522.620393,"['£1.05', '£2.62/litre']",1.05,£2.62/litre
8605,Tesco Pear And Peach Pieces 4X120g,https://www.tesco.com/groceries/en-GB/products/285115872,1687615522.687233,"['£1.75', '£0.58/100g DR.WT']",1.75,£0.58/100g DR.WT
8606,Mcvitie's Chocolate Gems 5 X 19G,https://www.tesco.com/groceries/en-GB/products/311423370,1687615522.794625,"['£1.25', '£1.32/100g']",1.25,£1.32/100g
8607,Glenryck Pilchards In Tomato Sauce 400G,https://www.tesco.com/groceries/en-GB/products/281973506,1687615522.862664,"['£1.30', '£0.32/100g']",1.3,£0.32/100g
8608,Trebor Mighties Sugar Free Mints 12.5G,https://www.tesco.com/groceries/en-GB/products/293417088,1687615522.935574,"['£0.60', '£4.80/100g']",0.6,£4.80/100g
8609,Tesco Free From Lasagne Sheets 250G,https://www.tesco.com/groceries/en-GB/products/264890284,1687615523.0600698,"['£1.20', '£4.80/kg']",1.2,£4.80/kg
8610,Tesco Basmati Rice 4Kg,https://www.tesco.com/groceries/en-GB/products/251442449,1687615523.128169,"['£6.60', '£1.65/kg']",6.6,£1.65/kg
8611,Schwartz Bay Leaves 3G,https://www.tesco.com/groceries/en-GB/products/306936185,1687615523.195054,"['£2.00', '£6.67/10g']",2.0,£6.67/10g
8612,Canderel Tablets 300Pk 25.5G,https://www.tesco.com/groceries/en-GB/products/254917598,1687615523.291892,"['£3.30', '£129.41/kg']",3.3,£129.41/kg
8613,Monty Bojangles Choccy Scoffy Truffles 135G,https://www.tesco.com/groceries/en-GB/products/293134284,1687615523.3581362,"['£3.50', '£2.59/100g']",3.5,£2.59/100g
8614,Cake Decor Coloured Writing Icing 76G,https://www.tesco.com/groceries/en-GB/products/304788799,1687615523.428412,"['£2.10', '£2.76/100g']",2.1,£2.76/100g
8615,Knorr Chicken Stock Cubes 20 X 10G,https://www.tesco.com/groceries/en-GB/products/264768009,1687615523.496589,"['£3.00', '£1.50/100g']",3.0,£1.50/100g
8616,Nurishment The Original Flavoured Vanilla Drink 370Ml,https://www.tesco.com/groceries/en-GB/products/271113164,1687615523.562266,"['£1.55', '£0.42/100ml']",1.55,£0.42/100ml
8617,Najma Halal Chicken Smoked Sausages 400G,https://www.tesco.com/groceries/en-GB/products/305971587,1687615523.6279721,"['£2.30', '£0.58/100g DR.WT']",2.3,£0.58/100g DR.WT
8618,Regal Finest Mango Juice 1l,https://www.tesco.com/groceries/en-GB/products/309172893,1687615523.69375,"['£2.00', '£0.20/100ml']",2.0,£0.20/100ml
8619,Old El Paso Sliced Green Jalapenos 215G,https://www.tesco.com/groceries/en-GB/products/256090557,1687615523.799773,"['£1.65', '£1.44/100g DR.WT']",1.65,£1.44/100g DR.WT
8620,Tesco Easy Cook Long Grain And Wild Rice 500G,https://www.tesco.com/groceries/en-GB/products/257582008,1687615523.864657,"['£1.75', '£3.50/kg']",1.75,£3.50/kg
8621,Baxters Vegetarian Country Garden Soup 400G,https://www.tesco.com/groceries/en-GB/products/267196502,1687615523.931144,"['£2.00', '£0.50/100g']",2.0,£0.50/100g
8622,Plenish Organic Almond Milk Alternative 1L,https://www.tesco.com/groceries/en-GB/products/311437434,1687615524.0407171,"['£2.25', '£2.25/litre']",2.25,£2.25/litre
8623,Green & Blacks Organic Ginger Chocolate 90G,https://www.tesco.com/groceries/en-GB/products/303670353,1687615524.1079319,"['£2.45', '£2.72/100g']",2.45,£2.72/100g
8624,Lindt Excellence Caramel With Touch Of Sea Salt 100G,https://www.tesco.com/groceries/en-GB/products/268730128,1687615524.176942,"['£2.45', '£2.45/100g']",2.45,£2.45/100g
8625,Peperami Chorizo 5X20g,https://www.tesco.com/groceries/en-GB/products/310165503,1687615524.266818,"['£2.75', '£2.75/100g']",2.75,£2.75/100g
8626,Nairn's Gluten Free Wholegrain Crackers 160G,https://www.tesco.com/groceries/en-GB/products/307740558,1687615524.3720288,"['£2.00', '£1.25/100g']",2.0,£1.25/100g
8627,Brunswick Sardines With Hot Peppers 106G,https://www.tesco.com/groceries/en-GB/products/253420236,1687615524.441275,"['£1.20', '£1.62/100g DR.WT']",1.2,£1.62/100g DR.WT
8628,Doria Doriano Cracker 240G,https://www.tesco.com/groceries/en-GB/products/252928732,1687615524.515512,"['£1.80', '£0.75/100g']",1.8,£0.75/100g
8629,Fruit Bowl Yogurt Flakes Raspberry 5X21g,https://www.tesco.com/groceries/en-GB/products/302182270,1687615524.5826418,"['£2.25', '£2.14/100g']",2.25,£2.14/100g
8630,Spam Chopped Pork & Ham 200G,https://www.tesco.com/groceries/en-GB/products/255901718,1687615524.653308,"['£2.25', '£1.12/100g']",2.25,£1.12/100g
8631,Mackays Rhubarb & Ginger Preserve 340G,https://www.tesco.com/groceries/en-GB/products/261148996,1687615524.724669,"['£1.50', '£0.44/100g']",1.5,£0.44/100g
8632,Eat Natural Yogurt Almond & Apricot Bars 3X50g,https://www.tesco.com/groceries/en-GB/products/253816949,1687615524.7977128,"['£2.40', '£1.60/100g']",2.4,£1.60/100g
8633,Tesco Chicken Korma 392G,https://www.tesco.com/groceries/en-GB/products/307748671,1687615529.8850508,"['£2.40', '£6.12/kg DR.WT']",2.4,£6.12/kg DR.WT
8634,Tesco Pitted Black Olives & Sea Salt 70G,https://www.tesco.com/groceries/en-GB/products/293425280,1687615529.96637,"['£1.10', '£1.57/100g']",1.1,£1.57/100g
8635,Walkers Wotsits Giants Prawn Cocktail Snacks 105G,https://www.tesco.com/groceries/en-GB/products/311430793,1687615530.0792398,"['£2.50', '£2.38/100g']",2.5,£2.38/100g
8636,Tesco Garlic Mayonnaise 235Ml,https://www.tesco.com/groceries/en-GB/products/311267116,1687615530.173032,"['£1.10', '£0.47/100ml']",1.1,£0.47/100ml
8637,Kettle Sea Salt & Balsamic Vinegar Crisps 5 X 25G,https://www.tesco.com/groceries/en-GB/products/312701448,1687615530.242167,"['£2.20', '£1.76/100g']",2.2,£1.76/100g
8638,OLD JAMAICA GINGER BEER 2 LITRES,https://www.tesco.com/groceries/en-GB/products/313966081,1687615530.333447,"['£2.00', '£0.10/100ml']",2.0,£0.10/100ml
8639,Ufc Coconut Water 1 Litre,https://www.tesco.com/groceries/en-GB/products/271330574,1687615530.420193,"['£2.25', '£0.22/100ml']",2.25,£0.22/100ml
8640,Lu Petit Chocolat Chocolate Biscuits 150G,https://www.tesco.com/groceries/en-GB/products/309198937,1687615530.487682,"['£1.50', '£1.00/100g']",1.5,£1.00/100g
8641,Fox's Salted Caramel Chocolatey Rounds 130G,https://www.tesco.com/groceries/en-GB/products/309192759,1687615530.555437,"['£1.85', '£1.42/100g']",1.85,£1.42/100g
8642,Blue Dragon Satay Stir Fry Sauce 120G,https://www.tesco.com/groceries/en-GB/products/309190859,1687615530.625407,"['£0.95', '£0.79/100g']",0.95,£0.79/100g
8643,Tesco 5 Chocolate & Raspberry Bars 115G,https://www.tesco.com/groceries/en-GB/products/300877177,1687615530.72987,"['£1.20', '£1.04/100g']",1.2,£1.04/100g
8644,Pringles Sour Cream & Onion 40G,https://www.tesco.com/groceries/en-GB/products/265445131,1687615530.7974179,"['£0.90', '£2.25/100g']",0.9,£2.25/100g
8645,Hartleys Strawberry 10Cal Jelly 175G,https://www.tesco.com/groceries/en-GB/products/283609314,1687615530.91228,"['£0.85', '£0.49/100g']",0.85,£0.49/100g
8646,Kinder Snack Bars 6 Pack 126G,https://www.tesco.com/groceries/en-GB/products/252947317,1687615531.002281,"['£1.50', '£1.19/100g']",1.5,£1.19/100g
8647,Tesco Sardine & Tomato Paste 75G,https://www.tesco.com/groceries/en-GB/products/254851542,1687615531.0717142,"['£0.55', '£0.73/100g']",0.55,£0.73/100g
8648,Tesco Milk Chocolate Viennese Fingers 130G,https://www.tesco.com/groceries/en-GB/products/307737200,1687615531.151045,"['£1.15', '£0.88/100g']",1.15,£0.88/100g
8649,Tesco All Butter Chocolate Chip Shortbread 180G,https://www.tesco.com/groceries/en-GB/products/307353826,1687615531.216228,"['£1.10', '£0.61/100g']",1.1,£0.61/100g
8650,Nestle Golden Nuggets Cereal 375G,https://www.tesco.com/groceries/en-GB/products/276973652,1687615531.283912,"['£3.00', '£0.80/100g']",3.0,£0.80/100g
8651,Dolmio Tomato Red Lasagne Sauce 750G,https://www.tesco.com/groceries/en-GB/products/259994883,1687615531.35327,"['£2.75', '£0.37/100g']",2.75,£0.37/100g
8652,Tesco Jasmine Rice 1Kg,https://www.tesco.com/groceries/en-GB/products/254332039,1687615531.419297,"['£2.65', '£2.65/kg']",2.65,£2.65/kg
8653,Supermalt Multipack 6 X 330Ml,https://www.tesco.com/groceries/en-GB/products/255611140,1687615531.4862888,"['£5.50', '£0.28/100ml']",5.5,£0.28/100ml
8654,Dolmio Bolognese Smooth Tomato Pasta Sauce 750G,https://www.tesco.com/groceries/en-GB/products/289597461,1687615531.555263,"['£2.75', '£0.37/100g']",2.75,£0.37/100g
8655,Tesco 5 Decorate Your Own Gingerbread Men Kit 199G,https://www.tesco.com/groceries/en-GB/products/312221745,1687615531.620924,"['£2.35', '£1.18/100g']",2.35,£1.18/100g
8656,John West Foods Limited Boneless Sardines In Olive Oil 95G,https://www.tesco.com/groceries/en-GB/products/267668808,1687615531.722312,"['£1.45', '£2.16/100g DR.WT']",1.45,£2.16/100g DR.WT
8657,Schwartz Italian Herb Seasoning 11G Jar,https://www.tesco.com/groceries/en-GB/products/257485607,1687615531.791201,"['£2.00', '£181.82/kg']",2.0,£181.82/kg
8658,Tesco Finest Three Fruit Marmalade 340G,https://www.tesco.com/groceries/en-GB/products/251737124,1687615531.885212,"['£1.80', '£0.53/100g']",1.8,£0.53/100g
8659,Paxo Sage & Onion Gluten Free Stuffing Mix 150G,https://www.tesco.com/groceries/en-GB/products/297609673,1687615531.954016,"['£3.00', '£2.00/100g']",3.0,£2.00/100g
8660,Blue Dragon Katsu Curry Paste 170G,https://www.tesco.com/groceries/en-GB/products/313009898,1687615532.021135,"['£2.30', '£1.35/100g']",2.3,£1.35/100g
8661,Heineken Lager 5% Cans 6 X 330Ml,https://www.tesco.com/groceries/en-GB/products/255218744,1687615532.0926561,"['£7.00', '£3.54/litre']",7.0,£3.54/litre
8662,Tesco Finest Scottish Shortbread Assortment 400G,https://www.tesco.com/groceries/en-GB/products/257911663,1687615532.158874,"['£3.85', '£0.96/100g']",3.85,£0.96/100g
8663,Mama Mi Goreng Oriental Style Noodles 80G,https://www.tesco.com/groceries/en-GB/products/266162279,1687615532.2267861,"['£1.00', '£12.50/kg']",1.0,£12.50/kg
8664,Flahavan's Irish Organic Jumbo Oats 1Kg,https://www.tesco.com/groceries/en-GB/products/271759966,1687615532.2929149,"['£2.50', '£0.25/100g']",2.5,£0.25/100g
8665,Hartleys Best Strawberry Jam 340G,https://www.tesco.com/groceries/en-GB/products/253415519,1687615532.36071,"['£1.95', '£0.57/100g']",1.95,£0.57/100g
8666,Alpen The Original Swiss Style Muesli 550G,https://www.tesco.com/groceries/en-GB/products/305944089,1687615532.427077,"['£2.70', '£0.49/100g']",2.7,£0.49/100g
8667,Gogo Squeez Fruit Snack Apple Strawberry 4X90g,https://www.tesco.com/groceries/en-GB/products/297754839,1687615532.4937952,"['£2.55', '£0.71/100g']",2.55,£0.71/100g
8668,Tesco Tuna Chunks In Spring Water 400G,https://www.tesco.com/groceries/en-GB/products/310092502,1687615532.589361,"['£2.50', '£0.89/100g DR.WT']",2.5,£0.89/100g DR.WT
8669,Najma Mini Chicken Smoked Sausages 400G,https://www.tesco.com/groceries/en-GB/products/306499769,1687615532.657084,"['£2.30', '£0.58/100g DR.WT']",2.3,£0.58/100g DR.WT
8670,Nestle Carnation Caramel Drizzle 450G,https://www.tesco.com/groceries/en-GB/products/306390368,1687615532.726557,"['£2.70', '£0.60/100g']",2.7,£0.60/100g
8671,Tesco 5 Coated Raisins In A Yogurt Coating 125G,https://www.tesco.com/groceries/en-GB/products/309452245,1687615532.79807,"['£1.90', '£1.52/100g']",1.9,£1.52/100g
8672,Nairns Gluten Free Seeded Crackers 137G,https://www.tesco.com/groceries/en-GB/products/297754557,1687615532.863908,"['£2.00', '£1.46/100g']",2.0,£1.46/100g
8673,Fruit Factory Fruit Hearts Strawberry 5X20g,https://www.tesco.com/groceries/en-GB/products/265388411,1687615532.9347572,"['£2.35', '£2.35/100g']",2.35,£2.35/100g
8674,Knorr Lamb Stock Cubes 8 X 10G,https://www.tesco.com/groceries/en-GB/products/254881264,1687615533.036007,"['£1.90', '£2.38/100g']",1.9,£2.38/100g
8675,Lajkonik Paluszki Salted Sticks 300G,https://www.tesco.com/groceries/en-GB/products/263096892,1687615533.140052,"['£1.45', '£0.48/100g']",1.45,£0.48/100g
8676,Knorr Thick Vegetable Dry Soup 75G,https://www.tesco.com/groceries/en-GB/products/268597216,1687615533.209528,"['£1.15', '£1.53/100g']",1.15,£1.53/100g
8677,Mackays Seedless Bramble Preserve 340G,https://www.tesco.com/groceries/en-GB/products/267651534,1687615533.27852,"['£1.50', '£0.44/100g']",1.5,£0.44/100g
8678,Tesco Organic Red Kidney Beans In Water 400G,https://www.tesco.com/groceries/en-GB/products/302282831,1687615533.353577,"['£1.10', '£4.58/kg DR.WT']",1.1,£4.58/kg DR.WT
8679,Propercorn Salted Microwave Popcorn 3X70g,https://www.tesco.com/groceries/en-GB/products/302037218,1687615533.4202602,"['£1.75', '£0.83/100g']",1.75,£0.83/100g
8680,Colman's Beef Stroganoff Recipe Mix 39G,https://www.tesco.com/groceries/en-GB/products/268406162,1687615533.514812,"['£1.00', '£2.56/100g']",1.0,£2.56/100g
8681,Tilda Spicy Mexican Steamed Basmati Rice 250G,https://www.tesco.com/groceries/en-GB/products/262312986,1687615539.472424,"['£1.25', '£5.00/kg']",1.25,£5.00/kg
8682,Walkers Giant Monster Munch Pickled Onion 85G,https://www.tesco.com/groceries/en-GB/products/305957927,1687615539.546263,"['£2.50', '£2.94/100g']",2.5,£2.94/100g
8683,Tesco Snackers 200G,https://www.tesco.com/groceries/en-GB/products/254548168,1687615539.649269,"['£1.30', '£0.65/100g']",1.3,£0.65/100g
8684,Kucharek Chicken Cube 120G,https://www.tesco.com/groceries/en-GB/products/265820614,1687615539.7214358,"['£0.90', '£0.75/100g']",0.9,£0.75/100g
8685,Bahlsen Cocoa Creme Biscuits 220G,https://www.tesco.com/groceries/en-GB/products/283447205,1687615539.7898822,"['£1.15', '£0.52/100g']",1.15,£0.52/100g
8686,Tesco Free From Cream Crackers 125G,https://www.tesco.com/groceries/en-GB/products/308084647,1687615539.857543,"['£1.25', '£1.00/100g']",1.25,£1.00/100g
8687,Haribo Rainbow Strips 130G,https://www.tesco.com/groceries/en-GB/products/311422895,1687615539.9246268,"['£1.25', '£0.96/100g']",1.25,£0.96/100g
8688,Skinny Crunch Light Raspberry & White Chocolate 5X19g,https://www.tesco.com/groceries/en-GB/products/312696551,1687615539.991013,"['£1.15', '£1.21/100g']",1.15,£1.21/100g
8689,Hartleys 10 Cal Ready To Eat Blueberry & Blackcurrant Jelly 175G,https://www.tesco.com/groceries/en-GB/products/262282229,1687615540.0593438,"['£0.85', '£0.49/100g']",0.85,£0.49/100g
8690,Napolina Five Bean Salad In Vinaigrette 400G,https://www.tesco.com/groceries/en-GB/products/266736868,1687615540.1542258,"['£1.00', '£4.17/kg DR.WT']",1.0,£4.17/kg DR.WT
8691,Sacla Sun Dried Tom Pesto 190G,https://www.tesco.com/groceries/en-GB/products/256138641,1687615540.266297,"['£3.35', '£1.76/100g']",3.35,£1.76/100g
8692,Tesco Fruit And Nut 200G,https://www.tesco.com/groceries/en-GB/products/266387520,1687615540.341465,"['£2.75', '£13.75/kg']",2.75,£13.75/kg
8693,Silverspoon Tablet Sweetener 400Pk,https://www.tesco.com/groceries/en-GB/products/262750183,1687615540.418737,"['£2.25', '£0.01/kg']",2.25,£0.01/kg
8694,Mother Africa Shito Mild Spicy Pepper Sauce 315ml,https://www.tesco.com/groceries/en-GB/products/313970046,1687615540.503368,"['£3.50', '£1.11/100ml']",3.5,£1.11/100ml
8695,Tesco Roasted Chopped Hazelnuts 100G,https://www.tesco.com/groceries/en-GB/products/256192794,1687615540.593379,"['£2.10', '£21.00/kg']",2.1,£21.00/kg
8696,Schwartz Mixed Spice 28G Jar,https://www.tesco.com/groceries/en-GB/products/257512127,1687615540.664043,"['£2.00', '£71.43/kg']",2.0,£71.43/kg
8697,Very Lazy Ginger 190G,https://www.tesco.com/groceries/en-GB/products/251981421,1687615540.767976,"['£1.90', '£0.10/10g']",1.9,£0.10/10g
8698,Bisto Parsley Sauce Mix 185G,https://www.tesco.com/groceries/en-GB/products/309486395,1687615540.835433,"['£3.00', '£1.62/100g']",3.0,£1.62/100g
8699,Chevington Mild Cheddar Cheese Sliced 200G,https://www.tesco.com/groceries/en-GB/products/262524503,1687615540.914239,"['£2.75', '£13.75/kg']",2.75,£13.75/kg
8700,Sharwoods Tikka Masala 30% Less Fat Cooking Sauce 420G,https://www.tesco.com/groceries/en-GB/products/297117765,1687615541.006392,"['£2.80', '£0.67/100g']",2.8,£0.67/100g
8701,Weetabix Biscuits Banana Cereal 24 Pack,https://www.tesco.com/groceries/en-GB/products/282391346,1687615541.092544,"['£3.50', '£0.15/each']",3.5,£0.15/each
8702,Tesco Coarse Black Pepper 50G,https://www.tesco.com/groceries/en-GB/products/257536462,1687615541.192737,"['£1.60', '£0.32/10g']",1.6,£0.32/10g
8703,Yutaka Tofu 349G,https://www.tesco.com/groceries/en-GB/products/272916318,1687615541.282989,"['£2.10', '£0.60/100g']",2.1,£0.60/100g
8704,Kellogg's Pop Tart Frosted Choctastic 8X48g,https://www.tesco.com/groceries/en-GB/products/305973798,1687615541.351687,"['£2.99', '£0.78/100g']",2.99,£0.78/100g
8705,Walkers Sensations Bbq Beef Teriyaki Crisps 150G,https://www.tesco.com/groceries/en-GB/products/309479939,1687615541.4260201,"['£2.50', '£1.67/100g']",2.5,£1.67/100g
8706,Fruit Bowl Raspberry Peelers 5X16g,https://www.tesco.com/groceries/en-GB/products/301970992,1687615541.495689,"['£2.50', '£3.12/100g']",2.5,£3.12/100g
8707,Kellogg's Krave Milk Chocolate Cereal 410G,https://www.tesco.com/groceries/en-GB/products/310111435,1687615541.59144,"['£3.30', '£0.80/100g']",3.3,£0.80/100g
8708,Piatnica Cottage Cheese Naturalny 200G,https://www.tesco.com/groceries/en-GB/products/307756085,1687615541.656853,"['£1.00', '£5.00/kg']",1.0,£5.00/kg
8709,KTC Broken Vermicelli 500g,https://www.tesco.com/groceries/en-GB/products/313850908,1687615541.72258,"['£1.85', '£3.70/kg']",1.85,£3.70/kg
8710,Snack A Jacks Sour Cream & Chive 117G,https://www.tesco.com/groceries/en-GB/products/311779708,1687615541.789485,"['£2.25', '£1.92/100g']",2.25,£1.92/100g
8711,Regal Siprus Pink Guava Nectar 2 Litres,https://www.tesco.com/groceries/en-GB/products/292887033,1687615541.855902,"['£2.75', '£0.14/100ml']",2.75,£0.14/100ml
8712,Dawtona Sauerkraut 500G,https://www.tesco.com/groceries/en-GB/products/305046773,1687615541.9213262,"['£1.30', '£0.39/100g DR.WT']",1.3,£0.39/100g DR.WT
8713,Laila Punjabi Mixed Pickle 250g,https://www.tesco.com/groceries/en-GB/products/314437504,1687615541.9889112,"['£1.65', '£0.66/100g']",1.65,£0.66/100g
8714,Smint Peppermint 35G,https://www.tesco.com/groceries/en-GB/products/264865165,1687615542.1102972,"['£1.50', '£4.29/100g']",1.5,£4.29/100g
8715,Merchant Gourmet Red & White Quinoa 250G,https://www.tesco.com/groceries/en-GB/products/273988374,1687615542.262829,"['£2.00', '£8.00/kg']",2.0,£8.00/kg
8716,Tesco Chicken Stockpot 4 Pack 112G,https://www.tesco.com/groceries/en-GB/products/289036849,1687615542.356,"['£1.20', '£1.07/100g']",1.2,£1.07/100g
8717,Mlekovita Gouda Polish Cheese Slices 150G,https://www.tesco.com/groceries/en-GB/products/264286049,1687615542.42351,"['£1.50', '£10.00/kg']",1.5,£10.00/kg
8718,Tesco Free From Chocolate Sponge 115G,https://www.tesco.com/groceries/en-GB/products/294793618,1687615542.49405,"['£1.25', '£1.09/100g']",1.25,£1.09/100g
8719,Tesco Free From Syrup Sponge 115G,https://www.tesco.com/groceries/en-GB/products/294793630,1687615542.562142,"['£1.25', '£1.09/100g']",1.25,£1.09/100g
8720,Tesco American Style Pancake Shaker Mix 155G,https://www.tesco.com/groceries/en-GB/products/309784900,1687615542.6328099,"['£1.00', '£6.45/kg']",1.0,£6.45/kg
8721,Idahoan Cheese Mash 109G,https://www.tesco.com/groceries/en-GB/products/296901996,1687615542.702726,"['£1.20', '£11.01/kg']",1.2,£11.01/kg
8722,Tesco Chinese 5 Spice 34G,https://www.tesco.com/groceries/en-GB/products/251620642,1687615542.770768,"['£0.90', '£0.26/10g']",0.9,£0.26/10g
8723,Dunns River Coconut Milk 400Ml,https://www.tesco.com/groceries/en-GB/products/259959684,1687615542.83867,"['£1.15', '£2.88/litre']",1.15,£2.88/litre
8724,Tesco Finest Sardines In Water 105G,https://www.tesco.com/groceries/en-GB/products/300594603,1687615542.905801,"['£1.15', '£1.62/100g DR.WT']",1.15,£1.62/100g DR.WT
8725,Cadbury Caramilk Chocolate Bars Multipack 4 X 28g,https://www.tesco.com/groceries/en-GB/products/311683026,1687615542.974189,"['£1.50', '£1.34/100g']",1.5,£1.34/100g
8726,Tesco Chocolate & Salted Caramel Rice Cakes 123G,https://www.tesco.com/groceries/en-GB/products/306657970,1687615543.047584,"['£1.30', '£1.06/100g']",1.3,£1.06/100g
8727,Tesco Free From Cheese Flavour Tortilla Chips 200G,https://www.tesco.com/groceries/en-GB/products/293163738,1687615543.11329,"['£1.00', '£0.50/100g']",1.0,£0.50/100g
8728,Naked Rice Katsu Curry 104G,https://www.tesco.com/groceries/en-GB/products/307741809,1687615543.179308,"['£0.99', '£9.52/kg']",0.99,£9.52/kg
8729,Tesco Mackerel In Hot Sauce 125G,https://www.tesco.com/groceries/en-GB/products/300535571,1687615550.15786,"['£0.90', '£0.72/100g']",0.9,£0.72/100g
8730,Tropical Sun Milk Powder Full Cream 400g,https://www.tesco.com/groceries/en-GB/products/313849894,1687615550.3002188,"['£5.25', '£1.31/100g']",5.25,£1.31/100g
8731,Butterkist Microwave Sweet Popcorn 3X60g,https://www.tesco.com/groceries/en-GB/products/303543055,1687615550.369691,"['£2.50', '£1.39/100g']",2.5,£1.39/100g
8732,Cadbury Bournville Baking Cocoa Powder 250G,https://www.tesco.com/groceries/en-GB/products/282152394,1687615550.442143,"['£3.25', '£1.30/100g']",3.25,£1.30/100g
8733,Tesco Pumpkin Seeds 250G,https://www.tesco.com/groceries/en-GB/products/273812128,1687615550.5237179,"['£2.75', '£11.00/kg']",2.75,£11.00/kg
8734,Old El Paso 6 Regular Gluten Free Tortilla 216G,https://www.tesco.com/groceries/en-GB/products/301227329,1687615550.5938828,"['£3.00', '£1.39/100g']",3.0,£1.39/100g
8735,Maltesers Truffle Medium Gift Box 200G,https://www.tesco.com/groceries/en-GB/products/301636951,1687615550.663836,"['£5.00', '£2.50/100g']",5.0,£2.50/100g
8736,Billingtons Demerara Sugar 1Kg,https://www.tesco.com/groceries/en-GB/products/259291597,1687615550.75185,"['£2.55', '£2.55/kg']",2.55,£2.55/kg
8737,Encona Thai Sweet Chilli Sauce 285Ml,https://www.tesco.com/groceries/en-GB/products/254850218,1687615550.8414998,"['£2.15', '£0.75/100ml']",2.15,£0.75/100ml
8738,Alpro Plant Protein Original Soya Drink 1L,https://www.tesco.com/groceries/en-GB/products/304799856,1687615550.909017,"['£2.30', '£2.30/litre']",2.3,£2.30/litre
8739,Magnum Tonic Wine 200Ml,https://www.tesco.com/groceries/en-GB/products/292669430,1687615551.020878,"['£3.90', '£19.50/litre']",3.9,£19.50/litre
8740,Kallo Organic Chicken Stock Cubes 8Pk 88G,https://www.tesco.com/groceries/en-GB/products/297461454,1687615551.0885189,"['£1.90', '£2.16/100g']",1.9,£2.16/100g
8741,Alpro This Is Not M*Lk Whole Oat Drink 1 Litre,https://www.tesco.com/groceries/en-GB/products/310656320,1687615551.160334,"['£2.00', '£2.00/litre']",2.0,£2.00/litre
8742,Eat Real Hummus Chips Tomato & Basil 135G,https://www.tesco.com/groceries/en-GB/products/278769223,1687615551.227146,"['£2.00', '£1.48/100g']",2.0,£1.48/100g
8743,Nongshim Instant Shin Cup Noodle Soup 68G,https://www.tesco.com/groceries/en-GB/products/282010614,1687615551.292875,"['£1.15', '£1.69/100g']",1.15,£1.69/100g
8744,Morliny Wiejska Smoked Pork Sausages Slices 100G,https://www.tesco.com/groceries/en-GB/products/288591313,1687615551.361691,"['£1.40', '£1.40/100g']",1.4,£1.40/100g
8745,Tulip Bacon Grill 250G,https://www.tesco.com/groceries/en-GB/products/292340611,1687615551.429002,"['£1.70', '£0.68/100g']",1.7,£0.68/100g
8746,Mama Noodle Chicken 90G,https://www.tesco.com/groceries/en-GB/products/301340920,1687615551.495167,"['£0.85', '£9.44/kg']",0.85,£9.44/kg
8747,Tesco Free From White Rolls 4 Pack,https://www.tesco.com/groceries/en-GB/products/294006930,1687615551.5662951,"['£1.75', '£0.44/each']",1.75,£0.44/each
8748,Tesco Finest Gouda & Edam Crispies 90G,https://www.tesco.com/groceries/en-GB/products/312355431,1687615551.632907,"['£1.80', '£2.00/100g']",1.8,£2.00/100g
8749,Tilda Steamed Mushroom Basmati Rice 250G,https://www.tesco.com/groceries/en-GB/products/262313649,1687615551.704051,"['£1.25', '£5.00/kg']",1.25,£5.00/kg
8750,Lu Petit Biscotte Cinnamon Biscuit 200G,https://www.tesco.com/groceries/en-GB/products/309180301,1687615551.769016,"['£1.50', '£0.75/100g']",1.5,£0.75/100g
8751,Tesco Skinless & Boneless Pink Salmon 170G,https://www.tesco.com/groceries/en-GB/products/271810295,1687615551.835297,"['£2.30', '£1.35/100g']",2.3,£1.35/100g
8752,Hartleys Lime Jelly 135G,https://www.tesco.com/groceries/en-GB/products/252471468,1687615551.906625,"['£0.95', '£0.70/100g']",0.95,£0.70/100g
8753,Kellogg's Rice Krispies Squares Chocolate Orange 4X36g,https://www.tesco.com/groceries/en-GB/products/310152403,1687615551.9819589,"['£2.00', '£1.39/100g']",2.0,£1.39/100g
8754,Tesco Free From Brown Bread 550G,https://www.tesco.com/groceries/en-GB/products/281509384,1687615552.052326,"['£1.95', '£0.36/100g']",1.95,£0.36/100g
8755,Heinz Hoops No Added Sugar 400G,https://www.tesco.com/groceries/en-GB/products/297040843,1687615552.126197,"['£1.25', '£3.12/kg']",1.25,£3.12/kg
8756,Tesco Reduced Fat Custard 500G,https://www.tesco.com/groceries/en-GB/products/311440556,1687615552.217778,"['£0.85', '£0.17/100g']",0.85,£0.17/100g
8757,Organix Banana Rice Cake Clouds 40G,https://www.tesco.com/groceries/en-GB/products/311205070,1687615552.284689,"['£1.40', '£35.00/kg']",1.4,£35.00/kg
8758,Tesco Free From 4 White Tortilla Wraps,https://www.tesco.com/groceries/en-GB/products/303579681,1687615552.375615,"['£2.00', '£0.50/each']",2.0,£0.50/each
8759,Mug Shot Cajun Pasta 60G,https://www.tesco.com/groceries/en-GB/products/293104602,1687615552.4413362,"['£1.00', '£16.67/kg']",1.0,£16.67/kg
8760,Fox's Party Rings Chocolate Minis Biscuits 5 X 21G,https://www.tesco.com/groceries/en-GB/products/311796083,1687615552.506755,"['£1.15', '£1.10/100g']",1.15,£1.10/100g
8761,Tesco Spiced Stem Ginger 10 Cookies 200G,https://www.tesco.com/groceries/en-GB/products/290351590,1687615552.572553,"['£1.20', '£0.60/100g']",1.2,£0.60/100g
8762,Tesco Balti Sauce 500G,https://www.tesco.com/groceries/en-GB/products/252550106,1687615552.639327,"['£1.20', '£0.24/100g']",1.2,£0.24/100g
8763,Haribo Zingfest Fizzy Fruit Flavour 150G,https://www.tesco.com/groceries/en-GB/products/310177719,1687615552.706943,"['£1.25', '£0.83/100g']",1.25,£0.83/100g
8764,Kinder Surprise Egg 3 X 20G,https://www.tesco.com/groceries/en-GB/products/255028099,1687615552.7822258,"['£2.05', '£3.42/100g']",2.05,£3.42/100g
8765,Fruit Flavour Candy Sticks With Temporary Tattoo 18G,https://www.tesco.com/groceries/en-GB/products/307354733,1687615552.85824,"['£0.40', '£2.22/100g']",0.4,£2.22/100g
8766,Cadbury Crunchie Bar 40G,https://www.tesco.com/groceries/en-GB/products/254894531,1687615552.925844,"['£0.75', '£1.88/100g']",0.75,£1.88/100g
8767,Naked Noodle Singapore Noodle Pot 104G,https://www.tesco.com/groceries/en-GB/products/301051732,1687615553.038007,"['£0.99', '£9.52/kg']",0.99,£9.52/kg
8768,Tesco Pasta In Sauce Chicken & Mushroom 120G,https://www.tesco.com/groceries/en-GB/products/258841951,1687615553.107736,"['£0.65', '£5.42/kg']",0.65,£5.42/kg
8769,Tesco Extra Virgin Olive Oil 500Ml,https://www.tesco.com/groceries/en-GB/products/254918430,1687615553.17572,"['£4.35', '£0.87/100ml']",4.35,£0.87/100ml
8770,Opies Pickled Walnuts 390G,https://www.tesco.com/groceries/en-GB/products/254886126,1687615553.279813,"['£3.60', '£2.12/100g DR.WT']",3.6,£2.12/100g DR.WT
8771,Quaker Oat Granola Raisin 500G,https://www.tesco.com/groceries/en-GB/products/301073988,1687615553.351864,"['£3.50', '£0.70/100g']",3.5,£0.70/100g
8772,Mcdougalls Plain Flour 1.1Kg,https://www.tesco.com/groceries/en-GB/products/302154183,1687615553.421742,"['£2.05', '£1.86/kg']",2.05,£1.86/kg
8773,Solidarnosc Golden Cherry Chocolates In Liqueur 190G,https://www.tesco.com/groceries/en-GB/products/293428213,1687615553.489063,"['£3.10', '£1.63/100g']",3.1,£1.63/100g
8774,Nature Valley Crunchy Variety Cereal Bars Family Pack 10 X 42G,https://www.tesco.com/groceries/en-GB/products/310145124,1687615553.555153,"['£3.00', '£0.71/100g']",3.0,£0.71/100g
8775,Tesco Skinless & Boneless Sardines In Tomato Sauce 90G,https://www.tesco.com/groceries/en-GB/products/282996777,1687615553.627444,"['£1.20', '£1.33/100g']",1.2,£1.33/100g
8776,Tony's Chocolonely Milk Chocolate Caramel Sea Salt 180G,https://www.tesco.com/groceries/en-GB/products/308866264,1687615553.705586,"['£3.00', '£1.67/100g']",3.0,£1.67/100g
8777,Extra Coolbreeze 60 Piece Bottle 84G,https://www.tesco.com/groceries/en-GB/products/293283279,1687615560.104202,"['£2.75', '£3.27/100g']",2.75,£3.27/100g
8778,Genius Gluten Free Brioche Burger Buns 2 Pack,https://www.tesco.com/groceries/en-GB/products/301810791,1687615560.182473,"['£1.85', '£0.62/each']",1.85,£0.62/each
8779,Kallo Organic Vegetable Stock Cubes 8Pk 88G,https://www.tesco.com/groceries/en-GB/products/297461431,1687615560.258854,"['£1.90', '£2.16/100g']",1.9,£2.16/100g
8780,Tesco Soft Figs 440G,https://www.tesco.com/groceries/en-GB/products/271074445,1687615560.334214,"['£3.15', '£7.16/kg']",3.15,£7.16/kg
8781,Fruit Factory Fruit Strings Strawberry 5X20g,https://www.tesco.com/groceries/en-GB/products/265285285,1687615560.413491,"['£2.35', '£2.35/100g']",2.35,£2.35/100g
8782,Fuel10k Salted Caramel Porridge Pot 70G,https://www.tesco.com/groceries/en-GB/products/304796082,1687615560.522072,"['£1.30', '£1.86/100g']",1.3,£1.86/100g
8783,Tesco Raita Dip 190G,https://www.tesco.com/groceries/en-GB/products/307742118,1687615560.634229,"['£1.75', '£0.92/100g']",1.75,£0.92/100g
8784,Tesco Finest Lemon Shortbread Fingers 165G,https://www.tesco.com/groceries/en-GB/products/310132934,1687615560.7499478,"['£2.00', '£1.21/100g']",2.0,£1.21/100g
8785,Graze Fibre Oat Boosts Cherry Bakewell 4 X 30G,https://www.tesco.com/groceries/en-GB/products/312217993,1687615560.817661,"['£1.99', '£1.66/100g']",1.99,£1.66/100g
8786,Tesco Easy Cook Long Grain Rice 4Kg,https://www.tesco.com/groceries/en-GB/products/256333064,1687615560.898869,"['£4.45', '£1.11/kg']",4.45,£1.11/kg
8787,Old El Paso Large Super Soft Flour Tortillas 6 Pack 350G,https://www.tesco.com/groceries/en-GB/products/256209483,1687615560.968,"['£1.75', '£0.50/100g']",1.75,£0.50/100g
8788,Lindt Classic Recipe Hazelnut Milk Chocolate Bar 125G,https://www.tesco.com/groceries/en-GB/products/309457729,1687615561.040096,"['£2.10', '£1.68/100g']",2.1,£1.68/100g
8789,Crosse And Blackwell Best Of British Spicy Parsnip Soup 400G,https://www.tesco.com/groceries/en-GB/products/293273297,1687615561.107232,"['£1.25', '£0.31/100g']",1.25,£0.31/100g
8790,Kingfisher Oriental Coconut Milk Rich & Creamy 200Ml,https://www.tesco.com/groceries/en-GB/products/305522895,1687615561.174874,"['£1.20', '£6.00/litre']",1.2,£6.00/litre
8791,Dole Peaches In Strawberry Jelly 4X123g,https://www.tesco.com/groceries/en-GB/products/253788048,1687615561.2412999,"['£2.20', '£0.45/100g']",2.2,£0.45/100g
8792,Grace Coconut Water 1 Litre,https://www.tesco.com/groceries/en-GB/products/282511494,1687615561.309667,"['£2.70', '£0.27/100ml']",2.7,£0.27/100ml
8793,Shana Plain Paratha 5 Pack 400G,https://www.tesco.com/groceries/en-GB/products/264594358,1687615561.404067,"['£1.90', '£0.48/100g']",1.9,£0.48/100g
8794,Pataks Korma Paste Pots 2X70g,https://www.tesco.com/groceries/en-GB/products/293134324,1687615561.472506,"['£1.49', '£1.06/100g']",1.49,£1.06/100g
8795,Tesco Milled Flax Pumpkin & Chia Seed Mix 175G,https://www.tesco.com/groceries/en-GB/products/302677278,1687615561.54193,"['£1.85', '£10.57/kg']",1.85,£10.57/kg
8796,Pringles Multigrain Less Salt Roast Chicken Rosemary 166G,https://www.tesco.com/groceries/en-GB/products/312226826,1687615561.6089962,"['£2.00', '£1.20/100g']",2.0,£1.20/100g
8797,Heinz Big Soup Chicken & Leek 400G,https://www.tesco.com/groceries/en-GB/products/274069050,1687615561.739248,"['£2.00', '£0.50/100g']",2.0,£0.50/100g
8798,Tesco Beef Curry 392G,https://www.tesco.com/groceries/en-GB/products/307762296,1687615561.837483,"['£2.40', '£6.12/kg']",2.4,£6.12/kg
8799,Belvita Breakfast Reduced Sugar Chocolate Chips Biscuit 5 Pack 225G,https://www.tesco.com/groceries/en-GB/products/302294609,1687615561.908622,"['£1.25', '£0.56/100g']",1.25,£0.56/100g
8800,Tesco Free From Swirly Chocolate Wafers 108G (4X27g),https://www.tesco.com/groceries/en-GB/products/304387042,1687615561.984759,"['£1.95', '£1.81/100g']",1.95,£1.81/100g
8801,Ryvita 3 Cheese Thins 125G,https://www.tesco.com/groceries/en-GB/products/297544754,1687615562.0612679,"['£2.20', '£1.76/100g']",2.2,£1.76/100g
8803,Fruittella Duo Stix 160G ..,https://www.tesco.com/groceries/en-GB/products/300639264,1687615562.2162051,"['£1.50', '£0.94/100g']",1.5,£0.94/100g
8804,Tesco Jalfrezi Sauce 500G,https://www.tesco.com/groceries/en-GB/products/252548507,1687615562.286238,"['£1.20', '£0.24/100g']",1.2,£0.24/100g
8805,Fox's Milk Chocolate Cookies 180G,https://www.tesco.com/groceries/en-GB/products/306656562,1687615562.359048,"['£2.00', '£1.11/100g']",2.0,£1.11/100g
8806,Natures Finest Pitted Prunes In Juice 700G,https://www.tesco.com/groceries/en-GB/products/283868292,1687615562.44567,"['£2.75', '£7.33/kg DR.WT']",2.75,£7.33/kg DR.WT
8807,Tesco French Mustard 185G,https://www.tesco.com/groceries/en-GB/products/260691658,1687615562.5134668,"['£0.85', '£0.46/100g']",0.85,£0.46/100g
8808,Hearty Food Co Pasta In Tomato & Onion Sauce 110G,https://www.tesco.com/groceries/en-GB/products/300455969,1687615562.579247,"['£0.50', '£4.54/kg']",0.5,£4.54/kg
8809,Tesco Malt Vinegar 1.14L,https://www.tesco.com/groceries/en-GB/products/254885104,1687615562.645073,"['£0.60', '£0.05/100ml']",0.6,£0.05/100ml
8810,Bisto Gravy Granules Chicken 350G,https://www.tesco.com/groceries/en-GB/products/296383588,1687615562.710433,"['£3.50', '£1.00/100g']",3.5,£1.00/100g
8811,Meridian Smooth Peanut Butter 1Kg,https://www.tesco.com/groceries/en-GB/products/301638252,1687615562.785016,"['£6.50', '£0.65/100g']",6.5,£0.65/100g
8812,Samyang Hot Chicken Flavour Cup Ramen 70G,https://www.tesco.com/groceries/en-GB/products/301413443,1687615562.858953,"['£1.75', '£25.00/kg']",1.75,£25.00/kg
8813,Tesco Organic Extra Virgin Olive Oil 500Ml,https://www.tesco.com/groceries/en-GB/products/259045417,1687615562.9657118,"['£4.80', '£0.96/100ml']",4.8,£0.96/100ml
8814,Maltesers Truffles Large Gift Box 336G,https://www.tesco.com/groceries/en-GB/products/301638091,1687615563.032025,"['£7.00', '£2.08/100g']",7.0,£2.08/100g
8815,Schar Brown Ciabatta Rolls 200G,https://www.tesco.com/groceries/en-GB/products/291228401,1687615563.122098,"['£2.40', '£1.20/100g']",2.4,£1.20/100g
8816,Tesco High Fibre Bran Cereal 750G,https://www.tesco.com/groceries/en-GB/products/292975608,1687615563.1884658,"['£2.40', '£0.32/100g']",2.4,£0.32/100g
8817,Jacobs Krackawheat 230G,https://www.tesco.com/groceries/en-GB/products/312109234,1687615563.2584162,"['£2.10', '£0.91/100g']",2.1,£0.91/100g
8818,Tesco Tikka Curry Paste 200G,https://www.tesco.com/groceries/en-GB/products/280364250,1687615563.3249972,"['£2.10', '£1.05/100g']",2.1,£1.05/100g
8819,Dorset Cereals Simply Fruity Muesli 630G,https://www.tesco.com/groceries/en-GB/products/304791726,1687615563.391257,"['£3.40', '£0.54/100g']",3.4,£0.54/100g
8820,Dorset Cereals Simply Delicious Muesli 650G,https://www.tesco.com/groceries/en-GB/products/304788126,1687615563.478722,"['£3.40', '£0.52/100g']",3.4,£0.52/100g
8821,Dolmio Pasta Bake Carbonara Pasta Sauce 480G,https://www.tesco.com/groceries/en-GB/products/261007795,1687615563.5657222,"['£2.50', '£0.52/100g']",2.5,£0.52/100g
8822,Najma Sliced Chicken Breast 150G,https://www.tesco.com/groceries/en-GB/products/273600828,1687615563.632261,"['£2.20', '£1.47/100g']",2.2,£1.47/100g
8823,Tesco Wild Pacific Red Salmon 105G,https://www.tesco.com/groceries/en-GB/products/267612126,1687615563.700096,"['£2.60', '£2.48/100g']",2.6,£2.48/100g
8824,Nairns Gluten Free Scottish Porridge 450G,https://www.tesco.com/groceries/en-GB/products/291359349,1687615563.77089,"['£2.20', '£0.49/100g']",2.2,£0.49/100g
8825,Pek Chopped Pork 300G,https://www.tesco.com/groceries/en-GB/products/266705174,1687615569.3128908,"['£2.30', '£0.77/100g']",2.3,£0.77/100g
8826,Tesco Unsalted Mixed Nuts & Raisins 250G,https://www.tesco.com/groceries/en-GB/products/264807454,1687615569.388427,"['£1.90', '£7.60/kg']",1.9,£7.60/kg
8827,Vifon Vegetarian Instant Noodles 70G,https://www.tesco.com/groceries/en-GB/products/267536775,1687615569.457833,"['£0.65', '£9.29/kg']",0.65,£9.29/kg
8828,Fullgreen Riced Cauliflower 200G,https://www.tesco.com/groceries/en-GB/products/289796703,1687615569.525653,"['£2.00', '£10.00/kg']",2.0,£10.00/kg
8829,Tesco Finest Lamb Gravy 350Ml,https://www.tesco.com/groceries/en-GB/products/280517531,1687615569.5944371,"['£2.00', '£0.57/100ml']",2.0,£0.57/100ml
8830,Tesco Burger Sauce 235Ml,https://www.tesco.com/groceries/en-GB/products/305051121,1687615569.661539,"['£1.20', '£0.51/100ml']",1.2,£0.51/100ml
8831,Marmite Reduced Salt Yeast Extract Spread 250G,https://www.tesco.com/groceries/en-GB/products/301391909,1687615569.729363,"['£3.25', '£1.30/100g']",3.25,£1.30/100g
8832,Homepride No Added Sugar Tomato & Herb Pasta Bake 485G,https://www.tesco.com/groceries/en-GB/products/309766565,1687615569.8035898,"['£2.80', '£0.58/100g']",2.8,£0.58/100g
8833,Ryvita Pumpkin Seed & Oat Crisp Bread 200G,https://www.tesco.com/groceries/en-GB/products/255269055,1687615569.9021719,"['£2.00', '£1.00/100g']",2.0,£1.00/100g
8834,Nissin Wok Style Soba Noodles Chilli 111G,https://www.tesco.com/groceries/en-GB/products/306504201,1687615569.97008,"['£1.20', '£10.81/kg']",1.2,£10.81/kg
8835,Jutrzenka Bebe Herbatniki 16G,https://www.tesco.com/groceries/en-GB/products/275602817,1687615570.0425348,"['£0.25', '£1.56/100g']",0.25,£1.56/100g
8836,Fuel Energy Drink Strawberry 330Ml,https://www.tesco.com/groceries/en-GB/products/276671358,1687615570.1107252,"['£1.30', '£0.39/100ml']",1.3,£0.39/100ml
8837,Puck Cheese Spread Alternative 240G,https://www.tesco.com/groceries/en-GB/products/268589186,1687615570.201639,"['£1.95', '£8.12/kg']",1.95,£8.12/kg
8838,Walkers Wotsits Flamin Hot Snacks 6 X 16G,https://www.tesco.com/groceries/en-GB/products/305839099,1687615570.269917,"['£1.95', '£2.03/100g']",1.95,£2.03/100g
8839,Tesco Vegetable Suet 200G,https://www.tesco.com/groceries/en-GB/products/309451056,1687615570.336703,"['£1.55', '£7.75/kg']",1.55,£7.75/kg
8840,Princes Lean Corned Beef 200G,https://www.tesco.com/groceries/en-GB/products/252494466,1687615570.412066,"['£3.50', '£1.75/100g']",3.5,£1.75/100g
8841,Batchelors Cup A Soup Thai Chicken Lemongrass 4 Sachets 88G,https://www.tesco.com/groceries/en-GB/products/308114976,1687615570.483983,"['£1.50', '£1.70/100g']",1.5,£1.70/100g
8842,Tilda Coconut Chilli & L/Grass Basmati Rice 250G,https://www.tesco.com/groceries/en-GB/products/272254939,1687615570.548963,"['£1.25', '£5.00/kg']",1.25,£5.00/kg
8843,Tesco Italian Mixed Peel 200G,https://www.tesco.com/groceries/en-GB/products/254914244,1687615570.627118,"['£1.00', '£5.00/kg']",1.0,£5.00/kg
8844,Heinz Weight Watchers Chicken Soup 295G,https://www.tesco.com/groceries/en-GB/products/256678122,1687615570.70662,"['£1.30', '£0.44/100g']",1.3,£0.44/100g
8845,Rowntree's Tropical Tots Sweets 140G,https://www.tesco.com/groceries/en-GB/products/310148582,1687615570.7745762,"['£1.25', '£0.89/100g']",1.25,£0.89/100g
8847,Nishaan Chakki Roti 350G,https://www.tesco.com/groceries/en-GB/products/261626436,1687615570.914541,"['£1.00', '£0.29/100g']",1.0,£0.29/100g
8848,Yorkie Raisin & Biscuit Chocolate Bar 44G,https://www.tesco.com/groceries/en-GB/products/286634048,1687615570.9891572,"['£0.75', '£1.70/100g']",0.75,£1.70/100g
8849,Tesco Snacking Pistachio 50G,https://www.tesco.com/groceries/en-GB/products/287219084,1687615571.134877,"['£1.00', '£20.00/kg']",1.0,£20.00/kg
8850,Lindt Lindor Strawberry & Cream Truffles 200G,https://www.tesco.com/groceries/en-GB/products/282279503,1687615571.228605,"['£6.00', '£3.00/100g']",6.0,£3.00/100g
8851,Garners Pickled Shallots 300G,https://www.tesco.com/groceries/en-GB/products/266282563,1687615571.298261,"['£3.90', '£2.44/100g DR.WT']",3.9,£2.44/100g DR.WT
8852,Aspall Raw Organic Apple Cyder Vinegar 500Ml,https://www.tesco.com/groceries/en-GB/products/297105301,1687615571.3747892,"['£3.25', '£0.65/100ml']",3.25,£0.65/100ml
8853,Hp Bbq Classic Woodsmoke Sauce 465G,https://www.tesco.com/groceries/en-GB/products/268347663,1687615571.444566,"['£3.40', '£0.73/100g']",3.4,£0.73/100g
8854,Mcdougalls Self Raising Flour 1.1Kg,https://www.tesco.com/groceries/en-GB/products/302154200,1687615571.534608,"['£2.05', '£1.86/kg']",2.05,£1.86/kg
8855,Tesco Finest Tartare Sauce 175G,https://www.tesco.com/groceries/en-GB/products/279250092,1687615571.601932,"['£1.90', '£1.09/100g']",1.9,£1.09/100g
8856,Crosse And Blackwell Hunger Breaks All Day Breakfast Beans 395G,https://www.tesco.com/groceries/en-GB/products/275206221,1687615571.6691241,"['£2.25', '£5.70/kg']",2.25,£5.70/kg
8857,Oxo Reduced Salt Chicken Stock Cubes 12 Pack 71G,https://www.tesco.com/groceries/en-GB/products/272080712,1687615571.73754,"['£2.40', '£3.38/100g']",2.4,£3.38/100g
8858,Sharwoods Butter Chicken 420G,https://www.tesco.com/groceries/en-GB/products/277043162,1687615571.809669,"['£2.80', '£0.67/100g']",2.8,£0.67/100g
8859,Dr Oetker Fine Cooks Chocolate Milk 150G,https://www.tesco.com/groceries/en-GB/products/273714423,1687615571.8794749,"['£2.00', '£1.33/100g']",2.0,£1.33/100g
8860,New York Bakery Gluten Free Plain Bagels 4 Pack,https://www.tesco.com/groceries/en-GB/products/304795958,1687615571.946839,"['£2.70', '£0.68/each']",2.7,£0.68/each
8861,Quaker Oat So Simple Strawberry Raspberry Porridge 10 X 33.9G,https://www.tesco.com/groceries/en-GB/products/275435289,1687615572.014223,"['£3.50', '£1.03/100g']",3.5,£1.03/100g
8862,Tesco Crusty White Farmhouse Bread Mix 500G,https://www.tesco.com/groceries/en-GB/products/252015539,1687615572.145068,"['£1.20', '£2.40/kg']",1.2,£2.40/kg
8863,Tesco Free From Gluten Syrup Porridge Pot 55G,https://www.tesco.com/groceries/en-GB/products/293163427,1687615572.2484522,"['£0.90', '£1.64/100g']",0.9,£1.64/100g
8864,Port Royal Mixed Vegetable Jamaican Patty 140G,https://www.tesco.com/groceries/en-GB/products/260709064,1687615572.3182468,"['£1.10', '£0.79/100g']",1.1,£0.79/100g
8865,Sharwoods Poppadom Garlic & Coriander 8 Pack,https://www.tesco.com/groceries/en-GB/products/276887230,1687615572.3854878,"['£2.60', '£0.32/each']",2.6,£0.32/each
8866,Tarczynski Nadziane - Kabanos Filled with Garlic 95g,https://www.tesco.com/groceries/en-GB/products/313177041,1687615572.4514072,"['£2.30', '£24.21/kg']",2.3,£24.21/kg
8867,Tilda Jasmine Fragrant Rice 250G,https://www.tesco.com/groceries/en-GB/products/303823507,1687615572.5167072,"['£0.95', '£3.80/kg']",0.95,£3.80/kg
8868,Whitworths Chopped Dates 250G,https://www.tesco.com/groceries/en-GB/products/275930653,1687615572.586336,"['£2.00', '£8.00/kg']",2.0,£8.00/kg
8869,Whitworths Cranberries 150G,https://www.tesco.com/groceries/en-GB/products/271238241,1687615572.674509,"['£2.00', '£13.33/kg']",2.0,£13.33/kg
8870,Askeys Treat Strawberry Sauce 325G,https://www.tesco.com/groceries/en-GB/products/251084982,1687615572.770598,"['£1.50', '£0.46/100g']",1.5,£0.46/100g
8871,Heinz Tomato Ketchup 342G,https://www.tesco.com/groceries/en-GB/products/252560486,1687615572.866417,"['£2.50', '£0.73/100g']",2.5,£0.73/100g
8872,Ambrosia Rice Minis 330G,https://www.tesco.com/groceries/en-GB/products/282645404,1687615572.932906,"['£2.35', '£0.71/100g']",2.35,£0.71/100g
8873,Maggi Liquid Seasoning 101Ml,https://www.tesco.com/groceries/en-GB/products/257442342,1687615578.2741098,"['£1.40', '£1.39/100ml']",1.4,£1.39/100ml
8874,John West Boneless Sardine Tomato Sauce 95G,https://www.tesco.com/groceries/en-GB/products/251433282,1687615578.349171,"['£1.45', '£1.53/100g']",1.45,£1.53/100g
8875,Cadbury Dairy Milk Buttons Bag 40G,https://www.tesco.com/groceries/en-GB/products/272478801,1687615578.419023,"['£0.75', '£1.88/100g']",0.75,£1.88/100g
8876,Tesco Roast Potato Seasoning 84G,https://www.tesco.com/groceries/en-GB/products/297173115,1687615578.534687,"['£0.90', '£0.11/10g']",0.9,£0.11/10g
8877,Tilda Chilli & Lime Basmati Rice 250G,https://www.tesco.com/groceries/en-GB/products/254525261,1687615578.616132,"['£1.25', '£5.00/kg']",1.25,£5.00/kg
8878,Hellmann's Tomato Ketchup 430Ml,https://www.tesco.com/groceries/en-GB/products/312698727,1687615578.686253,"['£1.85', '£0.43/100ml']",1.85,£0.43/100ml
8879,Walkers Baked Ready Salted 37.5G,https://www.tesco.com/groceries/en-GB/products/259153934,1687615578.7764869,"['£0.95', '£2.53/100g']",0.95,£2.53/100g
8880,Kucharek Seasoning 200G,https://www.tesco.com/groceries/en-GB/products/260860672,1687615578.905034,"['£0.85', '£0.04/10g']",0.85,£0.04/10g
8881,Balcerzak Turkey Breast Slices 100G,https://www.tesco.com/groceries/en-GB/products/304783673,1687615578.97679,"['£1.25', '£1.25/100g']",1.25,£1.25/100g
8882,Chicken Tonight Creamy Mushroom 500G,https://www.tesco.com/groceries/en-GB/products/274219461,1687615579.0482318,"['£1.29', '£0.26/100g']",1.29,£0.26/100g
8883,Aero Purely Chocolate Sharing Bar 90G,https://www.tesco.com/groceries/en-GB/products/307165686,1687615579.141815,"['£1.25', '£1.39/100g']",1.25,£1.39/100g
8884,Scwartz Auth Tuna Napolitana Mix 30G,https://www.tesco.com/groceries/en-GB/products/256794905,1687615579.223787,"['£0.95', '£3.17/100g']",0.95,£3.17/100g
8885,Batchelors Super Rice Beef Quick Cook 90G,https://www.tesco.com/groceries/en-GB/products/303671801,1687615579.3223329,"['£1.00', '£11.11/kg']",1.0,£11.11/kg
8886,Cadbury Dairy Milk Oreo Chocolate Bar 120G,https://www.tesco.com/groceries/en-GB/products/275248124,1687615579.39193,"['£1.35', '£1.12/100g']",1.35,£1.12/100g
8887,Crouton Company Garlic & Herb Croutons 40G,https://www.tesco.com/groceries/en-GB/products/306501400,1687615579.459039,"['£0.50', '£1.25/100g']",0.5,£1.25/100g
8888,Cadbury Twirl Orange Chocolate Bar 43G,https://www.tesco.com/groceries/en-GB/products/306943101,1687615579.526211,"['£0.75', '£1.74/100g']",0.75,£1.74/100g
8889,Tesco Free From Bacon Rashers 150G,https://www.tesco.com/groceries/en-GB/products/308097160,1687615579.643906,"['£1.10', '£0.73/100g']",1.1,£0.73/100g
8890,Stockwell & Co Stewed Steak & Gravy 392G,https://www.tesco.com/groceries/en-GB/products/307735916,1687615579.716744,"['£2.05', '£5.23/kg DR.WT']",2.05,£5.23/kg DR.WT
8891,Tesco Thai Hom Mali Aaa Jasmine Fragrant Rice 5Kg,https://www.tesco.com/groceries/en-GB/products/287967879,1687615579.788974,"['£8.80', '£1.76/kg']",8.8,£1.76/kg
8892,Blooms Cocktail Viennas 340G,https://www.tesco.com/groceries/en-GB/products/252489732,1687615579.856736,"['£4.20', '£1.24/100g']",4.2,£1.24/100g
8893,Maille Hollandaise Sauce 200Ml,https://www.tesco.com/groceries/en-GB/products/255799965,1687615579.9600341,"['£3.00', '£1.50/100ml']",3.0,£1.50/100ml
8894,Kellogg's Just Right Cereal 500G,https://www.tesco.com/groceries/en-GB/products/253746012,1687615580.029762,"['£3.50', '£0.70/100g']",3.5,£0.70/100g
8895,Mccoy's Classic Variety Potato Crisps 12 X 25G,https://www.tesco.com/groceries/en-GB/products/306827654,1687615580.0999858,"['£3.50', '£1.17/100g']",3.5,£1.17/100g
8896,Tesco Tropical Fruit Slurpers 4X90g,https://www.tesco.com/groceries/en-GB/products/302986338,1687615580.169548,"['£2.10', '£0.58/100g']",2.1,£0.58/100g
8897,Nurishment Original Flavoured Strawberry Drink 370Ml,https://www.tesco.com/groceries/en-GB/products/271113204,1687615580.238388,"['£1.55', '£0.42/100ml']",1.55,£0.42/100ml
8898,Ballymaloe Original Relish 210G,https://www.tesco.com/groceries/en-GB/products/288042682,1687615580.310106,"['£2.20', '£1.05/100g']",2.2,£1.05/100g
8899,Baxters Vegetarian Carrot & Coriander Soup 400G,https://www.tesco.com/groceries/en-GB/products/267196446,1687615580.376137,"['£2.00', '£0.50/100g']",2.0,£0.50/100g
8901,Tesco Ground Black Pepper 25G,https://www.tesco.com/groceries/en-GB/products/276545762,1687615580.5408242,"['£1.15', '£0.46/10g']",1.15,£0.46/10g
8902,Gefen Classic Marinara Pasta Sauce 737G,https://www.tesco.com/groceries/en-GB/products/259891708,1687615580.610794,"['£3.00', '£0.41/100g']",3.0,£0.41/100g
8903,Heinz Minestrone Dry Cup Soup 72G,https://www.tesco.com/groceries/en-GB/products/287966385,1687615580.677444,"['£1.50', '£2.08/100g']",1.5,£2.08/100g
8904,Belvita Soft Filled Strawberry Biscuits 250G,https://www.tesco.com/groceries/en-GB/products/297544679,1687615580.775319,"['£2.75', '£1.10/100g']",2.75,£1.10/100g
8905,Fuel 10K Vanilla Liquid Breakfast 330Ml,https://www.tesco.com/groceries/en-GB/products/283910688,1687615580.8675158,"['£1.30', '£0.39/100ml']",1.3,£0.39/100ml
8906,Dole Fruit Bowl Peaches In Juice 4X113g,https://www.tesco.com/groceries/en-GB/products/255933191,1687615580.962323,"['£2.20', '£0.85/100g DR.WT']",2.2,£0.85/100g DR.WT
8907,Tesco Chicken Curry 392G,https://www.tesco.com/groceries/en-GB/products/307743987,1687615581.0737212,"['£2.40', '£6.12/kg']",2.4,£6.12/kg
8908,Princes Rhubarb In Light Syrup 540G,https://www.tesco.com/groceries/en-GB/products/305043626,1687615581.1405041,"['£1.30', '£5.31/kg DR.WT']",1.3,£5.31/kg DR.WT
8909,Tesco Unsalted Roasted Monkey Nuts 300G,https://www.tesco.com/groceries/en-GB/products/256335966,1687615581.212734,"['£1.50', '£5.00/kg']",1.5,£5.00/kg
8910,Quaker Oat So Simple Protein Original Porridge Pot 49G,https://www.tesco.com/groceries/en-GB/products/301601508,1687615581.2812061,"['£1.30', '£2.65/100g']",1.3,£2.65/100g
8911,John West Tuna Chilli & Garlic Infusions 80G,https://www.tesco.com/groceries/en-GB/products/277884053,1687615581.36928,"['£1.80', '£2.25/100g']",1.8,£2.25/100g
8912,Kurkure Masala Munch Dal Corn & Rice Snack 100G,https://www.tesco.com/groceries/en-GB/products/309771178,1687615581.4360142,"['£1.40', '£1.40/100g']",1.4,£1.40/100g
8913,Tesco Fine Egg Noodles 250G,https://www.tesco.com/groceries/en-GB/products/272640511,1687615581.508925,"['£1.15', '£4.60/kg']",1.15,£4.60/kg
8914,Tesco Pitted Green Olives Basil&Garlic 70G,https://www.tesco.com/groceries/en-GB/products/300917809,1687615581.574629,"['£1.10', '£1.57/100g']",1.1,£1.57/100g
8915,Tesco Grapefruit Segments In Light Syrup 411G,https://www.tesco.com/groceries/en-GB/products/306666170,1687615581.645733,"['£0.90', '£4.02/kg DR.WT']",0.9,£4.02/kg DR.WT
8916,Heinz Weight Watchers Carrot & Lentil Soup 295G,https://www.tesco.com/groceries/en-GB/products/254998397,1687615581.7132149,"['£1.30', '£0.44/100g']",1.3,£0.44/100g
8917,Tesco Garlic Salt 90G,https://www.tesco.com/groceries/en-GB/products/251621347,1687615581.789203,"['£0.90', '£0.10/10g']",0.9,£0.10/10g
8918,Tesco Finest Salted Caramel Florentines 105G,https://www.tesco.com/groceries/en-GB/products/310162996,1687615581.85401,"['£2.50', '£2.38/100g']",2.5,£2.38/100g
8919,Rowntrees Randoms Juicers 140G,https://www.tesco.com/groceries/en-GB/products/306692472,1687615581.918879,"['£1.25', '£0.89/100g']",1.25,£0.89/100g
8920,Napolina Cannellini Beans 400G,https://www.tesco.com/groceries/en-GB/products/264449186,1687615581.98705,"['£1.00', '£4.17/kg DR.WT']",1.0,£4.17/kg DR.WT
8921,Schwartz Spanish Paella 30G,https://www.tesco.com/groceries/en-GB/products/293163485,1687615588.061582,"['£0.95', '£0.32/10g']",0.95,£0.32/10g
8922,Chicken Tonight Spanish Chicken 500G,https://www.tesco.com/groceries/en-GB/products/274219841,1687615588.157739,"['£1.29', '£0.26/100g']",1.29,£0.26/100g
8923,Pringles Pop & Go Original 40G,https://www.tesco.com/groceries/en-GB/products/266460168,1687615588.2592692,"['£0.90', '£2.25/100g']",0.9,£2.25/100g
8924,Dunns River Black Beans In Salted Water 400G,https://www.tesco.com/groceries/en-GB/products/277805131,1687615588.3770828,"['£0.80', '£3.48/kg DR.WT']",0.8,£3.48/kg DR.WT
8925,Tesco Fudge 175G,https://www.tesco.com/groceries/en-GB/products/271950480,1687615588.444194,"['£1.10', '£0.63/100g']",1.1,£0.63/100g
8926,Cadbury Dairy Milk Orange Giant Buttons 110G,https://www.tesco.com/groceries/en-GB/products/306939406,1687615588.5127602,"['£1.35', '£1.23/100g']",1.35,£1.23/100g
8927,Tesco Free From Mayonnaise 250Ml,https://www.tesco.com/groceries/en-GB/products/297372444,1687615588.583267,"['£1.10', '£0.44/100ml']",1.1,£0.44/100ml
8928,Hartleys Orange 10Cal Jelly 175G,https://www.tesco.com/groceries/en-GB/products/283609821,1687615588.6498182,"['£0.85', '£0.49/100g']",0.85,£0.49/100g
8929,Aasani Red Skin Peanut Kernels 500G,https://www.tesco.com/groceries/en-GB/products/285069042,1687615588.740696,"['£1.90', '£3.80/kg']",1.9,£3.80/kg
8930,Tesco Free From White Lasagne 480G,https://www.tesco.com/groceries/en-GB/products/287546940,1687615588.8091068,"['£1.20', '£0.25/100g']",1.2,£0.25/100g
8931,Old Jamaica Extra Fiery Zero 330Ml,https://www.tesco.com/groceries/en-GB/products/297133872,1687615588.880888,"['£0.60', '£0.18/100ml']",0.6,£0.18/100ml
8932,Toblerone Orange Twist 360G,https://www.tesco.com/groceries/en-GB/products/306809929,1687615588.954701,"['£5.00', '£1.39/100g']",5.0,£1.39/100g
8933,Lindt Lindor Double Chocolate Truffles 200G,https://www.tesco.com/groceries/en-GB/products/310139339,1687615589.0399082,"['£6.00', '£3.00/100g']",6.0,£3.00/100g
8934,Mr Freeds Small Fried Fish Balls 300G,https://www.tesco.com/groceries/en-GB/products/259636611,1687615589.109482,"['£4.75', '£1.58/100g']",4.75,£1.58/100g
8935,Santa Maria Tellicherry Black Pepper Grinder 70G,https://www.tesco.com/groceries/en-GB/products/279905188,1687615589.176234,"['£3.50', '£0.50/10g']",3.5,£0.50/10g
8936,Warburtons White Gluten Free Bread Sourdough 400G,https://www.tesco.com/groceries/en-GB/products/302385928,1687615589.244514,"['£3.50', '£0.88/100g']",3.5,£0.88/100g
8937,Whole Earth Smooth Peanut Butter 454G,https://www.tesco.com/groceries/en-GB/products/259312666,1687615589.3168519,"['£4.50', '£0.99/100g']",4.5,£0.99/100g
8938,Kellogg's All Bran Golden Crunch 390G,https://www.tesco.com/groceries/en-GB/products/271010320,1687615589.410068,"['£3.00', '£0.77/100g']",3.0,£0.77/100g
8939,Tesco Wild Pacific Pink Salmon 418G,https://www.tesco.com/groceries/en-GB/products/258098027,1687615589.483572,"['£3.50', '£0.84/100g']",3.5,£0.84/100g
8940,Homepride Chilli Cooking Sauce 485G,https://www.tesco.com/groceries/en-GB/products/301517793,1687615589.551127,"['£2.80', '£0.58/100g']",2.8,£0.58/100g
8941,Tesco Tahini 300G,https://www.tesco.com/groceries/en-GB/products/301554009,1687615589.626313,"['£2.60', '£0.87/100g']",2.6,£0.87/100g
8942,Pip & Nut Smooth Almond Butter 170G,https://www.tesco.com/groceries/en-GB/products/309452239,1687615589.693133,"['£3.25', '£1.91/100g']",3.25,£1.91/100g
8943,Organix Goodies Banana Oaty Bars 6 X 30G,https://www.tesco.com/groceries/en-GB/products/283608321,1687615589.782482,"['£3.00', '£1.67/100g']",3.0,£1.67/100g
8944,Kikkoman Tamari Gluten Free Soy Sauce 250Ml,https://www.tesco.com/groceries/en-GB/products/276783813,1687615589.853492,"['£3.00', '£1.20/100ml']",3.0,£1.20/100ml
8945,Organix Mini Gingerbread Men 5 X 25G,https://www.tesco.com/groceries/en-GB/products/266197791,1687615589.92895,"['£2.50', '£2.00/100g']",2.5,£2.00/100g
8946,Old El Paso Nachips Original 185G,https://www.tesco.com/groceries/en-GB/products/297243950,1687615589.999285,"['£2.00', '£1.08/100g']",2.0,£1.08/100g
8947,Dolmio Stir In Bacon & Tomato Pasta Sauce 150G,https://www.tesco.com/groceries/en-GB/products/254243375,1687615590.0679748,"['£2.20', '£1.47/100g']",2.2,£1.47/100g
8948,Hellmann's Light Mayonnaise 400G,https://www.tesco.com/groceries/en-GB/products/257202615,1687615590.138316,"['£2.40', '£0.60/100g']",2.4,£0.60/100g
8949,Nairns Gluten Free Oats & Fruit Biscuits 160G,https://www.tesco.com/groceries/en-GB/products/277181971,1687615590.211734,"['£2.00', '£1.25/100g']",2.0,£1.25/100g
8950,Nairns Fruit And Seeded Oatcake 225G,https://www.tesco.com/groceries/en-GB/products/295059295,1687615590.2797801,"['£1.70', '£0.76/100g']",1.7,£0.76/100g
8951,Tesco Low Calorie Sweetener 300'S,https://www.tesco.com/groceries/en-GB/products/289397824,1687615590.352242,"['£1.35', '£0.00/each']",1.35,£0.00/each
8952,Auntys Spotted Dick Puddings 2 Pack 190G,https://www.tesco.com/groceries/en-GB/products/257804243,1687615590.426361,"['£1.50', '£0.79/100g']",1.5,£0.79/100g
8953,Doritos Loaded Pepperoni Pizza Tortilla Chips 180G,https://www.tesco.com/groceries/en-GB/products/312363179,1687615590.493196,"['£2.10', '£1.17/100g']",2.1,£1.17/100g
8954,Tesco Rice Wine Vinegar 150Ml,https://www.tesco.com/groceries/en-GB/products/262677834,1687615590.560153,"['£2.00', '£1.33/100ml']",2.0,£1.33/100ml
8955,Tesco Free From 16 Chocolate Cornflake Clusters,https://www.tesco.com/groceries/en-GB/products/310190490,1687615590.661126,"['£2.90', '£0.18/each']",2.9,£0.18/each
8956,Ryvita Whole- Grain Cracker- Bread 125G,https://www.tesco.com/groceries/en-GB/products/263232582,1687615590.7299058,"['£1.60', '£1.28/100g']",1.6,£1.28/100g
8957,Tesco Chilli Mayonnaise 235Ml,https://www.tesco.com/groceries/en-GB/products/305249971,1687615590.797664,"['£1.10', '£0.47/100ml']",1.1,£0.47/100ml
8958,Goplana Grzeski Hazelnut Wafer 36G,https://www.tesco.com/groceries/en-GB/products/271630945,1687615590.864676,"['£0.50', '£1.39/100g']",0.5,£1.39/100g
8959,Del Monte Apricot Halves In Syrup 410G,https://www.tesco.com/groceries/en-GB/products/250940247,1687615590.9314592,"['£1.20', '£5.00/kg DR.WT']",1.2,£5.00/kg DR.WT
8960,Batchelors Cup A Soup Minestrone 4 Pack 94G,https://www.tesco.com/groceries/en-GB/products/254204301,1687615590.998222,"['£1.50', '£1.60/100g']",1.5,£1.60/100g
8961,Del Monte Pear Halves In Syrup 420G,https://www.tesco.com/groceries/en-GB/products/254900750,1687615591.069741,"['£1.20', '£5.22/kg DR.WT']",1.2,£5.22/kg DR.WT
8962,Tilda Boil In Bag Basmati Rice 4 X 62.5G,https://www.tesco.com/groceries/en-GB/products/259758829,1687615591.155201,"['£1.50', '£6.00/kg']",1.5,£6.00/kg
8963,Grace Cock Flavour Soup Mix 50G,https://www.tesco.com/groceries/en-GB/products/259346827,1687615591.251209,"['£0.75', '£1.50/100g']",0.75,£1.50/100g
8964,Edlers Savoury Pastry Case Each,https://www.tesco.com/groceries/en-GB/products/265014820,1687615591.323052,"['£1.10', '£1.10/each']",1.1,£1.10/each
8965,Ryvita Cheddar & Crack Black Pepper Thins 125G,https://www.tesco.com/groceries/en-GB/products/268348368,1687615591.390483,"['£2.20', '£1.76/100g']",2.2,£1.76/100g
8966,Merchant Gourmet Tomatoey French 250G,https://www.tesco.com/groceries/en-GB/products/266385787,1687615591.481096,"['£2.00', '£8.00/kg']",2.0,£8.00/kg
8967,Tesco Rogan Josh Cooking Sauce 500G,https://www.tesco.com/groceries/en-GB/products/252548818,1687615591.624264,"['£1.20', '£0.24/100g']",1.2,£0.24/100g
8968,Haribo Funtasia 150G,https://www.tesco.com/groceries/en-GB/products/312582962,1687615591.695411,"['£1.25', '£0.83/100g']",1.25,£0.83/100g
8969,Krombacher Pils 660Ml,https://www.tesco.com/groceries/en-GB/products/299789795,1687615597.319337,"['£2.20', '£3.33/litre']",2.2,£3.33/litre
8970,Fry's Turkish Delight Chocolate Bar 51G,https://www.tesco.com/groceries/en-GB/products/255601872,1687615597.4144971,"['£0.75', '£1.47/100g']",0.75,£1.47/100g
8971,Tesco Mixed Fruit With Cranberry And Apricots 500G,https://www.tesco.com/groceries/en-GB/products/281282235,1687615597.530009,"['£1.90', '£3.80/kg']",1.9,£3.80/kg
8972,Cadbury Bournville Buttons 110G,https://www.tesco.com/groceries/en-GB/products/303670917,1687615597.602821,"['£1.35', '£1.23/100g']",1.35,£1.23/100g
8973,Prymat Sweet Paprika 20G,https://www.tesco.com/groceries/en-GB/products/267584066,1687615597.6783638,"['£0.40', '£0.20/10g']",0.4,£0.20/10g
8974,Tesco Peeled New Potatoes In Water 300G,https://www.tesco.com/groceries/en-GB/products/305986437,1687615597.757128,"['£0.60', '£3.33/kg DR.WT']",0.6,£3.33/kg DR.WT
8975,Tesco Free From Onion Rings 150G,https://www.tesco.com/groceries/en-GB/products/304410418,1687615597.8293781,"['£1.10', '£0.73/100g']",1.1,£0.73/100g
8976,Filippo Berio Extra Virgin Olive Oil 1Ltr,https://www.tesco.com/groceries/en-GB/products/253628953,1687615597.8966348,"['£10.40', '£1.04/100ml']",10.4,£1.04/100ml
8977,Carmel Selected Cabernet Sauvignon 2014 750Ml,https://www.tesco.com/groceries/en-GB/products/291623618,1687615597.9784052,"['£10.50', '£10.50/75cl']",10.5,£10.50/75cl
8978,Lindt Lindor Limited Edition 337G,https://www.tesco.com/groceries/en-GB/products/293378860,1687615598.046366,"['£9.50', '£2.82/100g']",9.5,£2.82/100g
8979,Dolmio Pasta Twists 200G,https://www.tesco.com/groceries/en-GB/products/260042333,1687615598.113874,"['£2.20', '£11.00/kg']",2.2,£11.00/kg
8980,Bisto Best Onion Gravy 230G,https://www.tesco.com/groceries/en-GB/products/312109332,1687615598.181835,"['£4.00', '£1.74/100g']",4.0,£1.74/100g
8981,Kedem Kiddush Wine 750Ml,https://www.tesco.com/groceries/en-GB/products/250118041,1687615598.249561,"['£8.00', '£8.00/75cl']",8.0,£8.00/75cl
8982,Tesco Finest Salted Caramel Sauce 250G,https://www.tesco.com/groceries/en-GB/products/300345916,1687615598.3186822,"['£2.90', '£1.16/100g']",2.9,£1.16/100g
8983,Organix Banana & Date 6 X 17G,https://www.tesco.com/groceries/en-GB/products/287001289,1687615598.407753,"['£2.50', '£2.45/100g']",2.5,£2.45/100g
8984,Dr Oetker Fine Cooks Chocolate Extra Dark 150G,https://www.tesco.com/groceries/en-GB/products/273714325,1687615598.478863,"['£2.00', '£1.33/100g']",2.0,£1.33/100g
8985,Tesco Organic Ground Almonds 100G,https://www.tesco.com/groceries/en-GB/products/309456984,1687615598.556115,"['£2.40', '£24.00/kg']",2.4,£24.00/kg
8986,Whole Earth Organic Smooth Peanut Butter 340G,https://www.tesco.com/groceries/en-GB/products/263013605,1687615598.6229,"['£3.60', '£1.06/100g']",3.6,£1.06/100g
8987,Fray Bentos Just Chicken Pie 425G,https://www.tesco.com/groceries/en-GB/products/277588185,1687615598.690732,"['£3.25', '£7.65/kg']",3.25,£7.65/kg
8988,Tesco Finest Vegetable Stock 450Ml,https://www.tesco.com/groceries/en-GB/products/278757047,1687615598.7814112,"['£2.00', '£0.44/100ml']",2.0,£0.44/100ml
8989,Fibre One Birthday Cake 5X24g Pack 120G,https://www.tesco.com/groceries/en-GB/products/305916683,1687615598.8477151,"['£2.60', '£2.17/100g']",2.6,£2.17/100g
8990,Tesco Teriyaki Sauce 150Ml,https://www.tesco.com/groceries/en-GB/products/262516473,1687615598.915661,"['£1.50', '£1.00/100ml']",1.5,£1.00/100ml
8991,Tesco Ingredients Ginger & Garlic Paste 95G,https://www.tesco.com/groceries/en-GB/products/273912764,1687615599.024096,"['£1.50', '£15.79/kg']",1.5,£15.79/kg
8992,Tesco Honey Nut Clusters 500G,https://www.tesco.com/groceries/en-GB/products/275907768,1687615599.093143,"['£2.15', '£0.43/100g']",2.15,£0.43/100g
8993,Nature's Finest Peach In Juice 700G,https://www.tesco.com/groceries/en-GB/products/283996545,1687615599.163003,"['£2.75', '£7.05/kg DR.WT']",2.75,£7.05/kg DR.WT
8994,Dole Fruit Mandarins In Orange Jelly 4X123g,https://www.tesco.com/groceries/en-GB/products/252017140,1687615599.235242,"['£2.20', '£0.45/100g']",2.2,£0.45/100g
8995,Ocean Spray Tartare Sauce 215G,https://www.tesco.com/groceries/en-GB/products/304393178,1687615599.3041081,"['£1.65', '£0.77/100g']",1.65,£0.77/100g
8996,Princes Black Cherry Fruit Filling 410G,https://www.tesco.com/groceries/en-GB/products/276701416,1687615599.3708239,"['£1.60', '£3.90/kg']",1.6,£3.90/kg
8997,Mornflake Mighty Creamy Superfast Oats 1.25Kg,https://www.tesco.com/groceries/en-GB/products/301391980,1687615599.440744,"['£1.95', '£0.16/100g']",1.95,£0.16/100g
8998,Tesco Smokey Spice 30G,https://www.tesco.com/groceries/en-GB/products/292761959,1687615599.513514,"['£0.85', '£2.83/100g']",0.85,£2.83/100g
8999,Ambrosia Light Rice Pudding 150G,https://www.tesco.com/groceries/en-GB/products/297609270,1687615599.580042,"['£0.95', '£0.63/100g']",0.95,£0.63/100g
9000,Swizzels Luscious Lollies 176G,https://www.tesco.com/groceries/en-GB/products/311780781,1687615599.648038,"['£1.15', '£0.65/100g']",1.15,£0.65/100g
9001,Tesco Organic Passata 500G,https://www.tesco.com/groceries/en-GB/products/271529663,1687615599.7164009,"['£1.20', '£2.40/kg']",1.2,£2.40/kg
9002,Kingfisher Bean Sprouts 410G,https://www.tesco.com/groceries/en-GB/products/277064338,1687615599.784831,"['£1.15', '£0.28/100g']",1.15,£0.28/100g
9003,Fox's Biscuits Chocolatey Orange Rounds 130G,https://www.tesco.com/groceries/en-GB/products/312842626,1687615599.851993,"['£1.85', '£1.42/100g']",1.85,£1.42/100g
9004,Squares Salt & Vinegar 40G,https://www.tesco.com/groceries/en-GB/products/294350141,1687615599.9202151,"['£1.00', '£2.50/100g']",1.0,£2.50/100g
9005,Walkers Cheese & Onion Crisps 45G,https://www.tesco.com/groceries/en-GB/products/308467863,1687615600.037406,"['£1.00', '£2.22/100g']",1.0,£2.22/100g
9006,Tesco Free From Vegetable Gravy 170G,https://www.tesco.com/groceries/en-GB/products/291359833,1687615600.1889012,"['£1.50', '£0.88/100g']",1.5,£0.88/100g
9007,Batchelors Super Noodle Pot Curry 75G,https://www.tesco.com/groceries/en-GB/products/295870658,1687615600.2614589,"['£1.00', '£13.33/kg']",1.0,£13.33/kg
9008,Heverlee Belgian Lager 660Ml Bottle,https://www.tesco.com/groceries/en-GB/products/297673946,1687615600.3299131,"['£2.00', '£3.03/litre']",2.0,£3.03/litre
9009,Vita Lemon Tea Drink 250Ml,https://www.tesco.com/groceries/en-GB/products/293229057,1687615600.436625,"['£0.90', '£0.36/100ml']",0.9,£0.36/100ml
9010,Prymat Breadcrumbs 400G,https://www.tesco.com/groceries/en-GB/products/263190209,1687615600.506686,"['£1.00', '£0.25/100g']",1.0,£0.25/100g
9011,Tesco Freeze Dried Tarragon 6G,https://www.tesco.com/groceries/en-GB/products/268595380,1687615600.581493,"['£0.90', '£1.50/10g']",0.9,£1.50/10g
9012,Barratts Jumbo Soft Nougat 100G,https://www.tesco.com/groceries/en-GB/products/271372236,1687615600.6477172,"['£0.75', '£0.75/100g']",0.75,£0.75/100g
9013,Tesco 10 Beef Stock Cubes 100G,https://www.tesco.com/groceries/en-GB/products/264546036,1687615600.7234938,"['£0.75', '£0.75/100g']",0.75,£0.75/100g
9014,Mrs Crimbles 6 Gluten Free Vegan Chocolate Macaroon 195G,https://www.tesco.com/groceries/en-GB/products/304377434,1687615600.796331,"['£1.40', '£0.72/100g']",1.4,£0.72/100g
9015,Tesco Viennese Half Coated Swirl 135G,https://www.tesco.com/groceries/en-GB/products/294779596,1687615600.924549,"['£1.15', '£0.85/100g']",1.15,£0.85/100g
9016,Tesco Tomato And Herb Pasta And Sauce 120G,https://www.tesco.com/groceries/en-GB/products/284590136,1687615601.001321,"['£0.65', '£5.42/kg']",0.65,£5.42/kg
9017,Schar Wholesome Vitality Loaf Gluten Free 350G,https://www.tesco.com/groceries/en-GB/products/293673002,1687615606.723428,"['£3.00', '£0.86/100g']",3.0,£0.86/100g
9018,Kp Unsalted Peanuts 250G,https://www.tesco.com/groceries/en-GB/products/299581631,1687615606.800364,"['£3.00', '£12.00/kg']",3.0,£12.00/kg
9020,Lee Kum Kee Premium Dark Soy Sauce 500Ml,https://www.tesco.com/groceries/en-GB/products/276732425,1687615606.965549,"['£2.30', '£0.46/100ml']",2.3,£0.46/100ml
9021,Nutella Biscuits 20 Pieces 276G,https://www.tesco.com/groceries/en-GB/products/308098775,1687615607.034575,"['£3.35', '£1.21/100g']",3.35,£1.21/100g
9023,Wrigley's Extra Cool Breeze 6X10 Pieces 84G,https://www.tesco.com/groceries/en-GB/products/302318762,1687615607.210998,"['£2.75', '£3.27/100g']",2.75,£3.27/100g
9024,Baxters Vegetarian Mediterranean Tomato Soup 400G,https://www.tesco.com/groceries/en-GB/products/267196596,1687615607.2783842,"['£2.00', '£0.50/100g']",2.0,£0.50/100g
9025,Itsu Satay Rice Noodle Cup 64G,https://www.tesco.com/groceries/en-GB/products/300513804,1687615607.350652,"['£1.85', '£28.91/kg']",1.85,£28.91/kg
9027,Tesco Swiss Style Muesli 1Kg,https://www.tesco.com/groceries/en-GB/products/265537011,1687615607.524043,"['£2.40', '£0.24/100g']",2.4,£0.24/100g
9028,Nomo Free From Chocolate Bar 85G,https://www.tesco.com/groceries/en-GB/products/303666318,1687615607.594572,"['£2.10', '£2.47/100g']",2.1,£2.47/100g
9029,Jordans Country Crisp Honey Nut 500G,https://www.tesco.com/groceries/en-GB/products/268612240,1687615607.6630778,"['£1.99', '£0.40/100g']",1.99,£0.40/100g
9030,Dole Fruit Bowl Mandarins In Juice 4 X 113G,https://www.tesco.com/groceries/en-GB/products/255937025,1687615607.732221,"['£2.20', '£0.81/100g DR.WT']",2.2,£0.81/100g DR.WT
9031,Cadbury Snack Sandwich 6 Pack 132G,https://www.tesco.com/groceries/en-GB/products/281318333,1687615607.801901,"['£2.00', '£1.52/100g']",2.0,£1.52/100g
9032,Nestle Polo Tube Multipack 4 X 34G,https://www.tesco.com/groceries/en-GB/products/288953675,1687615607.874696,"['£1.75', '£1.29/100g']",1.75,£1.29/100g
9033,Tesco Finest Quadruple Chocolate Cookies 200G,https://www.tesco.com/groceries/en-GB/products/255418640,1687615607.947316,"['£2.00', '£1.00/100g']",2.0,£1.00/100g
9034,Tesco Chicken Tikka Masala 392G,https://www.tesco.com/groceries/en-GB/products/307752613,1687615608.015293,"['£2.40', '£6.12/kg']",2.4,£6.12/kg
9035,Tilda Microwave Indonesian Fried Rice 250G,https://www.tesco.com/groceries/en-GB/products/311807348,1687615608.0821671,"['£1.25', '£5.00/kg']",1.25,£5.00/kg
9036,Ben's Original Mushroom Microwave Rice 250G,https://www.tesco.com/groceries/en-GB/products/309164010,1687615608.1470132,"['£1.40', '£5.60/kg']",1.4,£5.60/kg
9037,Ms. Mollys Ready To Roll White Icing 1Kg,https://www.tesco.com/groceries/en-GB/products/309461689,1687615608.2138062,"['£1.69', '£0.17/100g']",1.69,£0.17/100g
9038,Yo! Aromatic Katsu Curry Sauce Mix 40G,https://www.tesco.com/groceries/en-GB/products/308868711,1687615608.284079,"['£1.10', '£2.75/100g']",1.1,£2.75/100g
9039,Fruittella Strawberry Sweets 4X41g,https://www.tesco.com/groceries/en-GB/products/277945569,1687615608.389411,"['£1.45', '£0.88/100g']",1.45,£0.88/100g
9040,Cadbury Milk Chocolate Orange Fingers 114G,https://www.tesco.com/groceries/en-GB/products/306927207,1687615608.457515,"['£1.70', '£1.49/100g']",1.7,£1.49/100g
9041,Bolands Fig Rolls 200G,https://www.tesco.com/groceries/en-GB/products/272052372,1687615608.52588,"['£1.10', '£0.55/100g']",1.1,£0.55/100g
9042,Hartleys Sugar Free Lemon & Lime Jelly 23G,https://www.tesco.com/groceries/en-GB/products/262188451,1687615608.594362,"['£1.20', '£5.22/100g']",1.2,£5.22/100g
9043,Old El Paso Crispyckn Fajita Spice Mix 85G,https://www.tesco.com/groceries/en-GB/products/267681008,1687615608.661922,"['£1.00', '£1.18/100g']",1.0,£1.18/100g
9044,Schwartz Authentic Mix For Lasagne 36G,https://www.tesco.com/groceries/en-GB/products/254882608,1687615608.733723,"['£0.95', '£2.64/100g']",0.95,£2.64/100g
9045,Schwtz Authentic Mix Somerset Pork 36G,https://www.tesco.com/groceries/en-GB/products/255887509,1687615608.8256168,"['£0.95', '£2.64/100g']",0.95,£2.64/100g
9046,Milkybar White Chocolate Buttons Bag,https://www.tesco.com/groceries/en-GB/products/257245057,1687615608.914996,"['£0.75', '£2.50/100g']",0.75,£2.50/100g
9047,Munchies Pouch Bag 104G,https://www.tesco.com/groceries/en-GB/products/300227135,1687615609.025343,"['£1.25', '£1.20/100g']",1.25,£1.20/100g
9048,Tesco Fizzy Bubblegum Lances 75G,https://www.tesco.com/groceries/en-GB/products/279906262,1687615609.092254,"['£0.70', '£0.93/100g']",0.7,£0.93/100g
9049,Schwartz Mushroom Strogonoff Mix 35G,https://www.tesco.com/groceries/en-GB/products/257375248,1687615609.1615648,"['£0.95', '£2.71/100g']",0.95,£2.71/100g
9050,Tesco Snack Pack Mango 35G,https://www.tesco.com/groceries/en-GB/products/302685683,1687615609.253948,"['£1.00', '£28.57/kg']",1.0,£28.57/kg
9051,Tesco Finest Cold Press Rapeseed Oil 500Ml,https://www.tesco.com/groceries/en-GB/products/274132044,1687615609.384237,"['£3.95', '£0.79/100ml']",3.95,£0.79/100ml
9052,Tesco Pine Nuts 150G,https://www.tesco.com/groceries/en-GB/products/271063176,1687615609.46443,"['£5.40', '£36.00/kg']",5.4,£36.00/kg
9053,Rowse Squeezy Light & Mild Honey 340G,https://www.tesco.com/groceries/en-GB/products/267259256,1687615609.53581,"['£3.00', '£0.88/100g']",3.0,£0.88/100g
9054,Splenda Low Calorie Sweetener Granulated 125G,https://www.tesco.com/groceries/en-GB/products/261149488,1687615609.631296,"['£3.00', '£24.00/kg']",3.0,£24.00/kg
9055,Goldfish Chinese Curry Sauce Concentrate 405G,https://www.tesco.com/groceries/en-GB/products/263414246,1687615609.711756,"['£2.75', '£0.68/100g']",2.75,£0.68/100g
9056,Nandos Medium Peri Peri Sauce 125G,https://www.tesco.com/groceries/en-GB/products/251262345,1687615609.7903192,"['£2.25', '£1.80/100g']",2.25,£1.80/100g
9057,Tiptree Ploughmans Plum Chutney 210G,https://www.tesco.com/groceries/en-GB/products/287873811,1687615609.873183,"['£2.65', '£1.26/100g']",2.65,£1.26/100g
9058,Schwartz Ground Cinnamon 39G,https://www.tesco.com/groceries/en-GB/products/301392397,1687615609.942373,"['£2.00', '£51.28/kg']",2.0,£51.28/kg
9059,Tesco Finest Apricot Conserve 340G,https://www.tesco.com/groceries/en-GB/products/251736217,1687615610.0441148,"['£2.40', '£0.71/100g']",2.4,£0.71/100g
9060,Monty Bojangles Vegan Selection Truffles 135G,https://www.tesco.com/groceries/en-GB/products/311668949,1687615610.1771672,"['£3.50', '£2.59/100g']",3.5,£2.59/100g
9061,Alpro Coconut No Sugars Long Life Drink 1 Litre,https://www.tesco.com/groceries/en-GB/products/303917339,1687615610.2980428,"['£2.10', '£2.10/litre']",2.1,£2.10/litre
9062,Sharwoods Korma 30% Less Fat Cooking Sauce 420G,https://www.tesco.com/groceries/en-GB/products/297117788,1687615610.364862,"['£2.80', '£0.67/100g']",2.8,£0.67/100g
9063,Fragata Low Salt Anchovy Stuffed Olives 350G,https://www.tesco.com/groceries/en-GB/products/268682036,1687615610.437885,"['£2.00', '£1.33/100g DR.WT']",2.0,£1.33/100g DR.WT
9064,Dr Karg Organic Cheese & Pumpkin Seed Crisp Bread 200G,https://www.tesco.com/groceries/en-GB/products/260391973,1687615610.541225,"['£2.50', '£1.25/100g']",2.5,£1.25/100g
9065,Bear Pure Fruit Yoyo Mango 5 X 20G,https://www.tesco.com/groceries/en-GB/products/284982669,1687615617.3047419,"['£2.85', '£2.85/100g']",2.85,£2.85/100g
9066,Kinder Bueno Chocolate Wafer Bars 10 X 43G,https://www.tesco.com/groceries/en-GB/products/306955876,1687615617.532646,"['£5.00', '£1.16/100g']",5.0,£1.16/100g
9067,Trek Salted Caramel Protein Flapjacks 3X50g,https://www.tesco.com/groceries/en-GB/products/304383599,1687615617.61097,"['£3.00', '£2.00/100g']",3.0,£2.00/100g
9068,Fruit Factory 4 Flavour Fruit Twists 5 X 18G,https://www.tesco.com/groceries/en-GB/products/312085491,1687615617.707119,"['£2.35', '£26.11/kg']",2.35,£26.11/kg
9069,Whitworths Banana Chips 175G,https://www.tesco.com/groceries/en-GB/products/267718819,1687615617.798423,"['£2.00', '£11.43/kg']",2.0,£11.43/kg
9070,Allinson's Country Grain Bread Flour 1Kg,https://www.tesco.com/groceries/en-GB/products/306822170,1687615617.8970618,"['£2.00', '£2.00/kg']",2.0,£2.00/kg
9071,Tesco Ginger Paste 90G,https://www.tesco.com/groceries/en-GB/products/278392783,1687615617.9737148,"['£1.50', '£16.67/kg']",1.5,£16.67/kg
9072,Nestle Shreddies The Honey One Cereal 460G,https://www.tesco.com/groceries/en-GB/products/310179032,1687615618.04867,"['£2.25', '£0.49/100g']",2.25,£0.49/100g
9073,Heinz Tomato & Basil Cup Soup 88G,https://www.tesco.com/groceries/en-GB/products/287966483,1687615618.121214,"['£1.50', '£1.70/100g']",1.5,£1.70/100g
9074,Eat Natural Protein Packed With Salted Caramel 3X45g,https://www.tesco.com/groceries/en-GB/products/305980841,1687615618.242107,"['£2.35', '£1.74/100g']",2.35,£1.74/100g
9075,Dole Fruit Salad With Cherry 4X113g,https://www.tesco.com/groceries/en-GB/products/289600026,1687615618.340939,"['£2.20', '£0.85/100g DR.WT']",2.2,£0.85/100g DR.WT
9076,Ambrosia Creamed Rice Sultanas & Nutmeg 400G Tin,https://www.tesco.com/groceries/en-GB/products/271245404,1687615618.413743,"['£2.20', '£0.55/100g']",2.2,£0.55/100g
9077,Tesco Fennel Seeds 36G,https://www.tesco.com/groceries/en-GB/products/287851739,1687615618.4893272,"['£0.90', '£0.25/10g']",0.9,£0.25/10g
9078,Tesco Whole Cumin Seeds 37G,https://www.tesco.com/groceries/en-GB/products/251622761,1687615618.558816,"['£0.90', '£0.24/10g']",0.9,£0.24/10g
9079,Swizzels Curious Chews 171G,https://www.tesco.com/groceries/en-GB/products/311445194,1687615618.627264,"['£1.15', '£0.67/100g']",1.15,£0.67/100g
9080,Loacker Classic Double Chocolate Wafers 90G,https://www.tesco.com/groceries/en-GB/products/313968234,1687615618.698588,"['£1.10', '£1.22/100g']",1.1,£1.22/100g
9081,Loacker Classic Vanilla Wafers 90G,https://www.tesco.com/groceries/en-GB/products/314097295,1687615618.7644968,"['£1.10', '£1.22/100g']",1.1,£1.22/100g
9082,Walkers Giant Monster Munch Roast Beef 85G,https://www.tesco.com/groceries/en-GB/products/305839519,1687615618.831137,"['£2.50', '£2.94/100g']",2.5,£2.94/100g
9083,Tesco Dark Chocolate Salted Caramel 100G,https://www.tesco.com/groceries/en-GB/products/308102731,1687615618.926412,"['£1.15', '£1.15/100g']",1.15,£1.15/100g
9084,Fruittella Juicy Chews 170G ..,https://www.tesco.com/groceries/en-GB/products/300639241,1687615618.992001,"['£1.50', '£0.88/100g']",1.5,£0.88/100g
9085,Tesco Straight To Wok Udon Noodles 300G,https://www.tesco.com/groceries/en-GB/products/276056557,1687615619.059584,"['£1.00', '£3.33/kg']",1.0,£3.33/kg
9086,Skittles Fruits Chewies 137G,https://www.tesco.com/groceries/en-GB/products/311258922,1687615619.133069,"['£0.99', '£0.72/100g']",0.99,£0.72/100g
9087,Tesco Birds Eye Chilli Flakes 32G,https://www.tesco.com/groceries/en-GB/products/304395648,1687615619.203871,"['£0.90', '£28.12/kg']",0.9,£28.12/kg
9088,Tesco Salted Caramel Fudge 125G,https://www.tesco.com/groceries/en-GB/products/302317059,1687615619.271893,"['£1.20', '£0.96/100g']",1.2,£0.96/100g
9089,Pataks Madras Spice Paste Medium Hot Jar 283G,https://www.tesco.com/groceries/en-GB/products/254869435,1687615619.341194,"['£3.25', '£1.15/100g']",3.25,£1.15/100g
9090,Oxo 24S Chicken Stock Cubes 142G,https://www.tesco.com/groceries/en-GB/products/257872472,1687615619.409452,"['£3.10', '£2.18/100g']",3.1,£2.18/100g
9091,Aspall Organic Cyder Vinegar 350Ml,https://www.tesco.com/groceries/en-GB/products/268510850,1687615619.4848151,"['£2.05', '£0.59/100ml']",2.05,£0.59/100ml
9092,Tesco Free From 5 Chocolate Cake Slices,https://www.tesco.com/groceries/en-GB/products/304785924,1687615619.553268,"['£2.50', '£2.50/each']",2.5,£2.50/each
9093,Nurishment The Original Flavoured Chocolate Drink 370Ml,https://www.tesco.com/groceries/en-GB/products/271113187,1687615619.624552,"['£1.55', '£0.42/100ml']",1.55,£0.42/100ml
9094,Bear Pure Fruit Yoyo Apple 5 X 20G,https://www.tesco.com/groceries/en-GB/products/284983000,1687615619.6911628,"['£2.85', '£2.85/100g']",2.85,£2.85/100g
9095,Tesco Finest Basil Pesto 190G,https://www.tesco.com/groceries/en-GB/products/266578922,1687615619.77938,"['£2.10', '£1.10/100g']",2.1,£1.10/100g
9096,Baxters Favourite Royal Game Soup 400G,https://www.tesco.com/groceries/en-GB/products/268592498,1687615619.846205,"['£1.90', '£0.48/100g']",1.9,£0.48/100g
9097,Crespo Pitted Black Olives 354G,https://www.tesco.com/groceries/en-GB/products/264353195,1687615619.9119658,"['£1.80', '£1.12/100g DR.WT']",1.8,£1.12/100g DR.WT
9098,Lindt Cranberry Almond & Hazelnut Dark Chocolate Bar 100G,https://www.tesco.com/groceries/en-GB/products/302319559,1687615619.9843671,"['£2.45', '£2.45/100g']",2.45,£2.45/100g
9099,Tesco Roasted &Salted Cashew Nuts 350G,https://www.tesco.com/groceries/en-GB/products/268285067,1687615620.081277,"['£4.35', '£12.43/kg']",4.35,£12.43/kg
9100,Alpro This Is Not M*Lk Semi Oat Drink 1 Litre,https://www.tesco.com/groceries/en-GB/products/310150238,1687615620.147865,"['£2.00', '£2.00/litre']",2.0,£2.00/litre
9101,Cornish Sea Salt Flakes 150G,https://www.tesco.com/groceries/en-GB/products/302288208,1687615620.216661,"['£1.75', '£11.67/kg']",1.75,£11.67/kg
9102,Biona Organic Black Beans 400G,https://www.tesco.com/groceries/en-GB/products/306827389,1687615620.328777,"['£1.60', '£6.67/kg DR.WT']",1.6,£6.67/kg DR.WT
9103,Crosse & Blackwell Butternut Squash & Sage Soup 400G,https://www.tesco.com/groceries/en-GB/products/307745334,1687615620.396401,"['£1.25', '£0.31/100g']",1.25,£0.31/100g
9104,Nando's Bag And Bake Medium 20G,https://www.tesco.com/groceries/en-GB/products/301454463,1687615620.4648771,"['£1.35', '£6.75/100g']",1.35,£6.75/100g
9105,Heinz Beanz Curry 390G,https://www.tesco.com/groceries/en-GB/products/275184625,1687615620.548307,"['£1.80', '£4.62/kg']",1.8,£4.62/kg
9106,Mars Milky Way 15 Fun Size Chocolate Bars Multipack 15 X 16.7g,https://www.tesco.com/groceries/en-GB/products/311678851,1687615620.620971,"['£3.50', '£1.40/100g']",3.5,£1.40/100g
9107,Ferrero Raffaello Coconut & Almond Pralines 230G,https://www.tesco.com/groceries/en-GB/products/309182558,1687615620.688854,"['£3.99', '£1.74/100g']",3.99,£1.74/100g
9108,Tyrrells Lentil Crisps Sour Cream & Onion 80G,https://www.tesco.com/groceries/en-GB/products/311278086,1687615620.766678,"['£2.00', '£2.50/100g']",2.0,£2.50/100g
9109,Ambrosia Light Devon Custard 150G,https://www.tesco.com/groceries/en-GB/products/297609650,1687615620.863544,"['£0.95', '£0.63/100g']",0.95,£0.63/100g
9110,Princes Peaches Diced Fruit Pots 2X120g,https://www.tesco.com/groceries/en-GB/products/308449695,1687615620.930198,"['£1.70', '£12.14/kg DR.WT']",1.7,£12.14/kg DR.WT
9111,Tahira Halal Chicken Frankfurters 10S 340G,https://www.tesco.com/groceries/en-GB/products/270951866,1687615620.994604,"['£1.60', '£4.71/kg']",1.6,£4.71/kg
9112,East End Ground Cumin Powder 100G,https://www.tesco.com/groceries/en-GB/products/259741019,1687615626.520524,"['£1.20', '£0.12/10g']",1.2,£0.12/10g
9113,Tyskie Polish Lager 650Ml,https://www.tesco.com/groceries/en-GB/products/290696187,1687615626.59548,"['£2.30', '£3.54/litre']",2.3,£3.54/litre
9114,Cadbury Dairy Milk Crunchie Bits Milk Chocolate Bar 180G,https://www.tesco.com/groceries/en-GB/products/311208280,1687615626.6892328,"['£2.00', '£1.11/100g']",2.0,£1.11/100g
9115,4Move Active Magnesium Vitamin Drink 250Ml,https://www.tesco.com/groceries/en-GB/products/298576956,1687615626.762141,"['£0.60', '£0.24/100ml']",0.6,£0.24/100ml
9116,Naked Rice Malaysian Curry Pot 78G,https://www.tesco.com/groceries/en-GB/products/300497200,1687615626.832902,"['£1.20', '£15.38/kg']",1.2,£15.38/kg
9117,Mars Twix White Biscuit Twin Chocolate Bars Multipack 4 X 46g,https://www.tesco.com/groceries/en-GB/products/309775168,1687615626.911586,"['£1.65', '£0.90/100g']",1.65,£0.90/100g
9118,Mccoy's Flame Grilled Steak Grab Bag 45G,https://www.tesco.com/groceries/en-GB/products/311271859,1687615626.98437,"['£1.00', '£2.22/100g']",1.0,£2.22/100g
9119,Tesco Free From Shortbread 160G,https://www.tesco.com/groceries/en-GB/products/304378272,1687615627.1024342,"['£1.80', '£1.12/100g']",1.8,£1.12/100g
9120,Tesco Mushroom & Croutons Soup In A Mug 5 Pack 130G,https://www.tesco.com/groceries/en-GB/products/297132320,1687615627.169055,"['£0.90', '£0.69/100g']",0.9,£0.69/100g
9121,Oreo Twists Vanilla & Caramel Flavoured Biscuit 157G,https://www.tesco.com/groceries/en-GB/products/311801429,1687615627.23617,"['£1.20', '£0.76/100g']",1.2,£0.76/100g
9122,Schwartz One Pan Italian Cheesy Chicken & Garlic Pasta 32G,https://www.tesco.com/groceries/en-GB/products/308108195,1687615627.3290508,"['£0.95', '£2.97/100g']",0.95,£2.97/100g
9123,Schwartz One Pan Spanish Chicken & Rice 30G,https://www.tesco.com/groceries/en-GB/products/305438049,1687615627.429478,"['£0.95', '£3.17/100g']",0.95,£3.17/100g
9124,Cadbury White Giant Buttons 110G,https://www.tesco.com/groceries/en-GB/products/306950893,1687615627.52178,"['£1.35', '£1.23/100g']",1.35,£1.23/100g
9125,Maggi So Juicy Garlic For Chicken 30G,https://www.tesco.com/groceries/en-GB/products/274791841,1687615627.65121,"['£0.70', '£2.33/100g']",0.7,£2.33/100g
9126,Twix Chocolate Bar 75G,https://www.tesco.com/groceries/en-GB/products/282539902,1687615627.723231,"['£0.90', '£1.20/100g']",0.9,£1.20/100g
9127,Lindt Lindor Milk Mint 200G,https://www.tesco.com/groceries/en-GB/products/297738842,1687615627.837975,"['£6.00', '£3.00/100g']",6.0,£3.00/100g
9128,Tesco Dark Brown Soft Sugar 1Kg Bag,https://www.tesco.com/groceries/en-GB/products/256775669,1687615627.914033,"['£3.00', '£3.00/kg']",3.0,£3.00/kg
9129,Rowse Squeezy Organic Honey 340G,https://www.tesco.com/groceries/en-GB/products/267234389,1687615627.981735,"['£3.50', '£1.03/100g']",3.5,£1.03/100g
9130,Nando's Perinaise Hot 465G,https://www.tesco.com/groceries/en-GB/products/306945709,1687615628.048767,"['£3.50', '£0.75/100g']",3.5,£0.75/100g
9131,Aasani Roasted & Salted Jumbo Pistachios 500G,https://www.tesco.com/groceries/en-GB/products/280906192,1687615628.119508,"['£7.35', '£14.70/kg']",7.35,£14.70/kg
9132,Dolmio Bolognese Chunky Mushroom Pasta Sauce 500G,https://www.tesco.com/groceries/en-GB/products/253538915,1687615628.209305,"['£2.50', '£0.50/100g']",2.5,£0.50/100g
9133,The Foraging Fox Avocado & Lemon Mayonnaise 240G,https://www.tesco.com/groceries/en-GB/products/314318824,1687615628.277897,"['£3.50', '£1.46/100g']",3.5,£1.46/100g
9134,Tesco Korma Curry Paste 200G,https://www.tesco.com/groceries/en-GB/products/280364342,1687615628.397432,"['£2.10', '£1.05/100g']",2.1,£1.05/100g
9135,Ferrero Collection 12 Pieces Boxed Chocolates 135G,https://www.tesco.com/groceries/en-GB/products/306816108,1687615628.466819,"['£5.25', '£3.89/100g']",5.25,£3.89/100g
9136,Schwartz Garlic Granules 50G,https://www.tesco.com/groceries/en-GB/products/301392437,1687615628.5607302,"['£2.00', '£40.00/kg']",2.0,£40.00/kg
9137,Tesco Finest British Bramley Apple Sauce With Cider 200G,https://www.tesco.com/groceries/en-GB/products/279232684,1687615628.652761,"['£1.90', '£0.95/100g']",1.9,£0.95/100g
9138,Schwartz Cinnamon Sticks 13G,https://www.tesco.com/groceries/en-GB/products/254918672,1687615628.7236469,"['£2.00', '£153.85/kg']",2.0,£153.85/kg
9139,Blue Dragon Thai Green Curry Paste 170G,https://www.tesco.com/groceries/en-GB/products/312999509,1687615628.8136342,"['£2.30', '£1.35/100g']",2.3,£1.35/100g
9140,Heinz Mayomust Mayonnaise Mustard Sauce 400G,https://www.tesco.com/groceries/en-GB/products/313835357,1687615628.880776,"['£3.40', '£0.85/100g']",3.4,£0.85/100g
9141,Heinz Mayoracha Mayonnaise Sriracha Sauce 400G,https://www.tesco.com/groceries/en-GB/products/313742386,1687615628.948137,"['£3.40', '£0.85/100g']",3.4,£0.85/100g
9142,Baxters Favourite Highlander Broth Soup 400G,https://www.tesco.com/groceries/en-GB/products/267193908,1687615629.018034,"['£1.90', '£0.48/100g']",1.9,£0.48/100g
9143,Tesco Free From Original Porridge Pot 55G,https://www.tesco.com/groceries/en-GB/products/293163525,1687615629.085804,"['£0.90', '£1.64/100g']",0.9,£1.64/100g
9144,Baxters Vegetarian Puy Lentil & Tomato 400G,https://www.tesco.com/groceries/en-GB/products/284742113,1687615629.157287,"['£2.00', '£0.50/100g']",2.0,£0.50/100g
9145,Hellmann's Light Mayonnaise 580Ml,https://www.tesco.com/groceries/en-GB/products/314299237,1687615629.2242439,"['£3.50', '£0.60/100ml']",3.5,£0.60/100ml
9146,Hellmann's Real Mayonnaise 580Ml,https://www.tesco.com/groceries/en-GB/products/314419463,1687615629.3581991,"['£3.50', '£0.60/100ml']",3.5,£0.60/100ml
9147,Tesco Miso Paste 100G,https://www.tesco.com/groceries/en-GB/products/304368111,1687615629.449721,"['£1.50', '£0.15/10g']",1.5,£0.15/10g
9148,Laciate Milk 3.2% 1 Litre,https://www.tesco.com/groceries/en-GB/products/263294513,1687615629.5164769,"['£1.20', '£1.20/litre']",1.2,£1.20/litre
9149,Eat Real Veggie Straws 113G,https://www.tesco.com/groceries/en-GB/products/308466569,1687615629.585927,"['£2.00', '£1.77/100g']",2.0,£1.77/100g
9150,Finn Crisp Original Slims 200G,https://www.tesco.com/groceries/en-GB/products/254926506,1687615629.670055,"['£1.40', '£0.70/100g']",1.4,£0.70/100g
9151,Merchant Gourmet Spanish-Style Grains/Rice 250G,https://www.tesco.com/groceries/en-GB/products/293045988,1687615629.740819,"['£2.00', '£8.00/kg']",2.0,£8.00/kg
9152,Tesco Finest Parmesan & Garlic Twists 100G,https://www.tesco.com/groceries/en-GB/products/310179458,1687615629.8329651,"['£1.85', '£1.85/100g']",1.85,£1.85/100g
9153,Tesco French Toast 200G,https://www.tesco.com/groceries/en-GB/products/266291362,1687615629.898763,"['£1.35', '£0.68/100g']",1.35,£0.68/100g
9154,Ambrosia Tapioca 385G,https://www.tesco.com/groceries/en-GB/products/274550188,1687615629.9744399,"['£1.85', '£0.48/100g']",1.85,£0.48/100g
9155,Bran Flakes 500G,https://www.tesco.com/groceries/en-GB/products/301393718,1687615630.048425,"['£2.25', '£0.45/100g']",2.25,£0.45/100g
9156,Galaxy Cookies 180G,https://www.tesco.com/groceries/en-GB/products/297544092,1687615630.1140869,"['£2.00', '£1.11/100g']",2.0,£1.11/100g
9157,Tesco Multigrain Meteors 350G,https://www.tesco.com/groceries/en-GB/products/308498716,1687615630.18061,"['£1.60', '£0.46/100g']",1.6,£0.46/100g
9158,Swizzels Drumsticks Squashies Rhubarb Custard Flavoured 160G,https://www.tesco.com/groceries/en-GB/products/309747824,1687615630.2475038,"['£1.15', '£0.72/100g']",1.15,£0.72/100g
9159,Batchelors Cup A Soup Szechuan 4 Sachets 92G,https://www.tesco.com/groceries/en-GB/products/308083959,1687615630.319211,"['£1.50', '£1.63/100g']",1.5,£1.63/100g
9160,Tesco Reduced Fat French Dressing 250Ml,https://www.tesco.com/groceries/en-GB/products/300577342,1687615638.7019,"['£1.00', '£0.40/100ml']",1.0,£0.40/100ml
9161,Hula Hoops Big Hoops Salted Grab Bag 45G,https://www.tesco.com/groceries/en-GB/products/311441267,1687615638.777668,"['£1.00', '£2.22/100g']",1.0,£2.22/100g
9162,Carnation Fat Free Condensed Milk 405G,https://www.tesco.com/groceries/en-GB/products/258049553,1687615638.894699,"['£1.75', '£4.32/kg']",1.75,£4.32/kg
9163,Chewits Xtreme Sour Apple Stick 31G,https://www.tesco.com/groceries/en-GB/products/256385065,1687615638.966209,"['£0.40', '£1.18/100g']",0.4,£1.18/100g
9164,Tesco Bacon Rashers 10 Pack 190G,https://www.tesco.com/groceries/en-GB/products/300595061,1687615639.0334878,"['£1.35', '£0.71/100g']",1.35,£0.71/100g
9165,Lowicz Kefir Yoghurt-Style Drink 400G,https://www.tesco.com/groceries/en-GB/products/290882116,1687615639.101465,"['£0.85', '£0.21/100g']",0.85,£0.21/100g
9166,Cofresh Chilli & Lemon Flavour Potato Grills 80G,https://www.tesco.com/groceries/en-GB/products/287549729,1687615639.168009,"['£0.70', '£0.88/100g']",0.7,£0.88/100g
9167,Tesco Free From Worcester Sauce 150Ml,https://www.tesco.com/groceries/en-GB/products/304376723,1687615639.235629,"['£0.85', '£0.57/100ml DR.WT']",0.85,£0.57/100ml DR.WT
9168,Oreo O's Cereal 350G,https://www.tesco.com/groceries/en-GB/products/308100416,1687615639.327311,"['£3.00', '£0.86/100g']",3.0,£0.86/100g
9169,Princes Drained Tuna Steak In Spring Water 3X110g,https://www.tesco.com/groceries/en-GB/products/302441389,1687615639.39745,"['£5.25', '£1.59/100g']",5.25,£1.59/100g
9170,Tesco Sunflower Seeds 300G,https://www.tesco.com/groceries/en-GB/products/256515195,1687615639.4687,"['£2.50', '£8.33/kg']",2.5,£8.33/kg
9171,Loyd Grossman Sweet Tomato Bhuna Curry Sauce 350G,https://www.tesco.com/groceries/en-GB/products/268414820,1687615639.5474079,"['£3.00', '£0.86/100g']",3.0,£0.86/100g
9172,Genius Gluten Free Spicy Fruit Loaf 400G,https://www.tesco.com/groceries/en-GB/products/282073090,1687615639.6155221,"['£2.80', '£0.70/100g']",2.8,£0.70/100g
9173,Princes Round Ham 200G,https://www.tesco.com/groceries/en-GB/products/258148672,1687615639.6832151,"['£2.40', '£1.20/100g']",2.4,£1.20/100g
9174,Old El Paso Taco Stand ‘N’ Stuff Paprika & Garlic Kit 312G,https://www.tesco.com/groceries/en-GB/products/287740750,1687615639.7502458,"['£3.25', '£10.42/kg']",3.25,£10.42/kg
9175,Whitworths Popping Corn 500G,https://www.tesco.com/groceries/en-GB/products/267275887,1687615639.8194282,"['£2.30', '£0.46/100g']",2.3,£0.46/100g
9176,Amoy Reduced Salt Soy Sauce 150Ml,https://www.tesco.com/groceries/en-GB/products/253391528,1687615639.888472,"['£2.00', '£1.33/100ml']",2.0,£1.33/100ml
9177,Betty Crocker Chocolate Fudge Icing 400G,https://www.tesco.com/groceries/en-GB/products/288730294,1687615639.9592052,"['£3.00', '£0.75/100g']",3.0,£0.75/100g
9178,Warburtons Gluten Free White Wraps 4 Pack,https://www.tesco.com/groceries/en-GB/products/301767513,1687615640.054688,"['£2.90', '£0.72/each']",2.9,£0.72/each
9179,Magicorn Eazypop Microwave Popcorn Salted Flavour 85G,https://www.tesco.com/groceries/en-GB/products/305522313,1687615640.1231658,"['£0.90', '£1.06/100g']",0.9,£1.06/100g
9180,Tesco Oyster Sauce 150Ml,https://www.tesco.com/groceries/en-GB/products/260827344,1687615640.192204,"['£1.60', '£1.07/100ml']",1.6,£1.07/100ml
9181,Princes Drained Tuna Steak In Spring Water 3X60g,https://www.tesco.com/groceries/en-GB/products/310164746,1687615640.2953548,"['£2.75', '£1.53/100g']",2.75,£1.53/100g
9182,Old El Paso Chilli & Garlic Rice Kit 355G,https://www.tesco.com/groceries/en-GB/products/277182359,1687615640.3645709,"['£2.49', '£7.01/kg']",2.49,£7.01/kg
9183,Bens Original Sweet & Sour No Added Sugar Sauce 440G,https://www.tesco.com/groceries/en-GB/products/309177853,1687615640.43904,"['£2.20', '£0.50/100g']",2.2,£0.50/100g
9184,Whole Earth Organic Crunchy Peanut Butter 340G,https://www.tesco.com/groceries/en-GB/products/263013594,1687615640.5087202,"['£3.60', '£1.06/100g']",3.6,£1.06/100g
9185,Tesco Apple Fruit Slurper 4X90g,https://www.tesco.com/groceries/en-GB/products/302986350,1687615640.579124,"['£2.10', '£0.58/100g']",2.1,£0.58/100g
9186,Tesco Ready Rolled Marzipan 400G,https://www.tesco.com/groceries/en-GB/products/278906004,1687615640.648248,"['£3.15', '£0.01/kg']",3.15,£0.01/kg
9187,Fibre One Lemon Drizzle Reduced Sugar Squares 5 X 24G,https://www.tesco.com/groceries/en-GB/products/305966997,1687615640.715341,"['£2.60', '£2.17/100g']",2.6,£2.17/100g
9188,Fray Bentos Mince Beef And Onion Pie 425G,https://www.tesco.com/groceries/en-GB/products/255076939,1687615640.7812722,"['£3.25', '£7.65/kg']",3.25,£7.65/kg
9189,Tesco Mixed Vegetable Curry 392G,https://www.tesco.com/groceries/en-GB/products/311442715,1687615640.872316,"['£1.75', '£4.46/kg']",1.75,£4.46/kg
9190,Lindt Excellence Dark Chilli Chocolate Bar 100G,https://www.tesco.com/groceries/en-GB/products/263748035,1687615640.944024,"['£2.45', '£2.45/100g']",2.45,£2.45/100g
9191,Itsu Katsu Rice Noodle Cup 63G,https://www.tesco.com/groceries/en-GB/products/300513787,1687615641.0331829,"['£1.85', '£29.36/kg']",1.85,£29.36/kg
9192,Tesco Wild Pacific Pink Salmon 105G,https://www.tesco.com/groceries/en-GB/products/268049549,1687615641.100441,"['£1.60', '£1.52/100g']",1.6,£1.52/100g
9193,Great Scot Red Split Lentils 500G,https://www.tesco.com/groceries/en-GB/products/254878142,1687615641.167306,"['£1.85', '£3.70/kg']",1.85,£3.70/kg
9194,Crosse And Blackwell Best Of British Broccoli & Stilton Soup 400G,https://www.tesco.com/groceries/en-GB/products/274246024,1687615641.236146,"['£1.25', '£0.31/100g']",1.25,£0.31/100g
9195,Princes Apple Fruit Filling 395G,https://www.tesco.com/groceries/en-GB/products/289724853,1687615641.30862,"['£1.60', '£4.38/kg']",1.6,£4.38/kg
9196,Sarsons Distilled Malt Vinegar 568Ml,https://www.tesco.com/groceries/en-GB/products/255677977,1687615641.418966,"['£1.40', '£0.25/100ml']",1.4,£0.25/100ml
9197,Colman's Lamb Hotpot Recipe Mix 41G,https://www.tesco.com/groceries/en-GB/products/268392337,1687615641.4857001,"['£1.00', '£2.44/100g']",1.0,£2.44/100g
9198,Whitworths Sunny Fruit Mix Ups Apricot & Mango 4X18g,https://www.tesco.com/groceries/en-GB/products/308099031,1687615641.5538619,"['£1.25', '£1.74/100g']",1.25,£1.74/100g
9199,Regal Cinema Style Sweet Popcorn 250G,https://www.tesco.com/groceries/en-GB/products/272556968,1687615641.6206179,"['£1.60', '£0.64/100g']",1.6,£0.64/100g
9200,Green Giant Organic Sweet Sweetcorn Salt Free 150G,https://www.tesco.com/groceries/en-GB/products/281679319,1687615641.68643,"['£1.05', '£7.50/kg DR.WT']",1.05,£7.50/kg DR.WT
9201,Tesco Ground All Spice 33G,https://www.tesco.com/groceries/en-GB/products/268531341,1687615641.764371,"['£0.90', '£0.27/10g']",0.9,£0.27/10g
9202,Schwartz Authentic Lamb Casserole Mix 35G,https://www.tesco.com/groceries/en-GB/products/253714062,1687615641.838961,"['£0.95', '£2.71/100g']",0.95,£2.71/100g
9203,Quavers Cheese Grab Bag 34G,https://www.tesco.com/groceries/en-GB/products/294350106,1687615641.927571,"['£1.00', '£2.94/100g']",1.0,£2.94/100g
9204,Allinson Dried Active Baking Yeast 125G,https://www.tesco.com/groceries/en-GB/products/257623232,1687615642.046892,"['£1.20', '£9.60/kg']",1.2,£9.60/kg
9205,Tesco Dill 7G,https://www.tesco.com/groceries/en-GB/products/300456369,1687615642.116499,"['£0.90', '£1.29/10g']",0.9,£1.29/10g
9206,Tesco Organic Strong White Flour 1Kg,https://www.tesco.com/groceries/en-GB/products/252380883,1687615642.189149,"['£1.40', '£1.40/kg']",1.4,£1.40/kg
9207,Tesco Free From Caramel Rice Cakes 165G,https://www.tesco.com/groceries/en-GB/products/284385005,1687615642.25733,"['£1.10', '£0.67/100g']",1.1,£0.67/100g
9208,Hartleys 10Cal Rhubarb & Custard Jelly 175G,https://www.tesco.com/groceries/en-GB/products/307351552,1687615647.74607,"['£0.85', '£0.49/100g']",0.85,£0.49/100g
9209,Tesco Creamy Mushroom Cooking Sauce 480G,https://www.tesco.com/groceries/en-GB/products/305249873,1687615647.8436852,"['£1.20', '£0.25/100g']",1.2,£0.25/100g
9210,Tesco Lentilles Vertes 500G,https://www.tesco.com/groceries/en-GB/products/256535758,1687615647.9128609,"['£1.70', '£3.40/kg']",1.7,£3.40/kg
9211,Tesco Choco Malt Wheats 500G,https://www.tesco.com/groceries/en-GB/products/308486805,1687615647.9819489,"['£1.50', '£0.30/100g']",1.5,£0.30/100g
9212,Homepride White Wine Can 400G,https://www.tesco.com/groceries/en-GB/products/283085990,1687615648.051741,"['£2.80', '£0.70/100g']",2.8,£0.70/100g
9213,Kikkoman Soy Sauce 150Ml,https://www.tesco.com/groceries/en-GB/products/254968652,1687615648.125404,"['£3.00', '£2.00/100ml']",3.0,£2.00/100ml
9214,Old El Paso Smokey Bbq Stand ‘N’ Stuff Soft Taco Kit 350G,https://www.tesco.com/groceries/en-GB/products/283522252,1687615648.203403,"['£3.49', '£9.97/kg']",3.49,£9.97/kg
9215,Loyd Grossman Korma Sauce 350G,https://www.tesco.com/groceries/en-GB/products/268414699,1687615648.285156,"['£3.00', '£0.86/100g']",3.0,£0.86/100g
9216,Dolmio Bolognese Intense Chilli Pasta Sauce 500G,https://www.tesco.com/groceries/en-GB/products/253538898,1687615648.36802,"['£2.50', '£0.50/100g']",2.5,£0.50/100g
9217,Tesco Whole Blanched Hazelnuts 100G,https://www.tesco.com/groceries/en-GB/products/259463129,1687615648.44913,"['£2.10', '£21.00/kg']",2.1,£21.00/kg
9218,Tesco Panko Breadcrumbs 150G,https://www.tesco.com/groceries/en-GB/products/268582625,1687615648.530866,"['£2.00', '£13.33/kg']",2.0,£13.33/kg
9219,Supermalt Malt Drink 6 X 330Ml,https://www.tesco.com/groceries/en-GB/products/305432159,1687615648.614604,"['£4.65', '£0.24/100ml']",4.65,£0.24/100ml
9220,Tesco Finest Sundried Tomato Pesto Rosso 190G,https://www.tesco.com/groceries/en-GB/products/266578951,1687615648.682896,"['£2.10', '£1.10/100g']",2.1,£1.10/100g
9221,Dr Oetker Fine Cooks Chocolate White 150G,https://www.tesco.com/groceries/en-GB/products/273714550,1687615648.759885,"['£2.00', '£1.33/100g']",2.0,£1.33/100g
9222,Knorr Vegetable Stock Cubes 20 X 10G,https://www.tesco.com/groceries/en-GB/products/264767990,1687615648.826159,"['£3.00', '£1.50/100g']",3.0,£1.50/100g
9223,Pataks Balti Paste 283G,https://www.tesco.com/groceries/en-GB/products/251977346,1687615648.898829,"['£3.25', '£1.15/100g']",3.25,£1.15/100g
9224,Sharwoods Balti Medium Sauce 420G,https://www.tesco.com/groceries/en-GB/products/250545116,1687615648.968183,"['£2.80', '£0.67/100g']",2.8,£0.67/100g
9225,Healthy Boy Sweet Chilli Sauce 350G,https://www.tesco.com/groceries/en-GB/products/303889204,1687615649.034285,"['£1.90', '£0.54/100g']",1.9,£0.54/100g
9226,Genius Gluten Free 6 Pancakes,https://www.tesco.com/groceries/en-GB/products/291443226,1687615649.107439,"['£2.25', '£0.38/each']",2.25,£0.38/each
9227,Van Smirren Cockles In Vinegar 205G,https://www.tesco.com/groceries/en-GB/products/264456874,1687615649.1785111,"['£2.10', '£2.33/100g DR.WT']",2.1,£2.33/100g DR.WT
9228,Tesco Garlic Sauce 235Ml,https://www.tesco.com/groceries/en-GB/products/305435324,1687615649.248202,"['£1.30', '£0.55/100ml']",1.3,£0.55/100ml
9229,Tesco Colourful Sprinkles 70G,https://www.tesco.com/groceries/en-GB/products/292398928,1687615649.3213902,"['£1.15', '£1.64/100g']",1.15,£1.64/100g
9230,East End Whole Cloves 100G,https://www.tesco.com/groceries/en-GB/products/259741221,1687615649.3893602,"['£2.50', '£0.25/10g']",2.5,£0.25/10g
9231,Vegemite Yeast Extract 220G,https://www.tesco.com/groceries/en-GB/products/263013202,1687615649.460223,"['£2.20', '£1.00/100g']",2.2,£1.00/100g
9232,De Cecco Fusilli 500G,https://www.tesco.com/groceries/en-GB/products/251966083,1687615649.529286,"['£2.00', '£4.00/kg']",2.0,£4.00/kg
9233,Doritos Triple Cheese Pizza Tortilla Chips 180G,https://www.tesco.com/groceries/en-GB/products/312235245,1687615649.66099,"['£2.10', '£1.17/100g']",2.1,£1.17/100g
9234,Dr Oetker Natural Zesty Orange Extract 35Ml,https://www.tesco.com/groceries/en-GB/products/314435443,1687615649.728639,"['£1.45', '£0.41/10ml']",1.45,£0.41/10ml
9235,Knorr Lamb Stock Pot 112G,https://www.tesco.com/groceries/en-GB/products/292975862,1687615649.797468,"['£1.90', '£1.70/100g']",1.9,£1.70/100g
9236,Batchelors Cup A Soup Thai Sweet Potato & Carrot 4 Sachts 86G,https://www.tesco.com/groceries/en-GB/products/312696741,1687615649.8665442,"['£1.50', '£1.74/100g']",1.5,£1.74/100g
9237,Haribo Halal Gold Bears 100G,https://www.tesco.com/groceries/en-GB/products/282152837,1687615649.932139,"['£1.25', '£1.25/100g']",1.25,£1.25/100g
9238,Princes Tuna Chunks In Sunflower Oil 145G,https://www.tesco.com/groceries/en-GB/products/302275022,1687615649.9971461,"['£1.75', '£1.72/100g DR.WT']",1.75,£1.72/100g DR.WT
9239,Pride Lime Juice 250Ml,https://www.tesco.com/groceries/en-GB/products/301596127,1687615650.065831,"['£0.95', '£0.38/100ml']",0.95,£0.38/100ml
9240,Tesco Ground Sweet Cinnamon 40G,https://www.tesco.com/groceries/en-GB/products/300456203,1687615650.130178,"['£0.90', '£0.22/10g']",0.9,£0.22/10g
9241,John West Spreadables Tuna Mayonnaise Sweetcorn 80G,https://www.tesco.com/groceries/en-GB/products/286160850,1687615650.195532,"['£1.25', '£1.56/100g']",1.25,£1.56/100g
9242,Dunns River Jerk Seasoning 100G,https://www.tesco.com/groceries/en-GB/products/254352954,1687615650.259765,"['£1.05', '£1.05/100g']",1.05,£1.05/100g
9243,Nando's Peri Peri Rub Lemon & Herb 25G,https://www.tesco.com/groceries/en-GB/products/277971900,1687615650.346974,"['£1.00', '£0.40/10g']",1.0,£0.40/10g
9244,Naked Noodle Firecracker Chicken 78G,https://www.tesco.com/groceries/en-GB/products/297501903,1687615650.414724,"['£1.20', '£15.38/kg']",1.2,£15.38/kg
9245,Tesco Madras Cooking Sauce 500G,https://www.tesco.com/groceries/en-GB/products/252548450,1687615650.486489,"['£1.20', '£0.24/100g']",1.2,£0.24/100g
9246,Tesco Refried Beans 392G,https://www.tesco.com/groceries/en-GB/products/307737010,1687615650.592584,"['£1.35', '£0.34/100g DR.WT']",1.35,£0.34/100g DR.WT
9247,Ferrero Rocher 3 Pack 37.5G,https://www.tesco.com/groceries/en-GB/products/278003312,1687615650.696219,"['£1.00', '£2.67/100g']",1.0,£2.67/100g
9248,Smarties Tube 38G,https://www.tesco.com/groceries/en-GB/products/250669684,1687615650.8079329,"['£0.75', '£1.97/100g']",0.75,£1.97/100g
9249,Extra Peppermint Gum 10 Pieces,https://www.tesco.com/groceries/en-GB/products/255626324,1687615650.93573,"['£0.70', '£5.00/100g']",0.7,£5.00/100g
9250,Proper Chips 85G Sweet Sriracha Chilli,https://www.tesco.com/groceries/en-GB/products/305846293,1687615651.005831,"['£2.00', '£2.35/100g']",2.0,£2.35/100g
9251,East End Green Cardamom 50G,https://www.tesco.com/groceries/en-GB/products/260747790,1687615651.072918,"['£2.75', '£0.55/10g']",2.75,£0.55/10g
9252,Hartley's Ready To Eat Reduced Sugar Mango & Passion Fruit Jelly 175G,https://www.tesco.com/groceries/en-GB/products/260667056,1687615651.140193,"['£0.85', '£0.49/100g']",0.85,£0.49/100g
9253,Tesco Free From Chilli & Lime Tortillas 200G,https://www.tesco.com/groceries/en-GB/products/300884502,1687615651.226828,"['£1.00', '£0.50/100g']",1.0,£0.50/100g
9254,Gefen Chunk Light Tuna In Water 170G,https://www.tesco.com/groceries/en-GB/products/268151865,1687615651.2985432,"['£1.50', '£0.88/100g DR.WT']",1.5,£0.88/100g DR.WT
9255,Tesco Roasted Nut Mix Snack Pack 55G,https://www.tesco.com/groceries/en-GB/products/285711120,1687615651.370683,"['£1.00', '£18.18/kg']",1.0,£18.18/kg
9256,Lindt Lindor Assorted Chocolate Truffle Carton 337G,https://www.tesco.com/groceries/en-GB/products/256048880,1687615657.729734,"['£9.50', '£2.82/100g']",9.5,£2.82/100g
9257,Ben's Original Long Grain Rice 1Kg,https://www.tesco.com/groceries/en-GB/products/309178103,1687615657.812104,"['£5.25', '£5.25/kg']",5.25,£5.25/kg
9258,Bisto Best Vegetable Gravy 230G,https://www.tesco.com/groceries/en-GB/products/312098775,1687615658.173485,"['£4.00', '£1.74/100g']",4.0,£1.74/100g
9259,Bisto Best Pork Gravy 230G,https://www.tesco.com/groceries/en-GB/products/312355811,1687615658.26579,"['£4.00', '£1.74/100g']",4.0,£1.74/100g
9260,Bonne Maman Black Cherry Conserve 370G,https://www.tesco.com/groceries/en-GB/products/260508267,1687615658.335765,"['£3.60', '£0.97/100g']",3.6,£0.97/100g
9261,Loyd Grossman Balti Curry Sauce 350G,https://www.tesco.com/groceries/en-GB/products/268414463,1687615658.430372,"['£3.00', '£0.86/100g']",3.0,£0.86/100g
9262,Organix 12 Month Apple & Orange Fruit & Cereal Bar 6X30g,https://www.tesco.com/groceries/en-GB/products/255945384,1687615658.531926,"['£3.00', '£1.67/100g']",3.0,£1.67/100g
9263,Lindt Dark Chocolate With Hazelnut Bar 150G,https://www.tesco.com/groceries/en-GB/products/258202216,1687615658.605824,"['£3.45', '£2.30/100g']",3.45,£2.30/100g
9264,Tesco Wholefood Ready To Eat Prunes 1Kg,https://www.tesco.com/groceries/en-GB/products/262874330,1687615658.6965382,"['£6.25', '£6.25/kg']",6.25,£6.25/kg
9265,Hp Top Down Reduced Sugar & Salt Brown Sauce 450G,https://www.tesco.com/groceries/en-GB/products/264028287,1687615658.772992,"['£3.40', '£0.76/100g']",3.4,£0.76/100g
9266,Tesco Ground White Pepper 100G,https://www.tesco.com/groceries/en-GB/products/256150683,1687615658.842081,"['£2.50', '£0.25/10g']",2.5,£0.25/10g
9267,Organix Apple Rice Cake Clouds 4 Pack 72G,https://www.tesco.com/groceries/en-GB/products/311214600,1687615658.911754,"['£2.80', '£38.89/kg']",2.8,£38.89/kg
9269,Tesco Finest '00' Grade Pasta & Pizza Flour 1Kg,https://www.tesco.com/groceries/en-GB/products/311687598,1687615659.076287,"['£1.60', '£1.60/kg']",1.6,£1.60/kg
9270,Genius Gluten Free 2 Double Chocolate Muffins,https://www.tesco.com/groceries/en-GB/products/293612012,1687615659.1442938,"['£2.10', '£1.05/each']",2.1,£1.05/each
9271,Tesco Mixed Snacks 30 Pack 530G,https://www.tesco.com/groceries/en-GB/products/300594966,1687615659.211224,"['£3.65', '£0.69/100g']",3.65,£0.69/100g
9272,Bear Giant Yoyo Strawberry & Mango 5 X 20G,https://www.tesco.com/groceries/en-GB/products/306934210,1687615659.2789361,"['£2.85', '£2.85/100g']",2.85,£2.85/100g
9273,Kallo Organic Beef Stock Cubes 8Pk 88G,https://www.tesco.com/groceries/en-GB/products/297461477,1687615659.367775,"['£1.90', '£2.16/100g']",1.9,£2.16/100g
9274,Itsu Miso'easy Traditional Miso 5X21g,https://www.tesco.com/groceries/en-GB/products/301064423,1687615659.436662,"['£2.00', '£1.90/100g']",2.0,£1.90/100g
9275,Nando's Hot Perinaise 265G,https://www.tesco.com/groceries/en-GB/products/296186580,1687615659.5484369,"['£2.25', '£0.85/100g']",2.25,£0.85/100g
9276,Dr. Oetker Extra Strong Red Food Colour Gel 15G,https://www.tesco.com/groceries/en-GB/products/297356920,1687615659.641603,"['£1.50', '£1.00/10g']",1.5,£1.00/10g
9277,Dr Schar Panini Rolls 225G,https://www.tesco.com/groceries/en-GB/products/291879298,1687615659.7101362,"['£2.40', '£1.07/100g']",2.4,£1.07/100g
9278,Belvita Soft Bakes Golden Oats 250G,https://www.tesco.com/groceries/en-GB/products/289954275,1687615659.800997,"['£2.50', '£1.00/100g']",2.5,£1.00/100g
9279,Graze Protein Oat Boosts Peanut Butter Flapjacks 4X 30G,https://www.tesco.com/groceries/en-GB/products/312084250,1687615659.8742971,"['£1.99', '£1.66/100g']",1.99,£1.66/100g
9280,Princes Red Salmon Skinless & Boneless 170G,https://www.tesco.com/groceries/en-GB/products/293397594,1687615659.945659,"['£4.20', '£2.47/100g']",4.2,£2.47/100g
9281,Dunns River Jamaican Callaloo 540G,https://www.tesco.com/groceries/en-GB/products/271769620,1687615660.012877,"['£1.90', '£5.85/kg DR.WT']",1.9,£5.85/kg DR.WT
9282,Askeys Treat Toffee Sauce 325G,https://www.tesco.com/groceries/en-GB/products/251084878,1687615660.086376,"['£1.50', '£0.46/100g']",1.5,£0.46/100g
9283,Crespo Olives Herbs & Garlic 70G,https://www.tesco.com/groceries/en-GB/products/250579272,1687615660.176717,"['£1.10', '£1.57/100g']",1.1,£1.57/100g
9284,Elizabeth Shaw Mint Collection 200G,https://www.tesco.com/groceries/en-GB/products/271645732,1687615660.2473989,"['£5.00', '£2.50/100g']",5.0,£2.50/100g
9285,Aasani Chapattis 8S 360G,https://www.tesco.com/groceries/en-GB/products/272409815,1687615660.3425941,"['£1.30', '£0.36/100g']",1.3,£0.36/100g
9286,Ben's Original Smokey Bbq Microwave Rice 250G,https://www.tesco.com/groceries/en-GB/products/309194262,1687615660.4092228,"['£1.40', '£5.60/kg']",1.4,£5.60/kg
9287,N-Gine Energy Drink Blue 250Ml,https://www.tesco.com/groceries/en-GB/products/274483993,1687615660.4761238,"['£0.45', '£0.18/100ml']",0.45,£0.18/100ml
9288,Mcvities Gluten Free Original Hobnobs 150G,https://www.tesco.com/groceries/en-GB/products/293316449,1687615660.5488691,"['£1.80', '£1.20/100g']",1.8,£1.20/100g
9289,Tesco Free From Bourbon Creams 150G,https://www.tesco.com/groceries/en-GB/products/307745242,1687615660.667011,"['£1.30', '£0.87/100g']",1.3,£0.87/100g
9290,Burts Potato Chips Mature Cheddar & Onion 150G,https://www.tesco.com/groceries/en-GB/products/262858200,1687615660.737171,"['£1.85', '£1.23/100g']",1.85,£1.23/100g
9291,Jutrzenka Familijne Chocolate Wafers 180G,https://www.tesco.com/groceries/en-GB/products/263197611,1687615660.806644,"['£0.95', '£0.53/100g']",0.95,£0.53/100g
9292,Cadbury Oreo Bites 110G,https://www.tesco.com/groceries/en-GB/products/300112478,1687615660.876517,"['£1.35', '£1.23/100g']",1.35,£1.23/100g
9293,Schwartz Slow Cooker Bbq Pulled Pork 35G,https://www.tesco.com/groceries/en-GB/products/287912213,1687615660.94399,"['£0.95', '£2.71/100g']",0.95,£2.71/100g
9294,Tesco Lamb & Mint Gravy Granules 200G,https://www.tesco.com/groceries/en-GB/products/292975787,1687615661.03251,"['£0.95', '£0.48/100g']",0.95,£0.48/100g
9295,Tesco Tomato Puree With Garlic 135G,https://www.tesco.com/groceries/en-GB/products/296901898,1687615661.098561,"['£0.90', '£6.67/kg']",0.9,£6.67/kg
9296,Tesco Chocolate Limes 200G,https://www.tesco.com/groceries/en-GB/products/267673940,1687615661.1731489,"['£1.10', '£0.55/100g']",1.1,£0.55/100g
9297,Alpen Light Cereal Bars Jaffa Cake 5X19g,https://www.tesco.com/groceries/en-GB/products/287614756,1687615661.248052,"['£1.00', '£1.05/100g']",1.0,£1.05/100g
9298,Grower's Harvest Trail Mix 300G,https://www.tesco.com/groceries/en-GB/products/301555948,1687615661.319047,"['£1.29', '£4.30/kg']",1.29,£4.30/kg
9299,Tesco Whole Nut Milk Chocolate Bar 200G,https://www.tesco.com/groceries/en-GB/products/300794960,1687615661.389313,"['£1.20', '£0.60/100g']",1.2,£0.60/100g
9300,Gilberts Salt Beef Brisket 170G,https://www.tesco.com/groceries/en-GB/products/250613290,1687615661.4565701,"['£6.60', '£3.88/100g']",6.6,£3.88/100g
9301,Tesco Wholefood Luxury Fruit & Nut Mix 300G,https://www.tesco.com/groceries/en-GB/products/262291161,1687615661.5381708,"['£4.20', '£14.00/kg']",4.2,£14.00/kg
9302,Nando's Peri Peri Sauce Medium 500G,https://www.tesco.com/groceries/en-GB/products/287547887,1687615661.605647,"['£4.10', '£0.82/100g']",4.1,£0.82/100g
9303,Lykkeberg Lumpfish Caviar 100G,https://www.tesco.com/groceries/en-GB/products/308105359,1687615661.6742752,"['£4.80', '£4.80/100g']",4.8,£4.80/100g
9304,Lindt Lindor Blood Orange Chocolate Truffles 200G,https://www.tesco.com/groceries/en-GB/products/312696263,1687615668.1702,"['£6.00', '£3.00/100g']",6.0,£3.00/100g
9305,Heinz Bbq Sauce Classic 570Ml,https://www.tesco.com/groceries/en-GB/products/300793051,1687615668.250431,"['£3.90', '£0.68/100ml']",3.9,£0.68/100ml
9306,Billington's Demerara Rough Cut Cubes 500G,https://www.tesco.com/groceries/en-GB/products/310654760,1687615668.393182,"['£2.25', '£4.50/kg']",2.25,£4.50/kg
9307,Tahira Sliced Turkey Salami 125G,https://www.tesco.com/groceries/en-GB/products/268606772,1687615668.463253,"['£2.20', '£1.76/100g']",2.2,£1.76/100g
9308,Belazu Balsamic Sun Dried Tomato Paste 130G,https://www.tesco.com/groceries/en-GB/products/305523721,1687615668.535862,"['£2.30', '£1.77/100g']",2.3,£1.77/100g
9309,Old El Paso Enchilada Family Kit 995G,https://www.tesco.com/groceries/en-GB/products/277183623,1687615668.6098292,"['£3.49', '£0.35/100g']",3.49,£0.35/100g
9310,Island Sun Dried Salted Skinless & Boneless Saltfish 250G,https://www.tesco.com/groceries/en-GB/products/305735211,1687615668.683876,"['£3.05', '£1.22/100g']",3.05,£1.22/100g
9311,Montezuma's Black Forest Cherry Dark Chocolate Bar 90G,https://www.tesco.com/groceries/en-GB/products/311425569,1687615668.756054,"['£2.75', '£3.06/100g']",2.75,£3.06/100g
9312,Kallo Veggie Cakes Beetroot & Balsamic 122G,https://www.tesco.com/groceries/en-GB/products/310180473,1687615668.843502,"['£2.75', '£2.25/100g']",2.75,£2.25/100g
9313,Quaker Oat So Simple Velvety Chocolate Porridge 10 Pack 365G,https://www.tesco.com/groceries/en-GB/products/306948954,1687615668.908551,"['£3.50', '£0.96/100g']",3.5,£0.96/100g
9314,Vifon Chicken Curry Instant Noodles 70G,https://www.tesco.com/groceries/en-GB/products/267536562,1687615668.999601,"['£0.70', '£10.00/kg']",0.7,£10.00/kg
9315,Alpro Caramel Soya Dessert 4 X 125G,https://www.tesco.com/groceries/en-GB/products/254017373,1687615669.076302,"['£1.85', '£0.37/100g']",1.85,£0.37/100g
9316,Itsu Chilli Miso Rice Noodle Cup 63G,https://www.tesco.com/groceries/en-GB/products/300513827,1687615669.145802,"['£1.85', '£29.36/kg']",1.85,£29.36/kg
9317,Tiger Zero Energy Drink Sugar Free 250Ml,https://www.tesco.com/groceries/en-GB/products/309206250,1687615669.2143738,"['£0.65', '£0.26/100ml']",0.65,£0.26/100ml
9318,Lubella Fluffy Cake Flour 1Kg,https://www.tesco.com/groceries/en-GB/products/275505034,1687615669.2840178,"['£1.50', '£1.50/kg']",1.5,£1.50/kg
9319,Boromir Malai Extra Corn Flour 1Kg,https://www.tesco.com/groceries/en-GB/products/301576497,1687615669.3567271,"['£2.00', '£2,000.00/kg']",2.0,"£2,000.00/kg"
9320,Tesco Free From Cherry Bakewell Tarts 4 Pack,https://www.tesco.com/groceries/en-GB/products/266712608,1687615669.422087,"['£2.10', '£0.52/each']",2.1,£0.52/each
9321,Cadbury Roundie Milk Chocolate Biscuit 180G,https://www.tesco.com/groceries/en-GB/products/306660176,1687615669.490829,"['£2.00', '£1.11/100g']",2.0,£1.11/100g
9322,Ambrosia Devon Custard Strawberry 150G,https://www.tesco.com/groceries/en-GB/products/297609212,1687615669.560856,"['£0.95', '£0.63/100g']",0.95,£0.63/100g
9323,Heinz Big Soup Beef Broth 400G,https://www.tesco.com/groceries/en-GB/products/258146893,1687615669.62496,"['£2.00', '£0.50/100g']",2.0,£0.50/100g
9324,Heinz Sun Dried Cherry Tomato & Basil Cooking Sauce 350G,https://www.tesco.com/groceries/en-GB/products/311783363,1687615669.712574,"['£2.00', '£5.71/kg']",2.0,£5.71/kg
9325,Tyrrells Mixed Root Vegetable Crisps 40G,https://www.tesco.com/groceries/en-GB/products/274215027,1687615669.835741,"['£1.00', '£2.50/100g']",1.0,£2.50/100g
9326,Mlekovita Mazdaamer Cheese Slices 150G,https://www.tesco.com/groceries/en-GB/products/288568578,1687615669.962105,"['£1.50', '£10.00/kg']",1.5,£10.00/kg
9327,East End Chinese Cinnamon Sticks 100G,https://www.tesco.com/groceries/en-GB/products/260742933,1687615670.036469,"['£1.20', '£0.12/10g']",1.2,£0.12/10g
9328,Tesco Liquorice Twists 250G,https://www.tesco.com/groceries/en-GB/products/254070043,1687615670.11494,"['£1.10', '£0.44/100g']",1.1,£0.44/100g
9329,Colman's Chicken Kebab Seasoning Mix 30G,https://www.tesco.com/groceries/en-GB/products/308102495,1687615670.182147,"['£1.00', '£3.33/100g']",1.0,£3.33/100g
9330,Tesco Peanut Cookies 200G,https://www.tesco.com/groceries/en-GB/products/276846141,1687615670.2492192,"['£1.20', '£0.60/100g']",1.2,£0.60/100g
9331,Tayto Cheese & Onion Potato Crisps 6 X 25G,https://www.tesco.com/groceries/en-GB/products/273999804,1687615670.320589,"['£1.85', '£1.23/100g']",1.85,£1.23/100g
9332,Tesco Free From Giant Chocolate Buttons 119G,https://www.tesco.com/groceries/en-GB/products/293818967,1687615670.3870609,"['£1.80', '£1.51/100g']",1.8,£1.51/100g
9333,Rubicon Mango Exotic Juice Drink 288Ml,https://www.tesco.com/groceries/en-GB/products/261625437,1687615670.457421,"['£0.60', '£0.21/100ml']",0.6,£0.21/100ml
9334,Lindt Lindor Chocolate Treat Bar 38G,https://www.tesco.com/groceries/en-GB/products/276153908,1687615670.525163,"['£0.90', '£2.37/100g']",0.9,£2.37/100g
9335,Cadbury Wispa Gold Bar 48G,https://www.tesco.com/groceries/en-GB/products/292286456,1687615670.697618,"['£0.75', '£1.56/100g']",0.75,£1.56/100g
9336,Tesco Almonds 25G,https://www.tesco.com/groceries/en-GB/products/299497656,1687615670.849424,"['£0.50', '£2.00/100g']",0.5,£2.00/100g
9337,Grower's Harvest Island Mix 300G,https://www.tesco.com/groceries/en-GB/products/301555960,1687615670.982677,"['£1.29', '£4.30/kg']",1.29,£4.30/kg
9338,Ben's Original Medium Curry Sauce 440G,https://www.tesco.com/groceries/en-GB/products/309194890,1687615671.052199,"['£2.20', '£0.50/100g']",2.2,£0.50/100g
9339,Betty Crocker Devils Food Cake Mix 425G,https://www.tesco.com/groceries/en-GB/products/289584735,1687615671.124904,"['£3.00', '£0.71/100g']",3.0,£0.71/100g
9340,Oxo 12 Meat Free Stock Cubes Beef Flavour 71G,https://www.tesco.com/groceries/en-GB/products/305979475,1687615671.2138638,"['£2.40', '£3.38/100g']",2.4,£3.38/100g
9341,Tesco Groundnut Oil 500Ml,https://www.tesco.com/groceries/en-GB/products/287206972,1687615671.2787368,"['£2.50', '£0.50/100ml']",2.5,£0.50/100ml
9342,Bisto White Sauce Mix 185G,https://www.tesco.com/groceries/en-GB/products/309169771,1687615671.343721,"['£3.00', '£1.62/100g']",3.0,£1.62/100g
9343,Very Lazy Red Chillies 190G,https://www.tesco.com/groceries/en-GB/products/253637562,1687615671.409929,"['£1.90', '£0.10/10g']",1.9,£0.10/10g
9344,Blue Dragon Fish Sauce 150Ml,https://www.tesco.com/groceries/en-GB/products/272666227,1687615671.475698,"['£1.75', '£1.17/100ml']",1.75,£1.17/100ml
9345,Schar Gluten Free Curvies Bbq 170G,https://www.tesco.com/groceries/en-GB/products/304780751,1687615671.543705,"['£2.70', '£1.59/100g']",2.7,£1.59/100g
9346,Wrigley's Airwaves Menthol Eucalyptus 6X10pcs 84G,https://www.tesco.com/groceries/en-GB/products/302280522,1687615671.611857,"['£2.75', '£3.27/100g']",2.75,£3.27/100g
9347,Kellogg's Krave Cookies & Cream Flavour Cereal 410G,https://www.tesco.com/groceries/en-GB/products/310186461,1687615671.679271,"['£3.30', '£0.80/100g']",3.3,£0.80/100g
9348,Quaker Oat So Simple Banana Porridge 10 Sachets 348G,https://www.tesco.com/groceries/en-GB/products/307366212,1687615671.7528021,"['£3.50', '£1.01/100g']",3.5,£1.01/100g
9349,Meridian Peanut Butter Smooth 100% Nuts 280G,https://www.tesco.com/groceries/en-GB/products/284847836,1687615671.850826,"['£2.80', '£1.00/100g']",2.8,£1.00/100g
9350,"Eat Natural Bars Apple, Ginger & Dark Chocolate 3 X 45G",https://www.tesco.com/groceries/en-GB/products/291419849,1687615671.9392462,"['£2.40', '£1.78/100g']",2.4,£1.78/100g
9351,Quaker Porridge To Go Golden Syrup 2X55g,https://www.tesco.com/groceries/en-GB/products/296977600,1687615672.007493,"['£1.75', '£1.59/100g']",1.75,£1.59/100g
9352,Nairns Gluten Free Pepper Crackers 137G,https://www.tesco.com/groceries/en-GB/products/297754655,1687615677.335597,"['£2.00', '£1.46/100g']",2.0,£1.46/100g
9353,Blue Dragon Thai Green Paste Pot 50G,https://www.tesco.com/groceries/en-GB/products/289669872,1687615677.4100192,"['£1.20', '£2.40/100g']",1.2,£2.40/100g
9354,Marmite Flatbreads 140G,https://www.tesco.com/groceries/en-GB/products/293417975,1687615677.4827142,"['£2.80', '£2.00/100g']",2.8,£2.00/100g
9355,Airwaves Menthol & Eucalyptus Gum Bottle 46 Pieces,https://www.tesco.com/groceries/en-GB/products/276578694,1687615677.5723462,"['£1.99', '£3.11/100g']",1.99,£3.11/100g
9356,Mcgerty Caramelised Onion Relish 110G,https://www.tesco.com/groceries/en-GB/products/303106209,1687615677.6460001,"['£1.80', '£1.64/100g']",1.8,£1.64/100g
9357,Tesco Wholemeal 8 Tortilla Wraps 320G,https://www.tesco.com/groceries/en-GB/products/292761078,1687615677.7484732,"['£1.30', '£0.41/100g']",1.3,£0.41/100g
9358,Tesco Fresh Free From Hot Cross Buns 4 Pack,https://www.tesco.com/groceries/en-GB/products/281823783,1687615677.8167522,"['£2.00', '£0.50/each']",2.0,£0.50/each
9359,U Jedrusia Cottage Cheese Dumplings 400G,https://www.tesco.com/groceries/en-GB/products/264056368,1687615677.8833878,"['£1.45', '£3.62/kg']",1.45,£3.62/kg
9360,Tiger Energy Drink 250Ml,https://www.tesco.com/groceries/en-GB/products/309171180,1687615677.98492,"['£0.65', '£0.26/100ml']",0.65,£0.26/100ml
9361,Pek Chopped Pork Gold 170G,https://www.tesco.com/groceries/en-GB/products/297242881,1687615678.066435,"['£1.50', '£0.88/100g']",1.5,£0.88/100g
9362,Rubicon Lychee Juice Drink 1 Litre,https://www.tesco.com/groceries/en-GB/products/251286340,1687615678.138168,"['£1.70', '£0.17/100ml']",1.7,£0.17/100ml
9363,Ambrosia Light 30% Less Sugar & Fat Custard 500G,https://www.tesco.com/groceries/en-GB/products/309458573,1687615678.233414,"['£1.60', '£0.32/100g']",1.6,£0.32/100g
9364,Swizzels Drumsticks Squashsies Banana & Blueberry 140G,https://www.tesco.com/groceries/en-GB/products/311277594,1687615678.3045492,"['£1.15', '£0.82/100g']",1.15,£0.82/100g
9365,Tesco Garlic & Herb Dressing 250Ml,https://www.tesco.com/groceries/en-GB/products/264158651,1687615678.3717031,"['£1.00', '£0.40/100ml']",1.0,£0.40/100ml
9366,Reese's Peanut Butter Cups 2 Pack 42G,https://www.tesco.com/groceries/en-GB/products/307359859,1687615678.438248,"['£0.80', '£1.90/100g']",0.8,£1.90/100g
9367,Wotsits Cheese 36G,https://www.tesco.com/groceries/en-GB/products/294350129,1687615678.552821,"['£1.00', '£2.78/100g']",1.0,£2.78/100g
9368,Jammin Sparkling Pineapple Drink 2 Litres,https://www.tesco.com/groceries/en-GB/products/267765676,1687615678.6684139,"['£0.95', '£0.05/100ml']",0.95,£0.05/100ml
9369,Tesco Finest Carbonara Pasta Sauce 340G,https://www.tesco.com/groceries/en-GB/products/300601251,1687615678.736249,"['£1.85', '£0.54/100g']",1.85,£0.54/100g
9370,Nishaan Traditional Roti 350G,https://www.tesco.com/groceries/en-GB/products/261176766,1687615678.806355,"['£1.00', '£0.29/100g']",1.0,£0.29/100g
9371,Oreo Twists Vanilla & Raspberry Flavoured Biscuit 157G,https://www.tesco.com/groceries/en-GB/products/311684814,1687615678.8773608,"['£1.20', '£0.76/100g']",1.2,£0.76/100g
9372,Tesco Shortcrust Pastry Mix 450G,https://www.tesco.com/groceries/en-GB/products/254916553,1687615678.944887,"['£0.95', '£2.11/kg']",0.95,£2.11/kg
9373,Batchelors Curry Low Fat Super Noodles 81G,https://www.tesco.com/groceries/en-GB/products/303671882,1687615679.0149472,"['£0.99', '£12.22/kg']",0.99,£12.22/kg
9374,Schwartz Slow Cook Tikka Masala 35G,https://www.tesco.com/groceries/en-GB/products/308092009,1687615679.083804,"['£1.00', '£2.86/100g']",1.0,£2.86/100g
9375,Tesco Organic Self Raising Flour 1Kg,https://www.tesco.com/groceries/en-GB/products/257071135,1687615679.1828558,"['£1.40', '£1.40/kg']",1.4,£1.40/kg
9376,Nestle Milkybar Kid Bar 12G,https://www.tesco.com/groceries/en-GB/products/306709570,1687615679.255574,"['£0.30', '£2.50/100g']",0.3,£2.50/100g
9377,Tesco Sweetened Condensed Milk 397G,https://www.tesco.com/groceries/en-GB/products/288716611,1687615679.3272681,"['£1.00', '£2.52/kg']",1.0,£2.52/kg
9378,Hillfarms Oil Cold Pressed Rapeseed 500Ml,https://www.tesco.com/groceries/en-GB/products/262381999,1687615679.39255,"['£4.75', '£0.95/100ml']",4.75,£0.95/100ml
9379,Linwoods Milled Organic Flaxseed 425G,https://www.tesco.com/groceries/en-GB/products/284458968,1687615679.460762,"['£5.80', '£13.65/kg']",5.8,£13.65/kg
9380,Opies Black Cherries With Kirsch 370G,https://www.tesco.com/groceries/en-GB/products/309475794,1687615679.528973,"['£4.40', '£19.13/kg DR.WT']",4.4,£19.13/kg DR.WT
9381,Rowse Set Honey 340G,https://www.tesco.com/groceries/en-GB/products/274193005,1687615679.6002429,"['£3.00', '£0.88/100g']",3.0,£0.88/100g
9382,Jordans Crunchy Oat Granola Tropical Fruit 750G,https://www.tesco.com/groceries/en-GB/products/282630744,1687615679.6676888,"['£3.60', '£0.48/100g']",3.6,£0.48/100g
9383,Loyd Grossman Bolognese Pasta Sauce 660G,https://www.tesco.com/groceries/en-GB/products/262114038,1687615679.735438,"['£4.50', '£0.68/100g']",4.5,£0.68/100g
9384,Red Stripe Lager 6 X 330Ml,https://www.tesco.com/groceries/en-GB/products/305949442,1687615679.803832,"['£7.25', '£3.66/litre']",7.25,£3.66/litre
9385,Rude Health Oat Drink Organic 1 Litre,https://www.tesco.com/groceries/en-GB/products/285490967,1687615679.870346,"['£2.20', '£2.20/litre']",2.2,£2.20/litre
9386,Dolmio Carbonara Pouch Pasta Sauce 150G,https://www.tesco.com/groceries/en-GB/products/253230052,1687615679.958945,"['£2.20', '£1.47/100g']",2.2,£1.47/100g
9387,Old El Paso Crispy Fajita Dinner Kit 555G,https://www.tesco.com/groceries/en-GB/products/263723053,1687615680.026389,"['£3.49', '£6.29/kg']",3.49,£6.29/kg
9388,Cawoods Skinless & Boneless Saltfish 200G,https://www.tesco.com/groceries/en-GB/products/305050548,1687615680.151681,"['£2.75', '£0.01/kg']",2.75,£0.01/kg
9389,Schwartz Fajita 46G Jar,https://www.tesco.com/groceries/en-GB/products/257518000,1687615680.22076,"['£2.00', '£0.44/10g']",2.0,£0.44/10g
9390,Tony's Chocolonely Milk Chocolate 180G,https://www.tesco.com/groceries/en-GB/products/308838914,1687615680.3130538,"['£3.00', '£1.67/100g']",3.0,£1.67/100g
9391,Jacobs Cornish Wafers 150G,https://www.tesco.com/groceries/en-GB/products/254925277,1687615680.386443,"['£1.70', '£1.13/100g']",1.7,£1.13/100g
9393,Chevington Sliced Light Cheese 200G,https://www.tesco.com/groceries/en-GB/products/262524371,1687615680.565399,"['£2.75', '£13.75/kg']",2.75,£13.75/kg
9394,Pizza Express Caesar Dressing 235Ml,https://www.tesco.com/groceries/en-GB/products/266155186,1687615680.634382,"['£2.30', '£0.98/100ml']",2.3,£0.98/100ml
9395,Meridian Peanut Butter Crunchy 100% Nuts 280G,https://www.tesco.com/groceries/en-GB/products/284847963,1687615680.730027,"['£2.80', '£1.00/100g']",2.8,£1.00/100g
9396,Fruit Bowl Blackcurrant Peelers 5X16g,https://www.tesco.com/groceries/en-GB/products/301970979,1687615680.825361,"['£2.50', '£3.12/100g']",2.5,£3.12/100g
9397,Tesco Cornichons With Chilli 340G,https://www.tesco.com/groceries/en-GB/products/280068727,1687615680.9143791,"['£1.45', '£0.76/100g DR.WT']",1.45,£0.76/100g DR.WT
9398,Morliny Berlinki Chicken 250G,https://www.tesco.com/groceries/en-GB/products/291347980,1687615680.97958,"['£1.60', '£0.64/100g']",1.6,£0.64/100g
9399,Old Elpaso Thick & Chunky Salsa Mild 226G,https://www.tesco.com/groceries/en-GB/products/258808646,1687615681.0469508,"['£1.69', '£0.75/100g']",1.69,£0.75/100g
9400,Tesco Beef Suet 200G,https://www.tesco.com/groceries/en-GB/products/309456235,1687615687.2009358,"['£1.55', '£7.75/kg']",1.55,£7.75/kg
9401,Crosse And Blackwell Chicken Broth Soup 400G,https://www.tesco.com/groceries/en-GB/products/310117210,1687615687.282157,"['£1.25', '£0.31/100g']",1.25,£0.31/100g
9402,Heinz Tomato Grana Padano Mascarpone Sauce 350G,https://www.tesco.com/groceries/en-GB/products/311673885,1687615687.362991,"['£2.00', '£5.71/kg']",2.0,£5.71/kg
9403,Nature's Finest Tropical Fruits In Juice 400G,https://www.tesco.com/groceries/en-GB/products/264071580,1687615687.460372,"['£1.90', '£8.26/kg']",1.9,£8.26/kg
9404,Tesco Golden Flaxseeds 250G,https://www.tesco.com/groceries/en-GB/products/276377684,1687615687.536526,"['£1.20', '£4.80/kg']",1.2,£4.80/kg
9405,Nissin Soba Cup Peking Duck 87G,https://www.tesco.com/groceries/en-GB/products/303646008,1687615687.6180632,"['£1.70', '£19.54/kg']",1.7,£19.54/kg
9406,Tesco French Dressing 250Ml,https://www.tesco.com/groceries/en-GB/products/263807559,1687615687.69409,"['£1.00', '£0.40/100ml']",1.0,£0.40/100ml
9407,Tesco Yellow Split Peas 500G,https://www.tesco.com/groceries/en-GB/products/256533772,1687615687.772064,"['£0.95', '£1.90/kg']",0.95,£1.90/kg
9408,Tesco 10 Waffle Cones,https://www.tesco.com/groceries/en-GB/products/283645915,1687615687.8557088,"['£1.30', '£0.13/each']",1.3,£0.13/each
9409,Haribo Twin Snakes Fruit Flavour Gum 175G,https://www.tesco.com/groceries/en-GB/products/310691110,1687615687.95392,"['£1.25', '£0.71/100g']",1.25,£0.71/100g
9410,Batchelors Pasta & Sauce Chicken & Mushroom 65G,https://www.tesco.com/groceries/en-GB/products/297172519,1687615688.038539,"['£1.00', '£1.54/100g']",1.0,£1.54/100g
9411,Tesco Pumpkin Seeds Almond & Dark Chocolate Bars 140G,https://www.tesco.com/groceries/en-GB/products/300877131,1687615688.117033,"['£1.55', '£1.11/100g']",1.55,£1.11/100g
9412,Ayam Premium Coconut Milk 200Ml,https://www.tesco.com/groceries/en-GB/products/301341913,1687615688.184391,"['£0.85', '£4.25/litre']",0.85,£4.25/litre
9413,Crouton Company Pepper & Salt Croutons 40G,https://www.tesco.com/groceries/en-GB/products/303881777,1687615688.255559,"['£0.50', '£1.25/100g']",0.5,£1.25/100g
9414,Cadbury Caramilk Chocolate Buttons 105G,https://www.tesco.com/groceries/en-GB/products/310689217,1687615688.325685,"['£1.35', '£1.29/100g']",1.35,£1.29/100g
9415,Tesco Free From Conchiglie 500G,https://www.tesco.com/groceries/en-GB/products/282448511,1687615688.39484,"['£1.20', '£2.40/kg']",1.2,£2.40/kg
9416,T Macaroni Pasta Free From 500G,https://www.tesco.com/groceries/en-GB/products/300916760,1687615688.4617531,"['£1.20', '£2.40/kg']",1.2,£2.40/kg
9417,K.A. Sparkling Pineapple Soda Can 330Ml,https://www.tesco.com/groceries/en-GB/products/275389752,1687615688.5320861,"['£0.45', '£0.14/100ml']",0.45,£0.14/100ml
9418,Peppadew Sweet Piquante Mild Whole Peppers 400G,https://www.tesco.com/groceries/en-GB/products/308833240,1687615688.597941,"['£3.25', '£0.02/kg DR.WT']",3.25,£0.02/kg DR.WT
9419,Blue Dragon 3 Step Thai Green Curry 253G,https://www.tesco.com/groceries/en-GB/products/289670103,1687615688.662744,"['£3.10', '£12.25/kg']",3.1,£12.25/kg
9420,Bull's-Eye Bbq Sauce Original 300Ml,https://www.tesco.com/groceries/en-GB/products/299667900,1687615688.731763,"['£3.00', '£1.00/100ml']",3.0,£1.00/100ml
9421,Schwartz Mixed Herbs 11G,https://www.tesco.com/groceries/en-GB/products/301392459,1687615688.798343,"['£2.00', '£181.82/kg']",2.0,£181.82/kg
9422,Marmite Crunchy Peanut Butter 225G,https://www.tesco.com/groceries/en-GB/products/303845585,1687615688.9263911,"['£3.00', '£1.33/100g']",3.0,£1.33/100g
9423,Nestle Go Free Corn Flakes Gluten Free 375G,https://www.tesco.com/groceries/en-GB/products/313855241,1687615689.00106,"['£2.40', '£0.64/100g']",2.4,£0.64/100g
9424,Serge Island Peanut Punch 240Ml,https://www.tesco.com/groceries/en-GB/products/275061713,1687615689.069515,"['£1.00', '£0.42/100ml']",1.0,£0.42/100ml
9425,Nestle Gluten Free Gofree Rice Pops 350G,https://www.tesco.com/groceries/en-GB/products/306052297,1687615689.141592,"['£2.85', '£0.81/100g']",2.85,£0.81/100g
9426,Bens Original Lemon Chicken Sauce 450G,https://www.tesco.com/groceries/en-GB/products/309197783,1687615689.212726,"['£2.20', '£0.49/100g']",2.2,£0.49/100g
9427,Streamline Reduced Sugar Thick Cut Marmalde 340G,https://www.tesco.com/groceries/en-GB/products/282121068,1687615689.280083,"['£1.80', '£0.53/100g']",1.8,£0.53/100g
9428,Trek Protein Flapjacks Peanut Butter 3 X 50G,https://www.tesco.com/groceries/en-GB/products/313501919,1687615689.3464031,"['£2.75', '£1.83/100g']",2.75,£1.83/100g
9429,Dr Oetker Platinum Grdleaf Gelatine 13G,https://www.tesco.com/groceries/en-GB/products/304724456,1687615689.439811,"['£2.15', '£16.54/100g']",2.15,£16.54/100g
9430,Tesco Finest Tomato & Chilli Pasta Sauce 340G,https://www.tesco.com/groceries/en-GB/products/260504542,1687615689.507423,"['£1.85', '£0.54/100g']",1.85,£0.54/100g
9431,Bear Giant Yoyo Apple & Blackcurrant 5 X 20G,https://www.tesco.com/groceries/en-GB/products/306927708,1687615689.573534,"['£2.85', '£2.85/100g']",2.85,£2.85/100g
9432,Blooms Salami Chub 227G,https://www.tesco.com/groceries/en-GB/products/268312318,1687615689.661352,"['£3.05', '£1.34/100g']",3.05,£1.34/100g
9433,Eat Natural Simply Vegan Bars 3 X 45G,https://www.tesco.com/groceries/en-GB/products/302296521,1687615689.7262158,"['£2.40', '£1.78/100g']",2.4,£1.78/100g
9434,Hilltop Manuka Honey Mgo 50 225G,https://www.tesco.com/groceries/en-GB/products/302321469,1687615689.791956,"['£5.00', '£2.22/100g']",5.0,£2.22/100g
9435,Fulfil Chocolate Salted Caramel Vitamin & Protein Bar 40G,https://www.tesco.com/groceries/en-GB/products/306502105,1687615689.903556,"['£2.00', '£5.00/100g']",2.0,£5.00/100g
9436,Tesco Figs 250G,https://www.tesco.com/groceries/en-GB/products/253024285,1687615690.053782,"['£2.50', '£10.00/kg']",2.5,£10.00/kg
9437,Free Gluten Free Chocolate Stars Organic & Vegan 300G,https://www.tesco.com/groceries/en-GB/products/314107878,1687615690.12131,"['£2.50', '£0.83/100g']",2.5,£0.83/100g
9438,Auntys Strawberry Puddings 2X95g,https://www.tesco.com/groceries/en-GB/products/255375088,1687615690.187785,"['£1.50', '£0.79/100g']",1.5,£0.79/100g
9439,Knorr 8 Zero Salt Veggie Stock Cubes 72G,https://www.tesco.com/groceries/en-GB/products/308093589,1687615690.255436,"['£1.90', '£2.64/100g']",1.9,£2.64/100g
9440,Quaker Oat So Simple Big Golden Syrup Porridge 6 Pack 298G,https://www.tesco.com/groceries/en-GB/products/304369317,1687615690.321064,"['£2.50', '£0.84/100g']",2.5,£0.84/100g
9441,Aero Milk Chocolate Peppermint Bubbles 201G,https://www.tesco.com/groceries/en-GB/products/308099289,1687615690.397044,"['£2.25', '£1.12/100g']",2.25,£1.12/100g
9442,Kingfisher Jumbo Crab 145G,https://www.tesco.com/groceries/en-GB/products/302638538,1687615690.4729862,"['£3.25', '£3.10/100g DR.WT']",3.25,£3.10/100g DR.WT
9443,Dr. Oetker Moroccan Almond Extract 35Ml,https://www.tesco.com/groceries/en-GB/products/278533335,1687615690.5411751,"['£1.45', '£0.41/10ml']",1.45,£0.41/10ml
9444,Barilla Fusilli 500G,https://www.tesco.com/groceries/en-GB/products/283223067,1687615690.6134982,"['£1.40', '£2.80/kg']",1.4,£2.80/kg
9445,Heinz Tomato Sauce For Bolognese Cooking Sauce 350G,https://www.tesco.com/groceries/en-GB/products/311780654,1687615690.6878788,"['£2.00', '£5.71/kg']",2.0,£5.71/kg
9446,Princes Pineapple Fruit Pots 2X120g,https://www.tesco.com/groceries/en-GB/products/308462619,1687615690.783136,"['£1.70', '£12.14/kg DR.WT']",1.7,£12.14/kg DR.WT
9447,Popworks Sweet & Salty Popped Crisps 5X17g,https://www.tesco.com/groceries/en-GB/products/312575493,1687615690.8490071,"['£1.95', '£2.29/100g']",1.95,£2.29/100g
9448,Hartleys 10Cal Cherry Bakewell Tart Jelly 175G,https://www.tesco.com/groceries/en-GB/products/307340127,1687615696.4732852,"['£0.85', '£0.49/100g']",0.85,£0.49/100g
9449,Schwartz Slow Cooker Chicken Provencal 35G,https://www.tesco.com/groceries/en-GB/products/272573711,1687615696.567208,"['£0.95', '£2.71/100g']",0.95,£2.71/100g
9450,Cadbury Dairy Milk 45G,https://www.tesco.com/groceries/en-GB/products/275565630,1687615696.6616619,"['£0.75', '£1.67/100g']",0.75,£1.67/100g
9451,Tesco Free From White Chocolate Bar 35G,https://www.tesco.com/groceries/en-GB/products/292339182,1687615696.7827919,"['£0.50', '£1.43/100g']",0.5,£1.43/100g
9452,Ms. Molly's Vanilla Flavour Frosting 300G,https://www.tesco.com/groceries/en-GB/products/309464847,1687615696.855407,"['£0.97', '£0.32/100g']",0.97,£0.32/100g
9453,Tesco Italian Ro Asted Pepper Antipasti 285G,https://www.tesco.com/groceries/en-GB/products/265335774,1687615696.923507,"['£2.65', '£1.56/100g']",2.65,£1.56/100g
9454,The Spice Tailor Original Tikka Masala 300G,https://www.tesco.com/groceries/en-GB/products/277017050,1687615696.9903092,"['£3.75', '£1.25/100g']",3.75,£1.25/100g
9455,The Spice Tailor Keralan Coconut Curry 225G,https://www.tesco.com/groceries/en-GB/products/277017159,1687615697.077603,"['£3.75', '£16.67/kg']",3.75,£16.67/kg
9456,Princes Drained Tuna Steak In Spring Water 110G,https://www.tesco.com/groceries/en-GB/products/302276424,1687615697.165764,"['£2.10', '£1.91/100g']",2.1,£1.91/100g
9457,Nestle Nido Instant Full Cream Milk Powder 400G,https://www.tesco.com/groceries/en-GB/products/260148289,1687615697.2577899,"['£5.70', '£1.42/100g']",5.7,£1.42/100g
9459,Baxters Luxury Cream Of Asparagus Soup 400G,https://www.tesco.com/groceries/en-GB/products/267194602,1687615697.404672,"['£2.50', '£0.62/100g']",2.5,£0.62/100g
9460,Tesco Sliced Green Jalapenos In Brine 300G,https://www.tesco.com/groceries/en-GB/products/305051115,1687615697.473557,"['£1.50', '£1.11/100g DR.WT']",1.5,£1.11/100g DR.WT
9461,Crespo Pitted Green Olives 354G,https://www.tesco.com/groceries/en-GB/products/264353212,1687615697.543231,"['£1.80', '£1.12/100g DR.WT']",1.8,£1.12/100g DR.WT
9462,Blue Dragon Thai Red Curry Paste 170G,https://www.tesco.com/groceries/en-GB/products/312703187,1687615697.615703,"['£2.30', '£1.35/100g']",2.3,£1.35/100g
9463,Ryvita Cracked Black Pepper Crisp Bread 5X40g,https://www.tesco.com/groceries/en-GB/products/266319153,1687615697.68224,"['£2.00', '£1.00/100g']",2.0,£1.00/100g
9464,Dr. Oetker Coloured Gel - Green Extra Strong 15G,https://www.tesco.com/groceries/en-GB/products/297356988,1687615697.7500942,"['£1.50', '£1.00/10g']",1.5,£1.00/10g
9465,Royal Chai Ginger Tea Washout Sugar 180G,https://www.tesco.com/groceries/en-GB/products/267766986,1687615697.8201358,"['£2.90', '£1.61/100g']",2.9,£1.61/100g
9466,Tesco Organic Walnut Halves 100G,https://www.tesco.com/groceries/en-GB/products/309461113,1687615697.8862789,"['£2.10', '£21.00/kg']",2.1,£21.00/kg
9467,Nairns Gluten Free Rosemary & Sea Salt Flatbreads 150G,https://www.tesco.com/groceries/en-GB/products/301804113,1687615697.951924,"['£2.00', '£1.33/100g']",2.0,£1.33/100g
9468,Tesco Finest Beetroot & Seed Crackers 150G,https://www.tesco.com/groceries/en-GB/products/297315692,1687615698.0158799,"['£2.15', '£1.43/100g']",2.15,£1.43/100g
9469,Crosse And Blackwell Cream Ofmushroom Soup 400G,https://www.tesco.com/groceries/en-GB/products/307748740,1687615698.081027,"['£1.25', '£0.31/100g']",1.25,£0.31/100g
9470,East End Ground Coriander Powder 100G,https://www.tesco.com/groceries/en-GB/products/259685863,1687615698.1454191,"['£1.20', '£0.12/10g']",1.2,£0.12/10g
9471,Mister Free'd Tortilla Chips Avocado & Guacamole 135G,https://www.tesco.com/groceries/en-GB/products/310111055,1687615698.213145,"['£2.00', '£14.82/kg']",2.0,£14.82/kg
9472,De Cecco Pasta Conchiglie Rigate 500G,https://www.tesco.com/groceries/en-GB/products/301373079,1687615698.316282,"['£2.00', '£4.00/kg']",2.0,£4.00/kg
9473,Heinz Beanz Fiery Chilli 390G,https://www.tesco.com/groceries/en-GB/products/275184389,1687615698.406145,"['£1.80', '£4.62/kg']",1.8,£4.62/kg
9474,Walkers Max Strong Hot Sauce Blaze Crisps 140G,https://www.tesco.com/groceries/en-GB/products/312098660,1687615698.477667,"['£2.25', '£1.61/100g']",2.25,£1.61/100g
9475,Tesco Multiseed Bread Mix 500G,https://www.tesco.com/groceries/en-GB/products/285024271,1687615698.546869,"['£1.20', '£2.40/kg']",1.2,£2.40/kg
9476,Colman's Fish Pie Recipe Mix 20G,https://www.tesco.com/groceries/en-GB/products/297021152,1687615698.616334,"['£1.00', '£5.00/100g']",1.0,£5.00/100g
9477,Sharwoods Szechuan Kung Po Sauce 425G,https://www.tesco.com/groceries/en-GB/products/258047601,1687615698.688086,"['£2.80', '£0.66/100g']",2.8,£0.66/100g
9478,Walkers Max Fiery Prawn Cocktail Crisps 6X27g,https://www.tesco.com/groceries/en-GB/products/311935927,1687615698.775525,"['£1.95', '£1.20/100g']",1.95,£1.20/100g
9479,Tesco Medium Chapatti Flour 10Kg,https://www.tesco.com/groceries/en-GB/products/271657355,1687615698.862585,"['£5.50', '£0.55/kg']",5.5,£0.55/kg
9480,Ben's Original Roasted Garlic Microwave Rice 250G,https://www.tesco.com/groceries/en-GB/products/309164724,1687615698.931287,"['£1.40', '£5.60/kg']",1.4,£5.60/kg
9481,Tesco Tuna Chunks In Oil 3 X 80G,https://www.tesco.com/groceries/en-GB/products/266837576,1687615698.997634,"['£2.10', '£1.25/100g DR.WT']",2.1,£1.25/100g DR.WT
9482,Walkers Baked Cheese & Onion 37.5G,https://www.tesco.com/groceries/en-GB/products/259154000,1687615699.067307,"['£0.95', '£2.53/100g']",0.95,£2.53/100g
9483,Naked Rice Szechuan Sweet & Spicy Pot 78G,https://www.tesco.com/groceries/en-GB/products/300497223,1687615699.223118,"['£1.20', '£15.38/kg']",1.2,£15.38/kg
9484,Moo Free Bunnycomb Mini Bar 20G,https://www.tesco.com/groceries/en-GB/products/307148119,1687615699.33432,"['£0.60', '£3.00/100g']",0.6,£3.00/100g
9485,Grace Chicken Flavour Noodle Soup Mix 60G,https://www.tesco.com/groceries/en-GB/products/259347319,1687615699.3997939,"['£0.75', '£1.25/100g']",0.75,£1.25/100g
9486,Nando's Peri Peri Rub Bbq 25G,https://www.tesco.com/groceries/en-GB/products/277971727,1687615699.470379,"['£1.00', '£0.40/10g']",1.0,£0.40/10g
9487,Jammin Sparkling Black Grape Drink 2 Litres,https://www.tesco.com/groceries/en-GB/products/267766295,1687615699.551875,"['£0.95', '£0.05/100ml']",0.95,£0.05/100ml
9488,Walkers Salt & Vinegar Crisps 45G,https://www.tesco.com/groceries/en-GB/products/308495685,1687615699.617741,"['£1.00', '£2.22/100g']",1.0,£2.22/100g
9489,Nomo Free From Caramel & Sea Salt Chocolate Bar 38G,https://www.tesco.com/groceries/en-GB/products/303666278,1687615699.736604,"['£1.00', '£2.63/100g']",1.0,£2.63/100g
9490,Tesco Milk Chocolate Turkish Delight Thins 180G,https://www.tesco.com/groceries/en-GB/products/311670623,1687615699.8239622,"['£1.25', '£0.69/100g']",1.25,£0.69/100g
9491,Tesco Pork Gravy Granules 200G,https://www.tesco.com/groceries/en-GB/products/300600563,1687615699.896626,"['£0.95', '£0.48/100g']",0.95,£0.48/100g
9492,Tesco Chocolate Orange Rice Cakes 129G,https://www.tesco.com/groceries/en-GB/products/306663392,1687615699.962139,"['£1.30', '£1.01/100g']",1.3,£1.01/100g
9493,Magg Juicy Mediterranean Chicken Seasoning & Cooking Bags 37G,https://www.tesco.com/groceries/en-GB/products/305738179,1687615700.033398,"['£0.70', '£1.89/100g']",0.7,£1.89/100g
9494,Sharwoods Hoisin Marinade Sauce 290G,https://www.tesco.com/groceries/en-GB/products/272655690,1687615700.0992918,"['£3.50', '£1.21/100g']",3.5,£1.21/100g
9495,The Spice Tailor Butter Chicken Mild Curry 300G,https://www.tesco.com/groceries/en-GB/products/289623609,1687615700.167039,"['£3.75', '£12.50/kg']",3.75,£12.50/kg
9496,Gran Luchito Lightly Salted Tortilla Chips 170G,https://www.tesco.com/groceries/en-GB/products/304404017,1687615706.300095,"['£2.65', '£1.56/100g']",2.65,£1.56/100g
9497,Tiptree Tomato Sauce 310G,https://www.tesco.com/groceries/en-GB/products/261892079,1687615706.3806632,"['£3.00', '£0.97/100g']",3.0,£0.97/100g
9498,Grape Nuts 580G,https://www.tesco.com/groceries/en-GB/products/285353353,1687615706.467454,"['£3.75', '£0.65/100g']",3.75,£0.65/100g
9499,Betty Crocker Vanilla Buttercream Icing 400G,https://www.tesco.com/groceries/en-GB/products/288716692,1687615706.54405,"['£3.00', '£0.75/100g']",3.0,£0.75/100g
9500,Dorset Cereals Muesli Fruit & Nut Crunch 400G,https://www.tesco.com/groceries/en-GB/products/312084117,1687615706.652158,"['£4.00', '£1.00/100g']",4.0,£1.00/100g
9501,Bonne Maman Intense Apricot Jam 335G,https://www.tesco.com/groceries/en-GB/products/303879769,1687615706.747961,"['£3.80', '£1.13/100g']",3.8,£1.13/100g
9502,Whitworths Sunny Raisin 6 X42.5G,https://www.tesco.com/groceries/en-GB/products/258141777,1687615706.8194408,"['£2.40', '£9.41/kg']",2.4,£9.41/kg
9503,Bear Bites Blackcurrant & Beetroot 5 X 18G,https://www.tesco.com/groceries/en-GB/products/306945491,1687615706.891545,"['£2.85', '£3.17/100g']",2.85,£3.17/100g
9504,Schar Gluten Free Waffles 100G,https://www.tesco.com/groceries/en-GB/products/297673670,1687615706.991989,"['£2.40', '£2.40/100g']",2.4,£2.40/100g
9505,Fruit Bowl Raisin Yogurt 5X25g,https://www.tesco.com/groceries/en-GB/products/302154223,1687615707.093766,"['£2.25', '£1.80/100g']",2.25,£1.80/100g
9506,Quaker Oat So Simple Protein Golden Syrup Porridge 8X 43G,https://www.tesco.com/groceries/en-GB/products/299600253,1687615707.1696599,"['£3.50', '£1.02/100g']",3.5,£1.02/100g
9507,Warburtons Gluten Free 4 Soft Brioche Rolls,https://www.tesco.com/groceries/en-GB/products/310144528,1687615707.30387,"['£2.90', '£0.72/each']",2.9,£0.72/each
9508,Peperami Tender Jerky Original 50G,https://www.tesco.com/groceries/en-GB/products/307361223,1687615707.37693,"['£2.00', '£4.00/100g']",2.0,£4.00/100g
9509,Dr Oetker Pudding In A Mug Rich Chocolate 70G,https://www.tesco.com/groceries/en-GB/products/293015114,1687615707.453546,"['£0.85', '£12.14/kg']",0.85,£12.14/kg
9510,Encona Canadian Maple Chilli Jam 285Ml,https://www.tesco.com/groceries/en-GB/products/314099552,1687615707.518672,"['£2.00', '£0.70/100ml']",2.0,£0.70/100ml
9511,Lowicz Raspberry Syrup 400Ml,https://www.tesco.com/groceries/en-GB/products/263204408,1687615707.607639,"['£1.65', '£0.41/100ml']",1.65,£0.41/100ml
9512,Colman's Pepper Sauce Mix 40G,https://www.tesco.com/groceries/en-GB/products/278777098,1687615707.6741388,"['£1.00', '£2.50/100g']",1.0,£2.50/100g
9513,Haribo Halal Happy Cola Zing 100G,https://www.tesco.com/groceries/en-GB/products/308464019,1687615707.740742,"['£1.25', '£1.25/100g']",1.25,£1.25/100g
9514,Schar Rich Tea Biscuits 125G,https://www.tesco.com/groceries/en-GB/products/277407907,1687615707.8073862,"['£1.60', '£1.28/100g']",1.6,£1.28/100g
9515,Wild West Honey Bbq Steak Strips 35G,https://www.tesco.com/groceries/en-GB/products/314436718,1687615707.8815548,"['£2.00', '£57.14/kg']",2.0,£57.14/kg
9516,Tesco Onion Salt 80G,https://www.tesco.com/groceries/en-GB/products/289081230,1687615707.945964,"['£0.90', '£0.11/10g']",0.9,£0.11/10g
9517,Itsu Seaweed Thins Sea Salt 5G,https://www.tesco.com/groceries/en-GB/products/279834507,1687615708.01393,"['£1.00', '£20.00/100g']",1.0,£20.00/100g
9518,Tesco Pitted Green Olives With Red Peppers,https://www.tesco.com/groceries/en-GB/products/293425320,1687615708.122017,"['£1.10', '£1.57/100g']",1.1,£1.57/100g
9519,Wild West Original Steak Strips 35G,https://www.tesco.com/groceries/en-GB/products/314115534,1687615708.187766,"['£2.00', '£57.14/kg']",2.0,£57.14/kg
9520,East End Garam Masala Powder 100G,https://www.tesco.com/groceries/en-GB/products/259685759,1687615708.2553642,"['£1.20', '£0.12/10g']",1.2,£0.12/10g
9521,Tesco Garni 5G,https://www.tesco.com/groceries/en-GB/products/285353779,1687615708.331376,"['£0.90', '£1.80/10g']",0.9,£1.80/10g
9522,Maynards Sports Mixture 190G,https://www.tesco.com/groceries/en-GB/products/272493004,1687615708.4023612,"['£1.50', '£0.79/100g']",1.5,£0.79/100g
9523,Del Monte Crushed Pineapple In Juice 435G,https://www.tesco.com/groceries/en-GB/products/256265858,1687615708.4718459,"['£1.20', '£4.32/kg DR.WT']",1.2,£4.32/kg DR.WT
9524,Tesco Spanish Chicken Sauce 500G,https://www.tesco.com/groceries/en-GB/products/297334070,1687615708.5403001,"['£1.20', '£0.24/100g']",1.2,£0.24/100g
9525,Moo Free Original Mini Bar 20G,https://www.tesco.com/groceries/en-GB/products/307158885,1687615708.608387,"['£0.60', '£3.00/100g']",0.6,£3.00/100g
9526,Kallo V Low Salt Stock Cubes Beef 48G,https://www.tesco.com/groceries/en-GB/products/282047185,1687615708.674748,"['£1.40', '£2.92/100g']",1.4,£2.92/100g
9527,Airwaves Menthol & Eucalyptus Gum 10 Pieces,https://www.tesco.com/groceries/en-GB/products/253747627,1687615708.7678258,"['£0.70', '£0.05/kg']",0.7,£0.05/kg
9528,Tic Tac Fresh Mint 18G,https://www.tesco.com/groceries/en-GB/products/262319165,1687615708.83389,"['£0.60', '£3.33/100g']",0.6,£3.33/100g
9529,Tesco Free From Korma Cooking Sauce 500G,https://www.tesco.com/groceries/en-GB/products/287547213,1687615708.942378,"['£1.20', '£0.24/100g']",1.2,£0.24/100g
9530,Tesco Spinach Farfalle 500G,https://www.tesco.com/groceries/en-GB/products/305037299,1687615709.049911,"['£0.80', '£1.60/kg']",0.8,£1.60/kg
9531,Tesco Cardamon 30G,https://www.tesco.com/groceries/en-GB/products/257536519,1687615709.170389,"['£0.90', '£0.30/10g']",0.9,£0.30/10g
9532,Tesco Finest Pink Himalayan Salt Mill 95G,https://www.tesco.com/groceries/en-GB/products/300456324,1687615709.2406049,"['£4.00', '£42.10/kg']",4.0,£42.10/kg
9533,Belazu Rose Harissa Paste 130G,https://www.tesco.com/groceries/en-GB/products/303843656,1687615709.31096,"['£3.85', '£0.30/10g']",3.85,£0.30/10g
9534,Tesco Pistachio Nuts In Shell 250G,https://www.tesco.com/groceries/en-GB/products/271666972,1687615709.378103,"['£3.55', '£14.20/kg']",3.55,£14.20/kg
9535,Fray Bentos Steak & Kidney Pudding 200G,https://www.tesco.com/groceries/en-GB/products/279818769,1687615709.449528,"['£2.75', '£13.75/kg']",2.75,£13.75/kg
9536,Ben's Original Long Grain Rice 500G,https://www.tesco.com/groceries/en-GB/products/309192932,1687615709.524738,"['£2.65', '£5.30/kg']",2.65,£5.30/kg
9537,Filippo Berio Classic Green Pesto 190G,https://www.tesco.com/groceries/en-GB/products/283222108,1687615709.593319,"['£2.80', '£1.47/100g']",2.8,£1.47/100g
9538,Weetabix Crunchy Bran Cereal 375G,https://www.tesco.com/groceries/en-GB/products/268583083,1687615709.661116,"['£3.00', '£0.80/100g']",3.0,£0.80/100g
9539,Bens Original Sweet & Sour Sauce 675G,https://www.tesco.com/groceries/en-GB/products/309172207,1687615709.730308,"['£2.75', '£0.41/100g']",2.75,£0.41/100g
9540,Tesco Pimiento Stuffed Green Olives920g,https://www.tesco.com/groceries/en-GB/products/307355185,1687615709.802067,"['£2.80', '£0.47/100g DR.WT']",2.8,£0.47/100g DR.WT
9541,Najma Sliced Chicken With Herbs 150G,https://www.tesco.com/groceries/en-GB/products/291546266,1687615709.875065,"['£2.60', '£1.73/100g']",2.6,£1.73/100g
9542,Nando's Peri Peri Salt 70G,https://www.tesco.com/groceries/en-GB/products/277971543,1687615709.949452,"['£2.00', '£28.57/kg']",2.0,£28.57/kg
9543,Bear Yoyo Sours Strawberry & Apple 10 Rolls 5 Pack,https://www.tesco.com/groceries/en-GB/products/295684372,1687615710.0209,"['£2.85', '£2.85/100g']",2.85,£2.85/100g
9544,Baxters Luxury Lobster Bisque Soup 400G,https://www.tesco.com/groceries/en-GB/products/267195359,1687615716.303243,"['£2.50', '£0.62/100g']",2.5,£0.62/100g
9545,Kind Dark Chocolate Nuts & Sea Salt Bars 3 X 30G,https://www.tesco.com/groceries/en-GB/products/308109009,1687615716.378033,"['£3.00', '£3.33/100g']",3.0,£3.33/100g
9546,Blue Dragon Sweet Teriyaki Sauce 190Ml,https://www.tesco.com/groceries/en-GB/products/303126895,1687615716.4523149,"['£1.90', '£1.00/100ml']",1.9,£1.00/100ml
9547,Fibre One Reduced Sugar Salted Caramel Squares 5X24g,https://www.tesco.com/groceries/en-GB/products/305833884,1687615716.522231,"['£2.60', '£2.17/100g']",2.6,£2.17/100g
9548,Allinson's Very Strong Wholemeal Bread Flour 1Kg,https://www.tesco.com/groceries/en-GB/products/314097519,1687615716.588444,"['£1.95', '£1.95/kg']",1.95,£1.95/kg
9549,Gogo Squeez Fruit Snack Apple Mango 4X90g,https://www.tesco.com/groceries/en-GB/products/297754534,1687615716.659778,"['£2.55', '£0.71/100g']",2.55,£0.71/100g
9550,Samai Salted Plantain Chips 75G,https://www.tesco.com/groceries/en-GB/products/268111844,1687615716.751294,"['£0.85', '£1.13/100g']",0.85,£1.13/100g
9551,Allinson's Very Strong White Bread Flour 1Kg,https://www.tesco.com/groceries/en-GB/products/314304633,1687615716.81683,"['£1.95', '£1.95/kg']",1.95,£1.95/kg
9552,Najma Halal Sliced Turkey Chorizo 80G,https://www.tesco.com/groceries/en-GB/products/291547259,1687615716.912086,"['£1.70', '£2.12/100g']",1.7,£2.12/100g
9553,Allinson's Strong White Bread Flour 1Kg,https://www.tesco.com/groceries/en-GB/products/313855828,1687615716.97975,"['£1.95', '£1.95/kg']",1.95,£1.95/kg
9554,Wonderfarm Young Coconut Water 310Ml,https://www.tesco.com/groceries/en-GB/products/273169578,1687615717.04889,"['£0.95', '£0.31/100ml']",0.95,£0.31/100ml
9555,Tesco Flax Seeds 150G,https://www.tesco.com/groceries/en-GB/products/290594532,1687615717.1188369,"['£1.20', '£8.00/kg']",1.2,£8.00/kg
9556,Ainsley Harriott Thai Chicken & Lemon Grass 3 Pack 69G,https://www.tesco.com/groceries/en-GB/products/289707603,1687615717.195595,"['£1.20', '£1.74/100g']",1.2,£1.74/100g
9557,Franks Buffalo Wing Sauce 148Ml,https://www.tesco.com/groceries/en-GB/products/274220395,1687615717.264054,"['£2.20', '£1.49/100ml']",2.2,£1.49/100ml
9558,Tesco 5 Banana Bites With A Yogurt Coating 125G,https://www.tesco.com/groceries/en-GB/products/309488940,1687615717.354045,"['£1.90', '£1.52/100g']",1.9,£1.52/100g
9559,Mars Fun Size Chocolate Bars Multipack 16 X 18.9g,https://www.tesco.com/groceries/en-GB/products/311267030,1687615717.423906,"['£3.50', '£1.16/100g']",3.5,£1.16/100g
9560,Hartleys Sugar Free Jelly Blackcurrant 23G,https://www.tesco.com/groceries/en-GB/products/252468818,1687615717.490538,"['£1.20', '£5.22/100g']",1.2,£5.22/100g
9561,Cadbury Oreo Cadbury Coated Biscuit 164G,https://www.tesco.com/groceries/en-GB/products/304372445,1687615717.5599942,"['£2.20', '£1.34/100g']",2.2,£1.34/100g
9562,Tesco Ground Mix Spice 37G,https://www.tesco.com/groceries/en-GB/products/256150061,1687615717.648087,"['£0.90', '£0.24/10g']",0.9,£0.24/10g
9563,Foresight Pease Pudding 410G,https://www.tesco.com/groceries/en-GB/products/275206492,1687615717.713435,"['£0.85', '£2.07/kg']",0.85,£2.07/kg
9564,Tesco Free From Chicken & Mushroom Noodles 75G,https://www.tesco.com/groceries/en-GB/products/300832789,1687615717.785841,"['£1.35', '£18.00/kg']",1.35,£18.00/kg
9565,Nutella & Go 48G,https://www.tesco.com/groceries/en-GB/products/284603630,1687615717.8526669,"['£1.10', '£2.29/100g']",1.1,£2.29/100g
9566,Regal Lightly Salted Popcorn 150G,https://www.tesco.com/groceries/en-GB/products/272556945,1687615717.9672089,"['£1.60', '£1.07/100g']",1.6,£1.07/100g
9567,Dunns River Everyday Seasoning 100G,https://www.tesco.com/groceries/en-GB/products/254352862,1687615718.0371048,"['£1.05', '£1.05/100g']",1.05,£1.05/100g
9568,Blue Dragon Aromatic Katsu Stir Fry Sauce 120G,https://www.tesco.com/groceries/en-GB/products/303416310,1687615718.131595,"['£0.95', '£0.79/100g']",0.95,£0.79/100g
9569,Pot Noodle Doner Kebab 90G,https://www.tesco.com/groceries/en-GB/products/313363007,1687615718.222917,"['£1.20', '£13.33/kg']",1.2,£13.33/kg
9570,Tesco Ground Cloves 40G,https://www.tesco.com/groceries/en-GB/products/287841498,1687615718.289692,"['£0.90', '£0.22/10g']",0.9,£0.22/10g
9571,Dunns River Gungo Peas 400G,https://www.tesco.com/groceries/en-GB/products/255934034,1687615718.365791,"['£0.80', '£2.00/kg']",0.8,£2.00/kg
9572,Extra Strawberry Gum 10 Pieces,https://www.tesco.com/groceries/en-GB/products/271493749,1687615718.431467,"['£0.70', '£5.00/100g']",0.7,£5.00/100g
9573,Kinder Surprise Egg 20G,https://www.tesco.com/groceries/en-GB/products/259298175,1687615718.49534,"['£0.99', '£4.95/100g']",0.99,£4.95/100g
9574,Maltesers Dark Chocolate 30% Less Sugar 88G,https://www.tesco.com/groceries/en-GB/products/311947717,1687615718.602697,"['£1.50', '£1.70/100g']",1.5,£1.70/100g
9575,Tesco Fruit & Nut Milk Chocolate 200G,https://www.tesco.com/groceries/en-GB/products/300794983,1687615718.668206,"['£1.20', '£0.60/100g']",1.2,£0.60/100g
9576,Tilda Basmati Brown Rice 1Kg,https://www.tesco.com/groceries/en-GB/products/258472736,1687615718.736085,"['£4.95', '£4.95/kg']",4.95,£4.95/kg
9577,Bfree Pizza Bases 360G,https://www.tesco.com/groceries/en-GB/products/298115300,1687615718.802877,"['£3.80', '£1.06/100g']",3.8,£1.06/100g
9578,Lizi's Original Granola 500G,https://www.tesco.com/groceries/en-GB/products/260782712,1687615718.869317,"['£3.00', '£0.60/100g']",3.0,£0.60/100g
9579,Jordans Super Granola Berry 550G,https://www.tesco.com/groceries/en-GB/products/296961814,1687615718.944957,"['£4.30', '£0.78/100g']",4.3,£0.78/100g
9580,Hp Bbq Honey Woodsmoke Sauce 465G,https://www.tesco.com/groceries/en-GB/products/268347628,1687615719.0113,"['£3.40', '£0.73/100g']",3.4,£0.73/100g
9581,Yutaka Sushi Nori 11G,https://www.tesco.com/groceries/en-GB/products/253662911,1687615719.135212,"['£2.00', '£18.18/100g']",2.0,£18.18/100g
9582,Natures Path Organic Gluten Free Mesa Sunrise Cereal 355G,https://www.tesco.com/groceries/en-GB/products/273667363,1687615719.2035332,"['£3.50', '£0.99/100g']",3.5,£0.99/100g
9583,Bonne Maman Blackcurrant Conserve 370G,https://www.tesco.com/groceries/en-GB/products/252813401,1687615719.271164,"['£3.30', '£0.89/100g']",3.3,£0.89/100g
9584,Bonne Maman Strawberry & Wild Strawberry Conserve 370G,https://www.tesco.com/groceries/en-GB/products/257996613,1687615719.3772779,"['£3.60', '£0.97/100g']",3.6,£0.97/100g
9585,Tilda Thai Jasmine Rice 500G,https://www.tesco.com/groceries/en-GB/products/258204208,1687615719.467218,"['£3.00', '£6.00/kg']",3.0,£6.00/kg
9586,Old El Paso 8 Tortilla Pockets 223G,https://www.tesco.com/groceries/en-GB/products/305969838,1687615719.565569,"['£2.70', '£1.21/100g']",2.7,£1.21/100g
9587,Tesco Ground Black Pepper 50G,https://www.tesco.com/groceries/en-GB/products/256146389,1687615719.630455,"['£1.60', '£0.32/10g']",1.6,£0.32/10g
9588,Pataks Ready To Eat Garlic & Coriander Papadums 8 Pack,https://www.tesco.com/groceries/en-GB/products/258482350,1687615719.704343,"['£2.15', '£2.69/100g']",2.15,£2.69/100g
9589,Create A Cake White Muffin Cases 75,https://www.tesco.com/groceries/en-GB/products/309753217,1687615719.771691,"['£1.50', '£0.02/each']",1.5,£0.02/each
9590,Kp Chilli Peanuts 225G,https://www.tesco.com/groceries/en-GB/products/297814101,1687615719.838443,"['£3.00', '£13.33/kg']",3.0,£13.33/kg
9591,Trek White Chocolate & Raspberry Protein Flapjacks 3X50g,https://www.tesco.com/groceries/en-GB/products/307132944,1687615719.9278421,"['£3.00', '£2.00/100g']",3.0,£2.00/100g
9592,Tesco Grains & Seeds Granola 500G,https://www.tesco.com/groceries/en-GB/products/292990428,1687615725.979896,"['£2.10', '£0.42/100g']",2.1,£0.42/100g
9593,East End Popcorn 500G,https://www.tesco.com/groceries/en-GB/products/267776029,1687615726.059547,"['£1.50', '£3.00/kg']",1.5,£3.00/kg
9594,Paxo Golden Breadcrumbs 227G,https://www.tesco.com/groceries/en-GB/products/262106716,1687615726.1368241,"['£1.55', '£6.83/kg']",1.55,£6.83/kg
9595,Spam Lite Chopped Pork And Ham 200G,https://www.tesco.com/groceries/en-GB/products/255902280,1687615726.2129972,"['£2.25', '£1.12/100g']",2.25,£1.12/100g
9596,Mcgerty Farmhouse Chutney 110G,https://www.tesco.com/groceries/en-GB/products/303106245,1687615726.287461,"['£1.80', '£1.64/100g']",1.8,£1.64/100g
9597,Lisner Matjas Herring Fillets 400G,https://www.tesco.com/groceries/en-GB/products/290359587,1687615726.392086,"['£2.75', '£6.88/kg']",2.75,£6.88/kg
9598,Princes Tuna Chunks In Brine 145G,https://www.tesco.com/groceries/en-GB/products/302294828,1687615726.474381,"['£1.75', '£1.72/100g DR.WT']",1.75,£1.72/100g DR.WT
9599,Dr.Oetker Gelatine Sachet 3X12g,https://www.tesco.com/groceries/en-GB/products/280932920,1687615726.587532,"['£1.40', '£3.89/100g']",1.4,£3.89/100g
9600,Princes Tropical Fruit Salad Fruit Pots 2X120g,https://www.tesco.com/groceries/en-GB/products/308485806,1687615726.658603,"['£1.70', '£12.14/kg DR.WT']",1.7,£12.14/kg DR.WT
9601,Ben's Original Chinese Style Microwave Rice 250G,https://www.tesco.com/groceries/en-GB/products/309181093,1687615726.7247329,"['£1.40', '£5.60/kg']",1.4,£5.60/kg
9602,Mighty Barista M.Lk Uht Drink 1 Litre,https://www.tesco.com/groceries/en-GB/products/309785179,1687615726.791301,"['£2.00', '£2.00/litre']",2.0,£2.00/litre
9603,Tesco Free From Bramley Apple Pies 4 Pack,https://www.tesco.com/groceries/en-GB/products/256682675,1687615726.89273,"['£2.10', '£0.52/each']",2.1,£0.52/each
9604,Tesco Chicken Casserole 300G,https://www.tesco.com/groceries/en-GB/products/308105964,1687615726.960608,"['£1.80', '£6.00/kg']",1.8,£6.00/kg
9605,Reese's Peanut Butter Cup 5 Pack 77G,https://www.tesco.com/groceries/en-GB/products/301210752,1687615727.0280378,"['£1.35', '£1.75/100g']",1.35,£1.75/100g
9606,Tesco Fat Free Vinaigrette Dressing 250Ml,https://www.tesco.com/groceries/en-GB/products/292255735,1687615727.097402,"['£1.00', '£0.40/100ml']",1.0,£0.40/100ml
9607,Nissin Cup Noodles Kaisen Seafood 75G,https://www.tesco.com/groceries/en-GB/products/301373057,1687615727.165312,"['£1.70', '£22.67/kg']",1.7,£22.67/kg
9608,Nissin Soba Cup Sukiyaki Beef 89G,https://www.tesco.com/groceries/en-GB/products/297172738,1687615727.23073,"['£1.70', '£19.10/kg']",1.7,£19.10/kg
9609,Walkers Max Flamin Hot Crisps 50G,https://www.tesco.com/groceries/en-GB/products/290572685,1687615727.303356,"['£0.95', '£1.90/100g']",0.95,£1.90/100g
9610,Twix White Chocolate Biscuit Fingers 9X20g 180G,https://www.tesco.com/groceries/en-GB/products/311670986,1687615727.412559,"['£2.00', '£1.11/100g']",2.0,£1.11/100g
9611,Cofresh Hot Bombay Mix 325G,https://www.tesco.com/groceries/en-GB/products/301596283,1687615727.498336,"['£1.00', '£0.31/100g']",1.0,£0.31/100g
9612,Schwartz One Pan Cajun Chicken & Rice 32G,https://www.tesco.com/groceries/en-GB/products/305527509,1687615727.5653389,"['£0.95', '£2.97/100g']",0.95,£2.97/100g
9613,Cadbury Dairy Milk Mint Buttons Chocolate 110G,https://www.tesco.com/groceries/en-GB/products/309745417,1687615727.6505668,"['£1.35', '£1.23/100g']",1.35,£1.23/100g
9614,Extra Cool Breeze Gum 10 Pieces,https://www.tesco.com/groceries/en-GB/products/251890252,1687615727.717778,"['£0.70', '£5.00/100g']",0.7,£5.00/100g
9615,Maggi So Juicy Cajun Chicken 38G,https://www.tesco.com/groceries/en-GB/products/288911005,1687615727.788264,"['£0.70', '£1.84/100g']",0.7,£1.84/100g
9616,Tesco Organic Whole Wheat Spaghetti Pasta 500G,https://www.tesco.com/groceries/en-GB/products/262043041,1687615727.897183,"['£1.20', '£2.40/kg']",1.2,£2.40/kg
9617,Tesco Chipotle Chilli Flakes 37G,https://www.tesco.com/groceries/en-GB/products/300456186,1687615727.972918,"['£0.90', '£24.32/kg']",0.9,£24.32/kg
9618,Whole Earth Crunchy Peanut Butter 1Kg,https://www.tesco.com/groceries/en-GB/products/294224337,1687615728.039886,"['£6.80', '£0.68/100g']",6.8,£0.68/100g
9619,La Espanola Olive Oil 1L,https://www.tesco.com/groceries/en-GB/products/312853302,1687615728.106304,"['£7.40', '£0.74/100ml']",7.4,£0.74/100ml
9620,Tilda Basmati Brown Rice 500G,https://www.tesco.com/groceries/en-GB/products/254199298,1687615728.1970859,"['£3.00', '£6.00/kg']",3.0,£6.00/kg
9621,Graze Marmite Crunch Sharing Bag 100G,https://www.tesco.com/groceries/en-GB/products/310677479,1687615728.283605,"['£2.50', '£25.00/kg']",2.5,£25.00/kg
9622,Yutaka Japanese Mirin 150Ml,https://www.tesco.com/groceries/en-GB/products/253656602,1687615728.349233,"['£2.10', '£1.40/100ml']",2.1,£1.40/100ml
9623,Monty Bojangles Selection Of Cocoa Truffles 135G,https://www.tesco.com/groceries/en-GB/products/293134163,1687615728.4137862,"['£3.50', '£2.59/100g']",3.5,£2.59/100g
9624,Pip & Nut Crunchy Peanut Butter 300G,https://www.tesco.com/groceries/en-GB/products/309489772,1687615728.4785979,"['£3.00', '£1.00/100g']",3.0,£1.00/100g
9625,Tesco Oat Bran 675G,https://www.tesco.com/groceries/en-GB/products/305985899,1687615728.570389,"['£2.20', '£0.33/100g']",2.2,£0.33/100g
9626,Tesco Chicken Casserole 392G,https://www.tesco.com/groceries/en-GB/products/307751424,1687615728.645833,"['£2.40', '£6.12/kg']",2.4,£6.12/kg
9627,Schwartz Season All Seasoning 70G,https://www.tesco.com/groceries/en-GB/products/255865432,1687615728.926717,"['£2.00', '£0.29/10g']",2.0,£0.29/10g
9628,Schwartz Paprika Smoked 40G,https://www.tesco.com/groceries/en-GB/products/268589451,1687615729.0586638,"['£2.00', '£50.00/kg']",2.0,£50.00/kg
9629,Wicked Kitchen Sweet Potato & 3 Bean Chilli 300G,https://www.tesco.com/groceries/en-GB/products/308093757,1687615729.1472902,"['£2.30', '£7.67/kg']",2.3,£7.67/kg
9630,Create A Cake White Fairy Cake Cases 100,https://www.tesco.com/groceries/en-GB/products/309498283,1687615729.214911,"['£1.50', '£0.02/each']",1.5,£0.02/each
9631,Hellmann's Garlic & Herb Sauce 250Ml,https://www.tesco.com/groceries/en-GB/products/292462858,1687615729.296989,"['£2.50', '£1.00/100ml']",2.5,£1.00/100ml
9632,Nando's Peri Bbq Sauce Mild 275G,https://www.tesco.com/groceries/en-GB/products/314120677,1687615729.396113,"['£2.50', '£0.91/100g']",2.5,£0.91/100g
9633,Montezuma's Absolute Black Dark Chocolate Cocoa 90G,https://www.tesco.com/groceries/en-GB/products/307345485,1687615729.4897768,"['£2.75', '£3.06/100g']",2.75,£3.06/100g
9634,Green's Quick Jel Red Sachet 35G,https://www.tesco.com/groceries/en-GB/products/302196419,1687615729.5847921,"['£0.60', '£1.71/100g']",0.6,£1.71/100g
9635,Crosse And Blackwell Cauliflower & Wensleydale Soup 400G,https://www.tesco.com/groceries/en-GB/products/305254797,1687615729.651517,"['£1.25', '£0.31/100g']",1.25,£0.31/100g
9636,Flora Sunflower Oil Spray 200Ml,https://www.tesco.com/groceries/en-GB/products/312995393,1687615729.729588,"['£2.30', '£1.15/100ml']",2.3,£1.15/100ml
9637,Belvita Dark Chocolate & Hazelnut Baked Bar 4X 40G,https://www.tesco.com/groceries/en-GB/products/306497605,1687615729.794806,"['£1.75', '£1.09/100g']",1.75,£1.09/100g
9638,John West Infusions Tuna Basil 80G,https://www.tesco.com/groceries/en-GB/products/277883814,1687615729.86109,"['£1.80', '£2.25/100g']",1.8,£2.25/100g
9639,Niru Faluda Drink 290Ml,https://www.tesco.com/groceries/en-GB/products/271329243,1687615729.933552,"['£1.30', '£0.45/100ml']",1.3,£0.45/100ml
9640,Pringles Multigrain Less Salt Bbq Sauce 166G,https://www.tesco.com/groceries/en-GB/products/312702977,1687615734.990679,"['£2.00', '£1.20/100g']",2.0,£1.20/100g
9641,Mars Snickers Creamy Peanut Butter Chocolate Bars Multipack 10 X 18.2g,https://www.tesco.com/groceries/en-GB/products/308103183,1687615735.0854652,"['£2.50', '£1.37/100g']",2.5,£1.37/100g
9642,Tropical Sun Jmcan Ackee In Salted Water 280G,https://www.tesco.com/groceries/en-GB/products/260148214,1687615735.1553578,"['£2.85', '£10.18/kg']",2.85,£10.18/kg
9643,Reese's Peanut Butter Cups Minis Unwrapped 90G,https://www.tesco.com/groceries/en-GB/products/305963418,1687615735.222931,"['£1.75', '£1.94/100g']",1.75,£1.94/100g
9644,Tesco Chilli Con Carne 300G,https://www.tesco.com/groceries/en-GB/products/308110393,1687615735.291706,"['£1.80', '£6.00/kg']",1.8,£6.00/kg
9645,Tesco Mild Salsa Topping 290G,https://www.tesco.com/groceries/en-GB/products/272492530,1687615735.363977,"['£1.50', '£0.52/100g']",1.5,£0.52/100g
9646,Doritos Cool Original Corn Chips 48G,https://www.tesco.com/groceries/en-GB/products/308476817,1687615735.434004,"['£1.00', '£2.08/100g']",1.0,£2.08/100g
9647,Nando's Peri Peri Rub Garlic 25G,https://www.tesco.com/groceries/en-GB/products/277972225,1687615735.5419881,"['£1.00', '£0.40/10g']",1.0,£0.40/10g
9648,Moo Free Moofreesas Choccy Balls 35G,https://www.tesco.com/groceries/en-GB/products/314409901,1687615735.61135,"['£1.20', '£3.43/100g']",1.2,£3.43/100g
9649,Tesco Light Mayonnaise 500Ml,https://www.tesco.com/groceries/en-GB/products/305249769,1687615735.686392,"['£1.20', '£0.24/100ml']",1.2,£0.24/100ml
9650,Guinness Sausage Casserole Recipe Mix 40G,https://www.tesco.com/groceries/en-GB/products/308835520,1687615735.7555351,"['£1.00', '£2.50/100g']",1.0,£2.50/100g
9651,Alibi Max Chocolate Bar With Coconut & Caramel 49G,https://www.tesco.com/groceries/en-GB/products/280805714,1687615735.85758,"['£0.50', '£1.02/100g']",0.5,£1.02/100g
9652,Walkers Monster Munch Mega Pickled Onion Snack40g,https://www.tesco.com/groceries/en-GB/products/264441586,1687615735.926164,"['£1.00', '£2.50/100g']",1.0,£2.50/100g
9653,Kellogg's Nutrigrain Strawberry 37G,https://www.tesco.com/groceries/en-GB/products/252851390,1687615736.037811,"['£0.60', '£1.62/100g']",0.6,£1.62/100g
9654,"Tesco Finest Sardines With Chilli, Lime & Coriander 105G",https://www.tesco.com/groceries/en-GB/products/300601199,1687615736.15736,"['£1.15', '£1.10/100g']",1.15,£1.10/100g
9655,Tesco Saffron 0.5G,https://www.tesco.com/groceries/en-GB/products/251622093,1687615736.22511,"['£3.95', '£79.00/10g']",3.95,£79.00/10g
9656,Cooks & Co Roasted Red Peppers 460G,https://www.tesco.com/groceries/en-GB/products/268247996,1687615736.291868,"['£2.95', '£0.82/100g DR.WT']",2.95,£0.82/100g DR.WT
9657,Dunns River Ackee In Salted Water 540G,https://www.tesco.com/groceries/en-GB/products/271761093,1687615736.364573,"['£5.45', '£10.09/kg']",5.45,£10.09/kg
9658,Sacla Fiery Chilli Pesto 190G,https://www.tesco.com/groceries/en-GB/products/264860752,1687615736.429821,"['£3.35', '£1.76/100g']",3.35,£1.76/100g
9659,Bear Yoyo Blackcurrant 9 Pack 180G,https://www.tesco.com/groceries/en-GB/products/293425049,1687615736.496685,"['£4.45', '£2.47/100g']",4.45,£2.47/100g
9660,Marigold Engevita B12 Yeast Flakes 100G,https://www.tesco.com/groceries/en-GB/products/312208065,1687615736.567987,"['£3.90', '£3.90/100g']",3.9,£3.90/100g
9661,Najma Spicy Breaded Chicken Fillets 300G,https://www.tesco.com/groceries/en-GB/products/305970444,1687615736.632763,"['£3.50', '£1.17/100g']",3.5,£1.17/100g
9662,Tesco Peanuts And Raisins 300G,https://www.tesco.com/groceries/en-GB/products/276377586,1687615736.697226,"['£2.10', '£7.00/kg']",2.1,£7.00/kg
9663,Truvia Sweetener From Stevia Leaf 100 Tablets 5G,https://www.tesco.com/groceries/en-GB/products/278974659,1687615736.763052,"['£2.60', '£520.00/kg']",2.6,£520.00/kg
9664,Tesco Jumbo Peanuts 300G,https://www.tesco.com/groceries/en-GB/products/276416276,1687615736.865783,"['£2.10', '£7.00/kg']",2.1,£7.00/kg
9665,Tesco Wholefood Soup & Broth Mix 500G,https://www.tesco.com/groceries/en-GB/products/256538133,1687615736.940245,"['£1.70', '£3.40/kg']",1.7,£3.40/kg
9666,Dolmio Tomato & Cheese Pasta Bake 500G,https://www.tesco.com/groceries/en-GB/products/253946979,1687615737.005839,"['£2.50', '£0.50/100g']",2.5,£0.50/100g
9667,Cake Decor Coloured Writing Icing 76G,https://www.tesco.com/groceries/en-GB/products/304793079,1687615737.073971,"['£2.10', '£2.76/100g']",2.1,£2.76/100g
9668,Maoam Maomixx 350G,https://www.tesco.com/groceries/en-GB/products/308490229,1687615737.1467268,"['£3.00', '£0.86/100g']",3.0,£0.86/100g
9669,Newmans Own Ranch Dressing 250Ml,https://www.tesco.com/groceries/en-GB/products/259872411,1687615737.212893,"['£2.00', '£0.80/100ml']",2.0,£0.80/100ml
9670,Heinz Baked Beans Fridge Pack 1Kg,https://www.tesco.com/groceries/en-GB/products/267325161,1687615737.279379,"['£3.00', '£3.00/kg']",3.0,£3.00/kg
9671,Levi Roots Caribbean Bbq Sauce 290G,https://www.tesco.com/groceries/en-GB/products/284933924,1687615737.3466508,"['£2.20', '£0.76/100g']",2.2,£0.76/100g
9672,Frylight Rapeseed Oil Spray 190Ml,https://www.tesco.com/groceries/en-GB/products/311938521,1687615737.411385,"['£2.75', '£1.45/100ml']",2.75,£1.45/100ml
9673,Tesco Finest Pitted Halkidiki Olives 210G,https://www.tesco.com/groceries/en-GB/products/300832720,1687615737.478084,"['£2.25', '£2.37/100g DR.WT']",2.25,£2.37/100g DR.WT
9674,Polli Ingredient Sliced Sundried Tomatoes 120G,https://www.tesco.com/groceries/en-GB/products/308866356,1687615737.615581,"['£1.60', '£1.33/100g']",1.6,£1.33/100g
9675,Hartleys 10 Cal Raspberry Jelly 6X175g,https://www.tesco.com/groceries/en-GB/products/297569229,1687615737.6835032,"['£2.99', '£0.28/100g']",2.99,£0.28/100g
9676,Fuel10k Double Chocolate Oat Muffin 52G,https://www.tesco.com/groceries/en-GB/products/312842465,1687615737.75018,"['£1.25', '£2.40/100g']",1.25,£2.40/100g
9677,Crosse And Blackwell Scotch Broth Soup 400G,https://www.tesco.com/groceries/en-GB/products/310168074,1687615737.837187,"['£1.25', '£0.31/100g']",1.25,£0.31/100g
9678,Lubella Pasta 400G,https://www.tesco.com/groceries/en-GB/products/259347043,1687615737.906482,"['£1.35', '£3.38/kg']",1.35,£3.38/kg
9679,Lee Kum Kee Panda Oyster Sauce 510G,https://www.tesco.com/groceries/en-GB/products/276731668,1687615737.9715059,"['£2.35', '£0.46/100g']",2.35,£0.46/100g
9680,Tesco Mint 16G .. ..,https://www.tesco.com/groceries/en-GB/products/300456468,1687615738.036878,"['£0.90', '£0.56/10g']",0.9,£0.56/10g
9681,Pride Creamed Coconut 198G,https://www.tesco.com/groceries/en-GB/products/271208035,1687615738.102774,"['£0.95', '£0.48/100g']",0.95,£0.48/100g
9682,Tesco Mustard Seeds 60G,https://www.tesco.com/groceries/en-GB/products/268595587,1687615738.175151,"['£0.90', '£0.15/10g']",0.9,£0.15/10g
9683,Cofresh Karela 300G,https://www.tesco.com/groceries/en-GB/products/271197109,1687615738.240469,"['£1.00', '£3.33/kg']",1.0,£3.33/kg
9684,Mrs Crimble's Gluten Free Coconut Macaroons 180G,https://www.tesco.com/groceries/en-GB/products/310178511,1687615738.306747,"['£1.50', '£0.83/100g']",1.5,£0.83/100g
9685,Mccoy's Thai Sweet Chicken Grab Bag Crisps 45G,https://www.tesco.com/groceries/en-GB/products/311252600,1687615738.3791108,"['£1.00', '£2.22/100g']",1.0,£2.22/100g
9686,Cofresh Chilli & Lemon Bombay Mix 325G,https://www.tesco.com/groceries/en-GB/products/301596248,1687615738.4950101,"['£1.00', '£0.31/100g']",1.0,£0.31/100g
9687,Cadbury Dairy Milk 30% Less Sugar 85G,https://www.tesco.com/groceries/en-GB/products/302291267,1687615738.570343,"['£1.35', '£1.59/100g']",1.35,£1.59/100g
9688,Nomo Free From Chocolate Bar 38G,https://www.tesco.com/groceries/en-GB/products/303666290,1687615745.3847492,"['£1.00', '£2.63/100g']",1.0,£2.63/100g
9689,Skittles Giants Crazy Sour 141G,https://www.tesco.com/groceries/en-GB/products/311221044,1687615745.479755,"['£0.99', '£0.70/100g']",0.99,£0.70/100g
9690,Tesco Reduced Salt Gravy Granules 170G,https://www.tesco.com/groceries/en-GB/products/257120429,1687615745.548001,"['£0.95', '£0.56/100g']",0.95,£0.56/100g
9691,Tesco Free From Chocolate & Crispie Bar 30G,https://www.tesco.com/groceries/en-GB/products/267279176,1687615745.615555,"['£0.50', '£1.67/100g']",0.5,£1.67/100g
9692,Dunns River Jamaican Style Hot Sauce 85Ml,https://www.tesco.com/groceries/en-GB/products/258518578,1687615745.689077,"['£0.60', '£0.71/100ml']",0.6,£0.71/100ml
9693,Tesco Salt & Pepper Nut Mix Snack Pack 55G,https://www.tesco.com/groceries/en-GB/products/283112072,1687615745.764748,"['£1.00', '£18.18/kg']",1.0,£18.18/kg
9694,Taylor & Colledge Vanilla Bean Extract 100Ml,https://www.tesco.com/groceries/en-GB/products/293191606,1687615745.854325,"['£6.50', '£0.65/10ml']",6.5,£0.65/10ml
9695,Quaker Oat So Simple Protein Original Porridge 8Pk302g,https://www.tesco.com/groceries/en-GB/products/297519261,1687615745.932802,"['£3.50', '£1.16/100g']",3.5,£1.16/100g
9696,Rubicon Sparkling Mango Drink 18 X 330Ml,https://www.tesco.com/groceries/en-GB/products/301269417,1687615746.0425432,"['£6.75', '£0.11/100ml']",6.75,£0.11/100ml
9697,Blue Dragon Chow Mein Noodle Kit 160G,https://www.tesco.com/groceries/en-GB/products/313739431,1687615746.116169,"['£3.10', '£1.94/100g']",3.1,£1.94/100g
9698,Hilltop Everyday Blossom Honey 720G,https://www.tesco.com/groceries/en-GB/products/308475559,1687615746.190861,"['£3.50', '£0.49/100g']",3.5,£0.49/100g
9699,Dolmio Bolognese Ori Low Fat Pasta Sauce 750G,https://www.tesco.com/groceries/en-GB/products/256197078,1687615746.260538,"['£2.75', '£0.37/100g']",2.75,£0.37/100g
9700,Grace Mighty Malt Drink 6 X 330Ml,https://www.tesco.com/groceries/en-GB/products/266315026,1687615746.329621,"['£4.95', '£0.25/100ml']",4.95,£0.25/100ml
9701,John West Anchovy Fillets In Olive Oil 95G,https://www.tesco.com/groceries/en-GB/products/310103367,1687615746.399061,"['£2.80', '£5.60/100g DR.WT']",2.8,£5.60/100g DR.WT
9702,Oxo 24 Vegetable Stock Cubes 142G,https://www.tesco.com/groceries/en-GB/products/279737484,1687615746.468147,"['£3.10', '£2.18/100g']",3.1,£2.18/100g
9703,De Cecco Gnocchi Di Patate 500G,https://www.tesco.com/groceries/en-GB/products/262191170,1687615746.5371299,"['£2.50', '£5.00/kg']",2.5,£5.00/kg
9704,Organix Noughts & Crosses 4X15g,https://www.tesco.com/groceries/en-GB/products/271646161,1687615746.6289139,"['£2.30', '£3.83/100g']",2.3,£3.83/100g
9705,Biona Organic Sauerkraut 360G,https://www.tesco.com/groceries/en-GB/products/301957064,1687615746.699656,"['£2.65', '£1.15/100g DR.WT']",2.65,£1.15/100g DR.WT
9706,Opies Crystallised Ginger 200G,https://www.tesco.com/groceries/en-GB/products/271110081,1687615746.794857,"['£2.45', '£12.25/kg']",2.45,£12.25/kg
9708,Dr. Oetker Rainbow Chocolate Chips Mix 90G,https://www.tesco.com/groceries/en-GB/products/314411759,1687615746.990957,"['£1.85', '£2.06/100g']",1.85,£2.06/100g
9709,Dr Oetker Billionaire's Chocolate Chip Mix 90G,https://www.tesco.com/groceries/en-GB/products/313617881,1687615747.061389,"['£1.85', '£2.06/100g']",1.85,£2.06/100g
9710,Tesco Vanilla Flavour Frosting 400G,https://www.tesco.com/groceries/en-GB/products/297133837,1687615747.131753,"['£1.75', '£0.44/100g']",1.75,£0.44/100g
9711,Auntys Ginger Puddings 2X95g,https://www.tesco.com/groceries/en-GB/products/257804145,1687615747.207963,"['£1.50', '£0.79/100g']",1.5,£0.79/100g
9712,Tesco Finest French Dressing 225Ml,https://www.tesco.com/groceries/en-GB/products/300708154,1687615747.277045,"['£1.95', '£0.87/100ml']",1.95,£0.87/100ml
9713,Grace Mighty Malt Drink Can 330Ml,https://www.tesco.com/groceries/en-GB/products/285099112,1687615747.3484979,"['£1.00', '£0.30/100ml']",1.0,£0.30/100ml
9714,Paxo Natural Breadcrumbs 227G,https://www.tesco.com/groceries/en-GB/products/262106739,1687615747.430093,"['£1.55', '£6.83/kg']",1.55,£6.83/kg
9715,Dr.Oetker American Peppermint Natural Extract 35Ml,https://www.tesco.com/groceries/en-GB/products/278532048,1687615747.50601,"['£1.45', '£0.41/10ml']",1.45,£0.41/10ml
9716,Tesco Coriander Seeds 26G,https://www.tesco.com/groceries/en-GB/products/268531289,1687615747.5779462,"['£0.90', '£0.35/10g']",0.9,£0.35/10g
9717,Batchelors Cup A Soup Thai Green Curry 4 Sachets 69G,https://www.tesco.com/groceries/en-GB/products/312720137,1687615747.658744,"['£1.50', '£2.17/100g']",1.5,£2.17/100g
9718,Walkers Max Strong Hot Sauce Blaze Crisps 6X27g,https://www.tesco.com/groceries/en-GB/products/312083723,1687615747.735002,"['£1.95', '£1.20/100g']",1.95,£1.20/100g
9719,Tesco Easy Cook Brown Rice Boil In Bag 4 Pack 500G,https://www.tesco.com/groceries/en-GB/products/278086224,1687615747.834302,"['£1.15', '£2.30/kg']",1.15,£2.30/kg
9720,Veetee Heat & Eat Long Grain Rice Pot 2X130g,https://www.tesco.com/groceries/en-GB/products/311207505,1687615747.910861,"['£1.15', '£4.42/kg']",1.15,£4.42/kg
9721,Tesco White Chocolate Stars Sprinkles 41G,https://www.tesco.com/groceries/en-GB/products/312213058,1687615747.983982,"['£1.15', '£2.80/100g']",1.15,£2.80/100g
9722,Tesco Chocolate Silver Pearls 55G,https://www.tesco.com/groceries/en-GB/products/285131380,1687615748.061576,"['£1.15', '£2.09/100g']",1.15,£2.09/100g
9723,Moo Free White Mini Bar 20G,https://www.tesco.com/groceries/en-GB/products/307149372,1687615748.1824288,"['£0.60', '£3.00/100g']",0.6,£3.00/100g
9724,Mccoy's Cheddar & Onion Grab Bag Crisps 45G,https://www.tesco.com/groceries/en-GB/products/311258375,1687615748.2560508,"['£1.00', '£2.22/100g']",1.0,£2.22/100g
9725,Wicked Kitchen Salt & Vinegar Squares 85G,https://www.tesco.com/groceries/en-GB/products/309173327,1687615748.380734,"['£1.10', '£1.29/100g']",1.1,£1.29/100g
9726,Cadbury Wispa Chocolate Duo Bar 47.4G,https://www.tesco.com/groceries/en-GB/products/309452032,1687615748.454449,"['£0.90', '£1.90/100g']",0.9,£1.90/100g
9727,Tesco Mixed Berries 25G,https://www.tesco.com/groceries/en-GB/products/299497719,1687615748.678963,"['£0.50', '£20.00/kg']",0.5,£20.00/kg
9728,Tesco Finest Grade A Amber Maple Syrup 330G,https://www.tesco.com/groceries/en-GB/products/313010319,1687615748.7724679,"['£5.95', '£1.80/100g']",5.95,£1.80/100g
9729,Ferrero Collection 30 Pieces Assorted Chocolates 324G,https://www.tesco.com/groceries/en-GB/products/306808487,1687615748.841471,"['£11.50', '£3.55/100g']",11.5,£3.55/100g
9730,Gilberts American Hot Dogs 350G,https://www.tesco.com/groceries/en-GB/products/265217004,1687615748.90867,"['£4.25', '£1.21/100g']",4.25,£1.21/100g
9731,Dr. Oetker Vanilla Bean Paste,https://www.tesco.com/groceries/en-GB/products/292277219,1687615748.9733398,"['£4.05', '£0.40/10g']",4.05,£0.40/10g
9732,Tesco Walnut Halves 250G,https://www.tesco.com/groceries/en-GB/products/256514378,1687615749.047829,"['£3.60', '£14.40/kg']",3.6,£14.40/kg
9733,Tesco Sesame Seeds 300G,https://www.tesco.com/groceries/en-GB/products/260259682,1687615749.114548,"['£2.50', '£8.33/kg']",2.5,£8.33/kg
9734,Schwartz Steak Seasoning 46G,https://www.tesco.com/groceries/en-GB/products/254764288,1687615749.1809652,"['£2.00', '£0.44/10g']",2.0,£0.44/10g
9735,Heinz Saucy Mayonnaise Ketchup Sauce 425G,https://www.tesco.com/groceries/en-GB/products/304408612,1687615749.2689862,"['£3.40', '£0.80/100g']",3.4,£0.80/100g
9736,Haribo Share The Happy Fizzy & Fruit Gums 352G,https://www.tesco.com/groceries/en-GB/products/308497889,1687615755.347042,"['£3.00', '£0.85/100g']",3.0,£0.85/100g
9737,Pataks Rogan Josh Paste 283G,https://www.tesco.com/groceries/en-GB/products/251953288,1687615755.418164,"['£3.25', '£1.15/100g']",3.25,£1.15/100g
9738,Kellogg's Krave Chocolate Hazelnut Flavour 410G,https://www.tesco.com/groceries/en-GB/products/310168696,1687615755.487058,"['£3.30', '£0.80/100g']",3.3,£0.80/100g
9739,Tesco Free From Double Chocolate Mini Muffin 12 Pack,https://www.tesco.com/groceries/en-GB/products/300644089,1687615755.552578,"['£2.90', '£0.24/each']",2.9,£0.24/each
9740,Tesco Glace Morello Cherries 200G,https://www.tesco.com/groceries/en-GB/products/278975727,1687615755.621214,"['£2.20', '£11.00/kg']",2.2,£11.00/kg
9741,Nurishment The Original Flavoured Banana Drink 370Ml,https://www.tesco.com/groceries/en-GB/products/271113227,1687615755.6944032,"['£1.55', '£0.42/100ml']",1.55,£0.42/100ml
9742,Dg Dragon Stout 284Ml,https://www.tesco.com/groceries/en-GB/products/259903883,1687615755.765451,"['£1.80', '£6.34/litre']",1.8,£6.34/litre
9743,Tesco Crusty Wholemeal Bread Mix 500G,https://www.tesco.com/groceries/en-GB/products/252015574,1687615755.8312519,"['£1.20', '£2.40/kg']",1.2,£2.40/kg
9744,Blue Dragon Thai Red Paste Pot For Two 50G,https://www.tesco.com/groceries/en-GB/products/289670253,1687615755.904278,"['£1.20', '£2.40/100g']",1.2,£2.40/100g
9745,Thai Dragon Fish Sauce 200Ml,https://www.tesco.com/groceries/en-GB/products/305251063,1687615755.974818,"['£1.75', '£0.88/100ml']",1.75,£0.88/100ml
9746,Dr.Oetker Cream Of Tartar Sachets 30G,https://www.tesco.com/groceries/en-GB/products/282995951,1687615756.0419981,"['£1.40', '£4.67/100g']",1.4,£4.67/100g
9747,Tesco Medium Tikka Curry Powder 80G,https://www.tesco.com/groceries/en-GB/products/255770313,1687615756.107648,"['£1.30', '£16.25/kg']",1.3,£16.25/kg
9748,Pataks Aubergine Pickle 312G,https://www.tesco.com/groceries/en-GB/products/272431822,1687615756.17592,"['£2.50', '£0.80/100g']",2.5,£0.80/100g
9749,Haribo Starmix 400G,https://www.tesco.com/groceries/en-GB/products/296527402,1687615756.24471,"['£2.50', '£0.62/100g']",2.5,£0.62/100g
9750,Dawtona Grated Beetroot 510G,https://www.tesco.com/groceries/en-GB/products/267244452,1687615756.309727,"['£1.20', '£0.33/100g DR.WT']",1.2,£0.33/100g DR.WT
9751,Betty Crocker Chocolate Chip Cookie Mix 200G,https://www.tesco.com/groceries/en-GB/products/258149204,1687615756.373617,"['£2.00', '£10.00/kg']",2.0,£10.00/kg
9752,Good 4 U Protein Salad Topper Super Seeds 150G,https://www.tesco.com/groceries/en-GB/products/302316833,1687615756.4642088,"['£2.00', '£1.33/100g']",2.0,£1.33/100g
9753,Tesco Pancake Shaker Traditional Mix 155G,https://www.tesco.com/groceries/en-GB/products/290962886,1687615756.5296419,"['£1.00', '£6.45/kg']",1.0,£6.45/kg
9754,Galaxy Cookie Crumble Chocolate Bar 114G,https://www.tesco.com/groceries/en-GB/products/279934913,1687615756.6206279,"['£1.50', '£1.32/100g']",1.5,£1.32/100g
9755,Bahlsen Leibniz Orange 125G,https://www.tesco.com/groceries/en-GB/products/295065644,1687615756.6893692,"['£1.60', '£1.28/100g']",1.6,£1.28/100g
9756,Guinness Beef & Onion Gravy Mix 35G,https://www.tesco.com/groceries/en-GB/products/310170427,1687615756.780241,"['£1.00', '£2.86/100g']",1.0,£2.86/100g
9757,Extra White Bubblemint Gum 10 Pieces,https://www.tesco.com/groceries/en-GB/products/277491120,1687615756.847313,"['£0.70', '£5.00/100g']",0.7,£5.00/100g
9758,Cadbury Caramilk Chocolate Bar 90G,https://www.tesco.com/groceries/en-GB/products/309765480,1687615756.919717,"['£1.35', '£1.50/100g']",1.35,£1.50/100g
9759,Snickers Creamy Peanut Butter Chocolate Trio Bar 3 X 18.25G,https://www.tesco.com/groceries/en-GB/products/306651256,1687615757.024802,"['£0.95', '£1.74/100g']",0.95,£1.74/100g
9760,Maggi Juicy Mixed Herbs 30G,https://www.tesco.com/groceries/en-GB/products/301600659,1687615757.141435,"['£0.70', '£2.33/100g']",0.7,£2.33/100g
9761,Wibisco Shirley Coconut Biscuits 105G,https://www.tesco.com/groceries/en-GB/products/258503091,1687615757.214564,"['£0.55', '£0.52/100g']",0.55,£0.52/100g
9762,Dr. Oetker Vanilla Extract 95Ml,https://www.tesco.com/groceries/en-GB/products/297393528,1687615757.286421,"['£4.55', '£0.48/10ml']",4.55,£0.48/10ml
9763,Filippo Berio Extra Virgin Olive Oil Special Selection 750Ml,https://www.tesco.com/groceries/en-GB/products/267236519,1687615757.356321,"['£8.00', '£1.07/100ml']",8.0,£1.07/100ml
9764,Pataks Creamed Coconut Sachets 200G,https://www.tesco.com/groceries/en-GB/products/250490888,1687615757.428832,"['£3.10', '£1.55/100g']",3.1,£1.55/100g
9765,Homepride Red Wine Can 400G,https://www.tesco.com/groceries/en-GB/products/283086082,1687615757.4965491,"['£2.80', '£0.70/100g']",2.8,£0.70/100g
9766,Kikkoman Soy Sauce 250Ml,https://www.tesco.com/groceries/en-GB/products/254968773,1687615757.562973,"['£3.35', '£1.34/100ml']",3.35,£1.34/100ml
9767,Heinz Seriously Good Vegan Mayonnaise 775G,https://www.tesco.com/groceries/en-GB/products/311949675,1687615757.63335,"['£4.00', '£0.52/100g']",4.0,£0.52/100g
9768,Green Giant Hearts Of Palm 410G,https://www.tesco.com/groceries/en-GB/products/258503217,1687615757.6989,"['£2.55', '£11.59/kg DR.WT']",2.55,£11.59/kg DR.WT
9769,Jordans Super Granola Nutty 550G,https://www.tesco.com/groceries/en-GB/products/296961837,1687615757.764545,"['£4.30', '£0.78/100g']",4.3,£0.78/100g
9770,Schwartz Mild Curry Powder 85G,https://www.tesco.com/groceries/en-GB/products/256338738,1687615757.830594,"['£2.15', '£0.25/10g']",2.15,£0.25/10g
9771,Allinson Wholemeal Plain Flour 1Kg,https://www.tesco.com/groceries/en-GB/products/260713778,1687615757.920237,"['£1.95', '£1.95/kg']",1.95,£1.95/kg
9772,Oxo 12 Meat Free Chicken Flavour Stock Cubes 71G,https://www.tesco.com/groceries/en-GB/products/310139299,1687615757.986946,"['£2.40', '£3.38/100g']",2.4,£3.38/100g
9773,Schwartz Paprika 40G,https://www.tesco.com/groceries/en-GB/products/301392495,1687615758.140573,"['£2.00', '£50.00/kg']",2.0,£50.00/kg
9774,Old El Paso Squeezy Chunky Salsa 238G,https://www.tesco.com/groceries/en-GB/products/289725570,1687615758.2325408,"['£2.25', '£0.94/100g']",2.25,£0.94/100g
9775,Najma Spanish Selection Pack 120G,https://www.tesco.com/groceries/en-GB/products/297755683,1687615758.300106,"['£2.50', '£2.08/100g']",2.5,£2.08/100g
9776,Kellogg's Crunchy Nut Granola Fruit & Nut 380G,https://www.tesco.com/groceries/en-GB/products/282723099,1687615758.367242,"['£3.00', '£0.79/100g']",3.0,£0.79/100g
9777,Kp Salted Peanuts Snack Packs 5 X 30G,https://www.tesco.com/groceries/en-GB/products/310129639,1687615758.457012,"['£3.25', '£2.17/100g']",3.25,£2.17/100g
9778,Paxo Low Salt Sage & Onion Stuffing Mix 170G,https://www.tesco.com/groceries/en-GB/products/310143541,1687615758.544659,"['£2.40', '£14.12/kg']",2.4,£14.12/kg
9779,Baxters Crunchy & Tangy Silverskin Onion 440G,https://www.tesco.com/groceries/en-GB/products/313186957,1687615758.6107788,"['£2.00', '£0.91/100g DR.WT']",2.0,£0.91/100g DR.WT
9780,Well & Truly Crunchy Cheese Sticks 100G,https://www.tesco.com/groceries/en-GB/products/293318378,1687615758.675612,"['£2.10', '£2.10/100g']",2.1,£2.10/100g
9781,Nomo Vegan & Free From Chocolate Orange Crunch Bar 82G,https://www.tesco.com/groceries/en-GB/products/311429337,1687615758.7486231,"['£2.10', '£2.56/100g']",2.1,£2.56/100g
9782,Nando's Peri Peri Bag & Bake Lemon & Herb 20G,https://www.tesco.com/groceries/en-GB/products/301454289,1687615758.814668,"['£1.35', '£0.68/10g']",1.35,£0.68/10g
9783,Tesco Finest British Chicken Sage & Onion Gravy Granules 200G,https://www.tesco.com/groceries/en-GB/products/307758970,1687615758.882015,"['£1.90', '£0.95/100g']",1.9,£0.95/100g
9784,Askeys Treat Chocolate Chunk Crackin 225G,https://www.tesco.com/groceries/en-GB/products/251085203,1687615766.445651,"['£1.50', '£0.67/100g']",1.5,£0.67/100g
9785,Knorr 8 Zero Salt Chicken Stock Cubes 72G,https://www.tesco.com/groceries/en-GB/products/308082966,1687615766.519774,"['£1.90', '£2.64/100g']",1.9,£2.64/100g
9786,Tesco Fire Pit Sweet Pickled Red Onions 340G,https://www.tesco.com/groceries/en-GB/products/308461967,1687615766.5910358,"['£1.50', '£0.96/100g DR.WT']",1.5,£0.96/100g DR.WT
9787,Tesco Finest Chilli Relish 295G,https://www.tesco.com/groceries/en-GB/products/300809609,1687615766.664479,"['£1.70', '£0.58/100g']",1.7,£0.58/100g
9788,Fuel 10K Chocolate Oat Fibre Breakfast Drink 330Ml,https://www.tesco.com/groceries/en-GB/products/312084307,1687615766.73485,"['£1.30', '£0.39/100ml']",1.3,£0.39/100ml
9789,Kellog's Choco Wheats 480G,https://www.tesco.com/groceries/en-GB/products/305972626,1687615766.8293571,"['£1.95', '£0.41/100g']",1.95,£0.41/100g
9790,Nissin Cup Noodle Teriyaki Chicken 70G,https://www.tesco.com/groceries/en-GB/products/302287359,1687615766.89616,"['£1.70', '£24.29/kg']",1.7,£24.29/kg
9791,Tesco Peach Pieces 4X120g,https://www.tesco.com/groceries/en-GB/products/258573778,1687615766.966635,"['£1.75', '£0.55/100g DR.WT']",1.75,£0.55/100g DR.WT
9792,Samai Sweet Plantain Chips 75G,https://www.tesco.com/groceries/en-GB/products/268112336,1687615767.035795,"['£0.85', '£1.13/100g']",0.85,£1.13/100g
9793,Old El Paso Gluten Free Fajita Kit 462G,https://www.tesco.com/groceries/en-GB/products/299669125,1687615767.102856,"['£3.49', '£7.55/kg']",3.49,£7.55/kg
9794,Pudliszki Mild Tomato Ketchup 480G,https://www.tesco.com/groceries/en-GB/products/275460391,1687615767.173006,"['£1.45', '£0.30/100g']",1.45,£0.30/100g
9795,Nomo Free From Fruit Crunch Bar 32G,https://www.tesco.com/groceries/en-GB/products/303666255,1687615767.240006,"['£1.00', '£3.12/100g']",1.0,£3.12/100g
9796,Cadbury Dairy Milk Marvellous Creations Jelly Candy Bar 47G,https://www.tesco.com/groceries/en-GB/products/277746822,1687615767.341368,"['£0.75', '£1.60/100g']",0.75,£1.60/100g
9797,Tesco Tomato Puree With Herbs 135G,https://www.tesco.com/groceries/en-GB/products/296901875,1687615767.452053,"['£0.90', '£6.67/kg']",0.9,£6.67/kg
9798,Tesco Red Thai Curry Cooking Sauce 340G,https://www.tesco.com/groceries/en-GB/products/307338131,1687615767.5167968,"['£1.20', '£0.35/100g']",1.2,£0.35/100g
9799,Prymat Chicken Seasoning 30G,https://www.tesco.com/groceries/en-GB/products/266573271,1687615767.58286,"['£0.40', '£0.13/10g']",0.4,£0.13/10g
9800,M&M's Crispy Chocolate More To Share Pouch 213G,https://www.tesco.com/groceries/en-GB/products/311686259,1687615767.649754,"['£2.49', '£1.17/100g']",2.49,£1.17/100g
9801,Growers Harvest New Potatoes In Water 567G,https://www.tesco.com/groceries/en-GB/products/300991260,1687615767.718219,"['£0.39', '£1.13/kg DR.WT']",0.39,£1.13/kg DR.WT
9802,Meridian Cashew Butter 170G,https://www.tesco.com/groceries/en-GB/products/268420553,1687615767.796053,"['£3.25', '£1.91/100g']",3.25,£1.91/100g
9803,Tesco Organic Squeezy Clear Honey 340G,https://www.tesco.com/groceries/en-GB/products/260259031,1687615767.865568,"['£3.15', '£0.93/100g']",3.15,£0.93/100g
9804,Fray Bentos Just Steak Pudding 200G,https://www.tesco.com/groceries/en-GB/products/283657878,1687615767.965848,"['£2.75', '£13.75/kg']",2.75,£13.75/kg
9805,Tesco Organic Pure Set Honey 340G,https://www.tesco.com/groceries/en-GB/products/250044899,1687615768.033049,"['£3.15', '£0.93/100g']",3.15,£0.93/100g
9806,Blue Dragon Rice Vinegar 150Ml,https://www.tesco.com/groceries/en-GB/products/272672231,1687615768.100953,"['£2.10', '£1.40/100ml']",2.1,£1.40/100ml
9807,Yarden Houmous 250G,https://www.tesco.com/groceries/en-GB/products/250438255,1687615768.171056,"['£2.65', '£1.06/100g']",2.65,£1.06/100g
9808,Tesco Organic Soft Figs 200G,https://www.tesco.com/groceries/en-GB/products/309465748,1687615768.244989,"['£2.80', '£14.00/kg']",2.8,£14.00/kg
9809,Organix Carrot Stix Multi Pack 4X15g,https://www.tesco.com/groceries/en-GB/products/260827874,1687615768.312104,"['£2.30', '£3.83/100g']",2.3,£3.83/100g
9810,Potts Chicken Stock 500Ml,https://www.tesco.com/groceries/en-GB/products/304380585,1687615768.3776672,"['£2.25', '£0.45/100ml']",2.25,£0.45/100ml
9811,Betty Crocker Vanilla Cake Mix 425G,https://www.tesco.com/groceries/en-GB/products/289585014,1687615768.4457011,"['£3.00', '£0.71/100g']",3.0,£0.71/100g
9812,Itsu Seaweed Sweet Soy Multipack 3X5g,https://www.tesco.com/groceries/en-GB/products/301518792,1687615768.536215,"['£2.15', '£14.33/100g']",2.15,£14.33/100g
9813,Mrs H.S.Balls Original Recipe Chutney 470G,https://www.tesco.com/groceries/en-GB/products/251693474,1687615768.602624,"['£2.25', '£0.48/100g']",2.25,£0.48/100g
9814,Lindt Excellence Milk Sea Salt Caramel Chocolate 100G,https://www.tesco.com/groceries/en-GB/products/304411947,1687615768.675324,"['£2.45', '£2.45/100g']",2.45,£2.45/100g
9815,East End Pure Butter Ghee 500G,https://www.tesco.com/groceries/en-GB/products/267791644,1687615768.769,"['£5.50', '£11.00/kg']",5.5,£11.00/kg
9816,Baldwins Sarsaparilla 1 Litre,https://www.tesco.com/groceries/en-GB/products/250199560,1687615768.855072,"['£2.15', '£0.22/100ml']",2.15,£0.22/100ml
9817,Lyle's Golden Syrup Breakfast 340G,https://www.tesco.com/groceries/en-GB/products/280318634,1687615768.92048,"['£1.75', '£0.52/100g']",1.75,£0.52/100g
9818,Kellogg's Crunchy Nut Bites Honey & Nut Flavoured 375G,https://www.tesco.com/groceries/en-GB/products/309480015,1687615769.0722308,"['£3.00', '£0.80/100g']",3.0,£0.80/100g
9819,Natco Red Lentils 2Kg,https://www.tesco.com/groceries/en-GB/products/254869280,1687615769.160199,"['£3.70', '£1.85/kg']",3.7,£1.85/kg
9820,Dri-Pak Table Salt 750G,https://www.tesco.com/groceries/en-GB/products/313164995,1687615769.2293918,"['£1.35', '£1.80/kg']",1.35,£1.80/kg
9821,Princes Drained Tuna Sunflower Oil 110G,https://www.tesco.com/groceries/en-GB/products/302317469,1687615769.298031,"['£2.10', '£1.91/100g']",2.1,£1.91/100g
9822,Niru Tamarind Paste 454G,https://www.tesco.com/groceries/en-GB/products/281002960,1687615769.387072,"['£2.10', '£4.63/kg']",2.1,£4.63/kg
9823,Duda Torunska Sausage 440G,https://www.tesco.com/groceries/en-GB/products/304795872,1687615769.452663,"['£2.90', '£0.66/100g']",2.9,£0.66/100g
9824,Tesco Milk Chocolate Vermicelli 70G,https://www.tesco.com/groceries/en-GB/products/292399582,1687615769.527801,"['£1.15', '£1.64/100g']",1.15,£1.64/100g
9825,Nature's Finest Pineapple In Juice 400G,https://www.tesco.com/groceries/en-GB/products/274709486,1687615769.597982,"['£1.90', '£8.26/kg DR.WT']",1.9,£8.26/kg DR.WT
9826,J.West Sardines Tomato Sauce 120G,https://www.tesco.com/groceries/en-GB/products/252748144,1687615769.667377,"['£1.10', '£1.31/100g DR.WT']",1.1,£1.31/100g DR.WT
9827,Loacker Napolitaner Wafer 90G,https://www.tesco.com/groceries/en-GB/products/277552596,1687615769.7419698,"['£1.10', '£1.22/100g']",1.1,£1.22/100g
9828,Buttermilk Plant Vegan Chocolate Peanut Nougat Bar 50G,https://www.tesco.com/groceries/en-GB/products/308857049,1687615769.8081121,"['£1.50', '£3.00/100g']",1.5,£3.00/100g
9829,Bakery Delights Crisp Bakes 125G,https://www.tesco.com/groceries/en-GB/products/313182299,1687615769.881578,"['£1.10', '£0.88/100g']",1.1,£0.88/100g
9830,Napolina Chopped Tomatoes & Garlic 400G,https://www.tesco.com/groceries/en-GB/products/263740372,1687615769.958582,"['£1.20', '£3.00/kg']",1.2,£3.00/kg
9831,Nando's Peri Peri Rub Hot 25G,https://www.tesco.com/groceries/en-GB/products/277972012,1687615770.0298738,"['£1.00', '£0.40/10g']",1.0,£0.40/10g
9832,Mr Freeze Freezepops 20X20ml,https://www.tesco.com/groceries/en-GB/products/308833516,1687615776.287544,"['£1.00', '£0.25/100ml']",1.0,£0.25/100ml
9833,Tesco Black Bean Stir Fry Sauce 120G,https://www.tesco.com/groceries/en-GB/products/271771184,1687615776.368358,"['£0.65', '£0.54/100g']",0.65,£0.54/100g
9834,Tesco Sweet & Sour Stir Fry Sauce 120G,https://www.tesco.com/groceries/en-GB/products/271811708,1687615776.44081,"['£0.65', '£0.54/100g']",0.65,£0.54/100g
9835,Schwartz One Pan Italian Chicken Risotto 28G,https://www.tesco.com/groceries/en-GB/products/305530551,1687615776.510848,"['£0.95', '£3.39/100g']",0.95,£3.39/100g
9836,Skittles Fruit Bag 45G,https://www.tesco.com/groceries/en-GB/products/303836629,1687615776.612233,"['£0.65', '£1.44/100g']",0.65,£1.44/100g
9837,Maggi So Juicy Smoky Piri Piri Chicken 27G,https://www.tesco.com/groceries/en-GB/products/291894550,1687615776.726521,"['£0.70', '£0.26/10g']",0.7,£0.26/10g
9838,Marvel Original Dried Skimmed Milk 250G,https://www.tesco.com/groceries/en-GB/products/310663484,1687615776.796663,"['£5.00', '£2.00/100g']",5.0,£2.00/100g
9839,Splenda Sweetener 500Pk,https://www.tesco.com/groceries/en-GB/products/260614861,1687615776.861503,"['£5.90', '£786.67/kg']",5.9,£786.67/kg
9840,Canderel Sugarly Zero Calorie Sweetener 370G,https://www.tesco.com/groceries/en-GB/products/312992957,1687615776.941746,"['£4.30', '£11.62/kg']",4.3,£11.62/kg
9841,Nestle Nido Instant Full Cream Milk Powder 900G,https://www.tesco.com/groceries/en-GB/products/266258950,1687615777.0082471,"['£11.00', '£1.22/100g']",11.0,£1.22/100g
9842,Groovy Virgin Coconut Oil 283Ml,https://www.tesco.com/groceries/en-GB/products/268622297,1687615777.076104,"['£4.20', '£1.48/100ml']",4.2,£1.48/100ml
9843,Genius Gut Lovin Tiger Bloomer Loaf 400G,https://www.tesco.com/groceries/en-GB/products/308495760,1687615777.167819,"['£3.30', '£0.82/100g']",3.3,£0.82/100g
9844,Blue Dragon Coconut Milk Light 400Ml,https://www.tesco.com/groceries/en-GB/products/250830660,1687615777.235565,"['£2.50', '£6.25/litre']",2.5,£6.25/litre
9845,Tesco Finest Alphonso Mango & Passion Fruit Coulis 275G,https://www.tesco.com/groceries/en-GB/products/302707768,1687615777.323895,"['£2.65', '£0.96/100g']",2.65,£0.96/100g
9846,John West Light Lunch Mediterranean 220G,https://www.tesco.com/groceries/en-GB/products/262331092,1687615777.414973,"['£2.60', '£1.18/100g']",2.6,£1.18/100g
9847,Very Lazy Smoked Chopped Garlic 200G,https://www.tesco.com/groceries/en-GB/products/279722790,1687615777.4848268,"['£2.00', '£0.10/10g']",2.0,£0.10/10g
9848,Crespo Olives Stuffed With Pimiento 354G,https://www.tesco.com/groceries/en-GB/products/264353143,1687615777.550313,"['£1.80', '£0.90/100g']",1.8,£0.90/100g
9849,Schwartz Chicken Seasoning Paprika & Onion 50G,https://www.tesco.com/groceries/en-GB/products/296219992,1687615777.6180742,"['£2.00', '£40.00/kg']",2.0,£40.00/kg
9850,Loyd Grossman Tomato Basil Oregano Pizza Topping 350G,https://www.tesco.com/groceries/en-GB/products/310151047,1687615777.7059891,"['£3.00', '£0.86/100g']",3.0,£0.86/100g
9851,Ferrero Rocher White Chocolate & Hazelnut Bar 90G,https://www.tesco.com/groceries/en-GB/products/309494362,1687615777.793247,"['£2.20', '£2.44/100g']",2.2,£2.44/100g
9852,Sun Exotic Pineapple & Coconut Juice Drink 1Ltr,https://www.tesco.com/groceries/en-GB/products/256607708,1687615777.887763,"['£1.50', '£0.15/100ml']",1.5,£0.15/100ml
9853,Tesco Free From Brown Seeded Rolls 4 Pack,https://www.tesco.com/groceries/en-GB/products/294006918,1687615777.9933162,"['£1.75', '£0.44/each']",1.75,£0.44/each
9854,Nong-Shim Instant Kimchi Noodle Soup 120G,https://www.tesco.com/groceries/en-GB/products/282011227,1687615778.059005,"['£1.00', '£0.83/100g']",1.0,£0.83/100g
9855,Kellogg's Fruit & Fibre Cereal 375G,https://www.tesco.com/groceries/en-GB/products/300991093,1687615778.128413,"['£1.99', '£0.53/100g']",1.99,£0.53/100g
9856,Reeses Extra Large Bar 120G,https://www.tesco.com/groceries/en-GB/products/296058670,1687615778.200117,"['£2.20', '£1.83/100g']",2.2,£1.83/100g
9857,Tesco Finest Chocolate & Honeycomb Shortbread 150G,https://www.tesco.com/groceries/en-GB/products/310694274,1687615778.275706,"['£2.50', '£1.67/100g']",2.5,£1.67/100g
9858,Sharwwods Chinese Curry 425G,https://www.tesco.com/groceries/en-GB/products/264555273,1687615778.343007,"['£2.80', '£0.66/100g']",2.8,£0.66/100g
9859,Shandy Carib Sorrel 275Ml,https://www.tesco.com/groceries/en-GB/products/301413368,1687615778.435173,"['£1.55', '£5.64/litre']",1.55,£5.64/litre
9860,Tesco Pitted Green Olives With Chilli 70G,https://www.tesco.com/groceries/en-GB/products/293425343,1687615778.500606,"['£1.10', '£1.57/100g']",1.1,£1.57/100g
9861,Proper Chips Sea Salt Lentil Chips 20G,https://www.tesco.com/groceries/en-GB/products/302281106,1687615778.567292,"['£0.95', '£4.75/100g']",0.95,£4.75/100g
9862,Tymbark Apple Peach Strawberry Drink 200Ml,https://www.tesco.com/groceries/en-GB/products/271639066,1687615778.67959,"['£0.50', '£0.25/100ml']",0.5,£0.25/100ml
9863,Mighty Pea M.Lk Unsweetened Milk Alternative 1 Litre,https://www.tesco.com/groceries/en-GB/products/308105313,1687615778.744608,"['£2.00', '£2.00/litre']",2.0,£2.00/litre
9864,Tiger Tiger Ramen Stir Fry Noodles 400G,https://www.tesco.com/groceries/en-GB/products/293272845,1687615778.833993,"['£1.50', '£3.75/kg']",1.5,£3.75/kg
9865,Trebor Extra Strong Mints 41.3G,https://www.tesco.com/groceries/en-GB/products/258508460,1687615778.926181,"['£0.60', '£1.45/100g']",0.6,£1.45/100g
9866,Tesco Bbq Seasoning 65G,https://www.tesco.com/groceries/en-GB/products/289082010,1687615779.08929,"['£0.90', '£0.14/10g']",0.9,£0.14/10g
9867,Natures Store Dark Chocolate Rice Cakes 100G,https://www.tesco.com/groceries/en-GB/products/299668967,1687615779.172149,"['£1.50', '£1.50/100g']",1.5,£1.50/100g
9868,East End Tamarind Sauce 260G,https://www.tesco.com/groceries/en-GB/products/261160750,1687615779.251006,"['£1.30', '£0.50/100g']",1.3,£0.50/100g
9869,Guinness Chilli Con Carne Recipe Mix 40G,https://www.tesco.com/groceries/en-GB/products/308490546,1687615779.3250072,"['£1.00', '£2.50/100g']",1.0,£2.50/100g
9870,Kettle Sea Salt & Balsamic Vinegarcrisps40g,https://www.tesco.com/groceries/en-GB/products/258755425,1687615779.4095302,"['£0.90', '£2.25/100g']",0.9,£2.25/100g
9871,Pudliszki Tomato Puree Double Concentrate 200G,https://www.tesco.com/groceries/en-GB/products/310181535,1687615779.528863,"['£1.65', '£8.25/kg']",1.65,£8.25/kg
9872,Terrys Chocolate Orange Truffles 200G,https://www.tesco.com/groceries/en-GB/products/309207462,1687615779.602517,"['£5.00', '£2.50/100g']",5.0,£2.50/100g
9873,Extra Spearmint Gum 10 Pieces,https://www.tesco.com/groceries/en-GB/products/259907026,1687615779.6969018,"['£0.70', '£5.00/100g']",0.7,£5.00/100g
9874,Batchelors Pasta & Sauce Roast Chicken & Bacon Flavoured 99G,https://www.tesco.com/groceries/en-GB/products/306821430,1687615779.7725198,"['£1.00', '£10.10/kg']",1.0,£10.10/kg
9875,Kinder Snack Bar 21G,https://www.tesco.com/groceries/en-GB/products/259914311,1687615779.886661,"['£0.35', '£1.67/100g']",0.35,£1.67/100g
9876,Cadbury Twirl Bar 43G,https://www.tesco.com/groceries/en-GB/products/254894669,1687615780.1655,"['£0.75', '£1.74/100g']",0.75,£1.74/100g
9877,Wibisco Shirley Biscuits 105G,https://www.tesco.com/groceries/en-GB/products/258503027,1687615780.28259,"['£0.55', '£0.52/100g']",0.55,£0.52/100g
9878,Hearty Food Co. Curry Sauce 440G,https://www.tesco.com/groceries/en-GB/products/300535876,1687615780.353987,"['£0.45', '£0.10/100g']",0.45,£0.10/100g
9879,Toblerone White 360G,https://www.tesco.com/groceries/en-GB/products/293368721,1687615780.423553,"['£5.00', '£1.39/100g']",5.0,£1.39/100g
9880,Tiptree Hot Gooseberry Chutney 230G,https://www.tesco.com/groceries/en-GB/products/261964507,1687615785.988419,"['£2.65', '£1.15/100g']",2.65,£1.15/100g
9881,Schwartz Thyme 11G Jar,https://www.tesco.com/groceries/en-GB/products/257498990,1687615786.060493,"['£2.00', '£1.82/10g']",2.0,£1.82/10g
9882,Rude Health Low Sugar Granola Almond & Hazelnut 400G,https://www.tesco.com/groceries/en-GB/products/311944732,1687615786.1608162,"['£3.50', '£0.88/100g']",3.5,£0.88/100g
9883,Pip & Nut Smooth Peanut Butter 300G,https://www.tesco.com/groceries/en-GB/products/309486619,1687615786.254106,"['£3.00', '£1.00/100g']",3.0,£1.00/100g
9884,Princes Drained Tuna Steak In Sunflower Oil 3X60g,https://www.tesco.com/groceries/en-GB/products/310101948,1687615786.341293,"['£2.75', '£1.53/100g']",2.75,£1.53/100g
9885,Schwartz Garlic Italian Sauce Seasoning 43G,https://www.tesco.com/groceries/en-GB/products/255652004,1687615786.40734,"['£2.00', '£46.51/kg']",2.0,£46.51/kg
9886,Pataks Jalfrezi Curry Paste 283G,https://www.tesco.com/groceries/en-GB/products/257302946,1687615786.497586,"['£3.25', '£1.15/100g']",3.25,£1.15/100g
9887,Deliciously Ella Peanut Butter Oat Bar 3 X 50G,https://www.tesco.com/groceries/en-GB/products/311260164,1687615786.5709178,"['£2.65', '£1.77/100g']",2.65,£1.77/100g
9888,Thorntons Pearls Salted Caramel Chocolate 167G,https://www.tesco.com/groceries/en-GB/products/309183252,1687615786.634559,"['£4.50', '£2.70/100g']",4.5,£2.70/100g
9889,Bfree Wholegrain Gluten Free Pitta Bread 4X55g,https://www.tesco.com/groceries/en-GB/products/303617798,1687615786.7038689,"['£2.70', '£1.23/100g']",2.7,£1.23/100g
9890,Schwartz Grinder Black Pepper Grinder 35G,https://www.tesco.com/groceries/en-GB/products/268589566,1687615786.7723362,"['£3.00', '£0.86/10g']",3.0,£0.86/10g
9891,Saxa So Low Reduced Sodium Salt 350G,https://www.tesco.com/groceries/en-GB/products/253089478,1687615786.8665679,"['£1.85', '£5.29/kg']",1.85,£5.29/kg
9892,Wrigley's Extra Ice Peppermint 6X10 Pieces 84G,https://www.tesco.com/groceries/en-GB/products/302312912,1687615786.9352808,"['£2.75', '£3.27/100g']",2.75,£3.27/100g
9893,Lindt Excellence Caramelised Hazelnut Dark Chocolate 100G,https://www.tesco.com/groceries/en-GB/products/310683615,1687615787.005993,"['£2.45', '£2.45/100g']",2.45,£2.45/100g
9894,Tchibo Family Roasted Ground Coffee 250G,https://www.tesco.com/groceries/en-GB/products/286058586,1687615787.101737,"['£2.00', '£0.80/100g']",2.0,£0.80/100g
9895,Tesco Triple Chocolate Curls 30G,https://www.tesco.com/groceries/en-GB/products/275617875,1687615787.1695201,"['£1.15', '£3.83/100g']",1.15,£3.83/100g
9896,Lubella Fluffy Poznan Flour 1Kg,https://www.tesco.com/groceries/en-GB/products/275505155,1687615787.235026,"['£1.50', '£1,500.00/kg']",1.5,"£1,500.00/kg"
9897,Reds Kansas City Bbq Sauce 320G,https://www.tesco.com/groceries/en-GB/products/292275498,1687615787.299663,"['£2.25', '£0.70/100g']",2.25,£0.70/100g
9898,Ainsley Harriott Hot & Sour Soup 3 Pack 60G,https://www.tesco.com/groceries/en-GB/products/289707626,1687615787.38682,"['£1.20', '£2.00/100g']",1.2,£2.00/100g
9899,Dalgety Instant Ginger Tea 126G,https://www.tesco.com/groceries/en-GB/products/301554143,1687615787.452488,"['£1.85', '£1.47/100g']",1.85,£1.47/100g
9900,Guinness Nigerian Stout 600Ml,https://www.tesco.com/groceries/en-GB/products/266402526,1687615787.520083,"['£4.15', '£6.92/litre']",4.15,£6.92/litre
9901,Crosta & Mollica Tarallini Fennel Seed 170G,https://www.tesco.com/groceries/en-GB/products/301011740,1687615787.6110709,"['£1.90', '£1.12/100g']",1.9,£1.12/100g
9902,Tilda Steamed Egg Fried Rice 250G,https://www.tesco.com/groceries/en-GB/products/262312783,1687615787.705898,"['£1.25', '£5.00/kg']",1.25,£5.00/kg
9903,Tesco Mild Tandoori Curry Powder 80G,https://www.tesco.com/groceries/en-GB/products/255770181,1687615787.771137,"['£1.30', '£0.16/10g']",1.3,£0.16/10g
9904,Tesco Herbs De Provence 17G,https://www.tesco.com/groceries/en-GB/products/300456409,1687615787.840671,"['£0.90', '£0.53/10g']",0.9,£0.53/10g
9905,Ambrosia Creamed Macaroni 400G,https://www.tesco.com/groceries/en-GB/products/271246093,1687615787.912231,"['£1.85', '£0.46/100g']",1.85,£0.46/100g
9906,Hartley's Sour Cherry Jelly 125G,https://www.tesco.com/groceries/en-GB/products/311941453,1687615787.996511,"['£0.80', '£0.64/100g']",0.8,£0.64/100g
9907,Tesco Mixed Bean Salad Vinaigrette 400G,https://www.tesco.com/groceries/en-GB/products/252927566,1687615788.0925481,"['£0.95', '£3.58/kg']",0.95,£3.58/kg
9908,Mccoy's Sizzling King Prawn Grab Bag Crisps 45G,https://www.tesco.com/groceries/en-GB/products/311222817,1687615788.167382,"['£1.00', '£2.22/100g']",1.0,£2.22/100g
9909,Flava-It Chinese Marinade 35G,https://www.tesco.com/groceries/en-GB/products/301601749,1687615788.292984,"['£1.10', '£0.31/10g']",1.1,£0.31/10g
9910,E Wedel Pawelek Advocaat 45G,https://www.tesco.com/groceries/en-GB/products/298513375,1687615788.390154,"['£0.70', '£1.56/100g']",0.7,£1.56/100g
9911,Wrigleys Hubba Bubba Triple Tape,https://www.tesco.com/groceries/en-GB/products/260391028,1687615788.464263,"['£1.00', '£1.79/100g']",1.0,£1.79/100g
9912,Kellogg's Strawberry Winders 17G,https://www.tesco.com/groceries/en-GB/products/266779794,1687615788.585643,"['£0.45', '£2.65/100g']",0.45,£2.65/100g
9913,Cadbury Dairy Milk Duo Bar 54.4G,https://www.tesco.com/groceries/en-GB/products/308478429,1687615788.660204,"['£0.90', '£1.65/100g']",0.9,£1.65/100g
9914,Ms. Mollys Chocolate Flavour Frosting 300G,https://www.tesco.com/groceries/en-GB/products/309464339,1687615788.791958,"['£0.97', '£0.32/100g']",0.97,£0.32/100g
9915,Rowse Organic Clear 340G,https://www.tesco.com/groceries/en-GB/products/267231906,1687615788.8723772,"['£3.50', '£1.03/100g']",3.5,£1.03/100g
9916,Humza Meat Samosa 650G (20 Pieces),https://www.tesco.com/groceries/en-GB/products/292809559,1687615788.938553,"['£4.50', '£0.69/100g']",4.5,£0.69/100g
9917,The Spice Tailor Malaysian Laksa Curry 275G,https://www.tesco.com/groceries/en-GB/products/313962350,1687615789.022709,"['£3.75', '£1.36/100g']",3.75,£1.36/100g
9918,Grenade Chocolate Chip Salted Caramel Protein Bar 60G,https://www.tesco.com/groceries/en-GB/products/306503513,1687615789.113754,"['£2.70', '£4.50/100g']",2.7,£4.50/100g
9919,Tesco Finest Blood Orange Marmalade Belgian Dark Chocolate Shortbread 150G,https://www.tesco.com/groceries/en-GB/products/310687974,1687615789.2000508,"['£2.50', '£1.67/100g']",2.5,£1.67/100g
9920,Bonne Maman Intense Strawberry Jam 335G,https://www.tesco.com/groceries/en-GB/products/303879723,1687615789.308898,"['£3.80', '£1.13/100g']",3.8,£1.13/100g
9921,Blue Dragon Reduced Sugar Sweet Chilli Sauce 190Ml,https://www.tesco.com/groceries/en-GB/products/304381584,1687615789.417116,"['£1.90', '£1.00/100ml']",1.9,£1.00/100ml
9922,Dr Oetker Milk Chocolate Chunks 100G,https://www.tesco.com/groceries/en-GB/products/271189367,1687615789.483238,"['£1.85', '£1.85/100g']",1.85,£1.85/100g
9923,Lee Kum Kee Hoisin Sauce 210G,https://www.tesco.com/groceries/en-GB/products/276731075,1687615789.555543,"['£2.10', '£1.00/100g']",2.1,£1.00/100g
9924,Mrs Crimble's Classic Madeleine 180G,https://www.tesco.com/groceries/en-GB/products/292832035,1687615789.620359,"['£2.40', '£1.33/100g']",2.4,£1.33/100g
9925,Schwartz Perfect Shake Chips Seasoning 55G,https://www.tesco.com/groceries/en-GB/products/281733365,1687615789.694134,"['£2.00', '£0.36/10g']",2.0,£0.36/10g
9926,Urban Fruit Dried Strawberries 90G,https://www.tesco.com/groceries/en-GB/products/262925566,1687615789.793715,"['£2.60', '£28.89/kg']",2.6,£28.89/kg
9927,Schar Sweet Brioche Rolls 200G,https://www.tesco.com/groceries/en-GB/products/268870215,1687615789.8843992,"['£2.40', '£1.20/100g']",2.4,£1.20/100g
9928,Grace Aloe Vera Drink 500Ml,https://www.tesco.com/groceries/en-GB/products/271736394,1687615796.820843,"['£1.30', '£0.26/100ml']",1.3,£0.26/100ml
9929,Knorr Beef Gravy Pot 4 X 28G,https://www.tesco.com/groceries/en-GB/products/274899743,1687615796.893279,"['£2.25', '£2.01/100g']",2.25,£2.01/100g
9930,Candy Kittens Wild Strawberry Sweets 140G,https://www.tesco.com/groceries/en-GB/products/311937960,1687615796.963783,"['£2.50', '£1.79/100g']",2.5,£1.79/100g
9931,Lowicz Plum Butter Jam 290G,https://www.tesco.com/groceries/en-GB/products/265833599,1687615797.033232,"['£1.60', '£0.55/100g']",1.6,£0.55/100g
9932,Tesco Hot Curry Powder 80G,https://www.tesco.com/groceries/en-GB/products/255769270,1687615797.101944,"['£1.30', '£16.25/kg']",1.3,£16.25/kg
9933,Tesco Finest Garlic Stuffed Olives 210G,https://www.tesco.com/groceries/en-GB/products/300832668,1687615797.174368,"['£2.25', '£0.02/kg DR.WT']",2.25,£0.02/kg DR.WT
9934,Yutaka Udon Noodles 250G,https://www.tesco.com/groceries/en-GB/products/272854926,1687615797.270578,"['£1.50', '£6.00/kg']",1.5,£6.00/kg
9935,Mister Free'd Tortilla Chips Cheese 135G,https://www.tesco.com/groceries/en-GB/products/306816794,1687615797.33904,"['£2.00', '£1.48/100g']",2.0,£1.48/100g
9936,Snack A Jacks Jumbo Cracked Black Pepper & Salt 117G,https://www.tesco.com/groceries/en-GB/products/312106433,1687615797.405486,"['£2.00', '£1.71/100g']",2.0,£1.71/100g
9937,Old El Paso Corn Tortillas 335G,https://www.tesco.com/groceries/en-GB/products/265461975,1687615797.471225,"['£1.45', '£0.43/100g']",1.45,£0.43/100g
9938,Merchant Gourmet Spicy Cajun Style Lentils 250G,https://www.tesco.com/groceries/en-GB/products/307753629,1687615797.577421,"['£2.00', '£8.00/kg']",2.0,£8.00/kg
9939,Lubella Egg Pasta 250G,https://www.tesco.com/groceries/en-GB/products/277909550,1687615797.667103,"['£1.00', '£4.00/kg']",1.0,£4.00/kg
9940,Tesco Piri Piri Seasoning 50G,https://www.tesco.com/groceries/en-GB/products/289081973,1687615797.733553,"['£0.90', '£18.00/kg']",0.9,£18.00/kg
9941,Propercorn Sweet & Salty 30G,https://www.tesco.com/groceries/en-GB/products/274110433,1687615797.858714,"['£1.10', '£3.67/100g']",1.1,£3.67/100g
9942,Tesco Vegan Pancake Shaker Mix 155G,https://www.tesco.com/groceries/en-GB/products/309765658,1687615797.967444,"['£1.00', '£6.45/kg']",1.0,£6.45/kg
9943,Tesco Black Bean Cooking Sauce 500G,https://www.tesco.com/groceries/en-GB/products/272682599,1687615798.040093,"['£1.20', '£0.24/100g']",1.2,£0.24/100g
9944,Jordans Frusli Bars Cranberry & Apple 6X30g,https://www.tesco.com/groceries/en-GB/products/257721761,1687615798.10906,"['£2.30', '£1.28/100g']",2.3,£1.28/100g
9945,Doritos Chilli Heatwave Corn Chips 48G,https://www.tesco.com/groceries/en-GB/products/308460968,1687615798.205966,"['£1.00', '£2.08/100g']",1.0,£2.08/100g
9946,Walkers Less Salt Lightly Salted Crisps 45G,https://www.tesco.com/groceries/en-GB/products/311425990,1687615798.3168662,"['£1.00', '£2.22/100g']",1.0,£2.22/100g
9947,Smint Single 8G,https://www.tesco.com/groceries/en-GB/products/251496828,1687615798.4265118,"['£1.10', '£13.75/100g']",1.1,£13.75/100g
9948,Walkers Less Salt Mild Cheese & Onion Crisps 45G,https://www.tesco.com/groceries/en-GB/products/311445467,1687615798.54293,"['£1.00', '£2.22/100g']",1.0,£2.22/100g
9949,Rubicon Lychee Exotic Juice Drink 288Ml,https://www.tesco.com/groceries/en-GB/products/253320280,1687615798.656961,"['£0.60', '£0.21/100ml']",0.6,£0.21/100ml
9950,Regal Crunchy Rusks 200G,https://www.tesco.com/groceries/en-GB/products/267830720,1687615798.741754,"['£1.30', '£0.65/100g']",1.3,£0.65/100g
9951,Cofresh Sev Mamra 325G,https://www.tesco.com/groceries/en-GB/products/287547979,1687615798.81248,"['£1.00', '£0.31/100g']",1.0,£0.31/100g
9952,Cadbury Wispa Gold Salted Caramel Bar 48G,https://www.tesco.com/groceries/en-GB/products/312351654,1687615798.886865,"['£0.75', '£1.56/100g']",0.75,£1.56/100g
9953,Cheezees Original 45G,https://www.tesco.com/groceries/en-GB/products/297003525,1687615798.998867,"['£0.85', '£1.89/100g']",0.85,£1.89/100g
9954,Bounty Milk Chocolate Bar 57G,https://www.tesco.com/groceries/en-GB/products/258412209,1687615799.072578,"['£0.65', '£1.14/100g']",0.65,£1.14/100g
9955,Lindt Master Chocolatier Collection 320G,https://www.tesco.com/groceries/en-GB/products/305053948,1687615799.1859899,"['£15.50', '£4.84/100g']",15.5,£4.84/100g
9956,Taylor & Colledge Organic Vanilla Bean Paste 65G,https://www.tesco.com/groceries/en-GB/products/293191629,1687615799.253498,"['£4.85', '£0.75/10g']",4.85,£0.75/10g
9957,Rubicon Mango Juice Drink 4 X 1Ltr,https://www.tesco.com/groceries/en-GB/products/263502522,1687615799.326117,"['£5.75', '£0.14/100ml']",5.75,£0.14/100ml
9958,Laila Gold Basmati Rice 10Kg,https://www.tesco.com/groceries/en-GB/products/305978234,1687615799.394193,"['£19.25', '£1.92/kg']",19.25,£1.92/kg
9959,Mr Hugh's Extra Virgin Cold Pressed Rapeseed 500Ml,https://www.tesco.com/groceries/en-GB/products/276806857,1687615799.4635909,"['£3.60', '£0.72/100ml']",3.6,£0.72/100ml
9960,Tesco Bulgur Wheat & Quinoa Mix 300G,https://www.tesco.com/groceries/en-GB/products/276416057,1687615799.5337348,"['£2.60', '£8.67/kg']",2.6,£8.67/kg
9961,Garners Pickled Cabbage 454G,https://www.tesco.com/groceries/en-GB/products/284932948,1687615799.648031,"['£3.90', '£2.05/100g DR.WT']",3.9,£2.05/100g DR.WT
9962,The Spice Tailor Fiery Goan Hot Curry 300G,https://www.tesco.com/groceries/en-GB/products/289623650,1687615799.715592,"['£3.75', '£12.50/kg']",3.75,£12.50/kg
9963,Schwartz Oregano 7G Jar,https://www.tesco.com/groceries/en-GB/products/263155235,1687615799.801928,"['£2.00', '£285.71/kg']",2.0,£285.71/kg
9964,Tesco Organic Brazil Nuts 100G,https://www.tesco.com/groceries/en-GB/products/309454393,1687615799.8932679,"['£2.10', '£21.00/kg']",2.1,£21.00/kg
9965,Tesco Organic Mixed Nuts 200G,https://www.tesco.com/groceries/en-GB/products/258580504,1687615799.959702,"['£3.20', '£16.00/kg']",3.2,£16.00/kg
9966,Pataks Plain Chapattis 6'S,https://www.tesco.com/groceries/en-GB/products/256380681,1687615800.024354,"['£1.90', '£0.32/each']",1.9,£0.32/each
9967,Old El Paso Squeezy Sour Cream 230G,https://www.tesco.com/groceries/en-GB/products/289736349,1687615800.0886889,"['£2.25', '£0.98/100g']",2.25,£0.98/100g
9968,Grace Aloe Vera Drink 1.5 Litres,https://www.tesco.com/groceries/en-GB/products/279770052,1687615800.160934,"['£3.30', '£0.22/100ml']",3.3,£0.22/100ml
9969,Dr. Oetker Extra Dark Chocolate Chunks 100G,https://www.tesco.com/groceries/en-GB/products/282996072,1687615800.2279181,"['£1.85', '£1.85/100g']",1.85,£1.85/100g
9970,Kubus Apple & Banana Mousse 100G,https://www.tesco.com/groceries/en-GB/products/280823888,1687615800.297122,"['£0.85', '£0.85/100g']",0.85,£0.85/100g
9971,Kallo Organic Stock Cubes Mushroom 66G,https://www.tesco.com/groceries/en-GB/products/282047686,1687615800.364328,"['£1.90', '£2.88/100g']",1.9,£2.88/100g
9972,Fibre One 90 Calorie Doughnut Chocolate Flavour 4X23g,https://www.tesco.com/groceries/en-GB/products/311221643,1687615800.430073,"['£2.50', '£2.72/100g']",2.5,£2.72/100g
9973,Fragata Manzanilla Olive With Jalapeno 350G,https://www.tesco.com/groceries/en-GB/products/307740754,1687615800.496754,"['£2.00', '£1.33/100g DR.WT']",2.0,£1.33/100g DR.WT
9974,Carnation Vegan Condensed Milk Alternative 370G,https://www.tesco.com/groceries/en-GB/products/307332650,1687615800.587363,"['£2.70', '£7.30/kg']",2.7,£7.30/kg
9975,Tesco Organic Rapeseed Oil 1L,https://www.tesco.com/groceries/en-GB/products/250616592,1687615800.653715,"['£4.50', '£0.45/100ml']",4.5,£0.45/100ml
9976,Doves Farm Gluten Free White Bread Flour 1Kg,https://www.tesco.com/groceries/en-GB/products/257123599,1687615807.1367528,"['£1.95', '£1.95/kg']",1.95,£1.95/kg
9977,Natco Green Lentils 1Kg,https://www.tesco.com/groceries/en-GB/products/287651164,1687615807.4005399,"['£2.45', '£2.45/kg']",2.45,£2.45/kg
9978,Love Corn Sea Salt 115G,https://www.tesco.com/groceries/en-GB/products/301087183,1687615807.506479,"['£2.20', '£1.91/100g']",2.2,£1.91/100g
9979,Munchies Milk Chocolate Share Bag 216G,https://www.tesco.com/groceries/en-GB/products/308092954,1687615807.592764,"['£2.25', '£1.04/100g']",2.25,£1.04/100g
9980,Natures Finest Peach Slices 400G,https://www.tesco.com/groceries/en-GB/products/264094266,1687615807.668106,"['£1.90', '£8.26/kg DR.WT']",1.9,£8.26/kg DR.WT
9981,Colman's Chinese Chicken Curry Recipe Mix 47G,https://www.tesco.com/groceries/en-GB/products/308104429,1687615807.738913,"['£1.00', '£2.13/100g']",1.0,£2.13/100g
9982,Greens Lemon Pie Filling Mix 2 X 70G,https://www.tesco.com/groceries/en-GB/products/254915928,1687615807.812002,"['£0.85', '£0.61/100g']",0.85,£0.61/100g
9983,Tesco American Pancake Shaker Mix With Chocolate Chips 155G,https://www.tesco.com/groceries/en-GB/products/309496901,1687615807.883689,"['£1.00', '£6.45/kg']",1.0,£6.45/kg
9984,Maynards Bassetts Sports Mix Juicies 130G,https://www.tesco.com/groceries/en-GB/products/312560320,1687615807.950495,"['£1.25', '£0.96/100g']",1.25,£0.96/100g
9985,Reese's Nutrageous Chocolate 47G,https://www.tesco.com/groceries/en-GB/products/305043373,1687615808.016719,"['£0.80', '£1.70/100g']",0.8,£1.70/100g
9986,Bundaberg Root Beer 375Ml,https://www.tesco.com/groceries/en-GB/products/305835529,1687615808.129301,"['£1.40', '£0.37/100ml']",1.4,£0.37/100ml
9987,Tesco Low Fat Balsamic Dressing 250Ml,https://www.tesco.com/groceries/en-GB/products/300577388,1687615808.198999,"['£1.00', '£0.40/100ml']",1.0,£0.40/100ml
9988,Batchelors Pasta & Sauce Low Fat Cheese & Pancetta,https://www.tesco.com/groceries/en-GB/products/307344578,1687615808.267968,"['£1.00', '£10.10/kg']",1.0,£10.10/kg
9989,Cadbury Wispa Gold Chocolate Bars Multipack 4 X 38.3g,https://www.tesco.com/groceries/en-GB/products/309753603,1687615808.355552,"['£1.50', '£0.98/100g']",1.5,£0.98/100g
9990,Pez Fruit Mix Candy 8Pk 68G,https://www.tesco.com/groceries/en-GB/products/271668780,1687615808.421312,"['£0.90', '£1.32/100g']",0.9,£1.32/100g
9991,Tesco Penne Pasta Quills 3Kg,https://www.tesco.com/groceries/en-GB/products/254239488,1687615808.4888651,"['£4.00', '£1.33/kg']",4.0,£1.33/kg
9992,Kinder Bueno Bar 43G,https://www.tesco.com/groceries/en-GB/products/254734606,1687615808.557334,"['£0.65', '£1.51/100g']",0.65,£1.51/100g
9993,Laila Basmati Rice 5Kg,https://www.tesco.com/groceries/en-GB/products/293354386,1687615808.675837,"['£10.50', '£2.10/kg']",10.5,£2.10/kg
9994,Napolina Extra Virgin Olive Oil 1Ltr,https://www.tesco.com/groceries/en-GB/products/255592838,1687615808.7416801,"['£7.50', '£0.75/100ml']",7.5,£0.75/100ml
9995,The Spice Tailor Classic Tarka Daal 400G,https://www.tesco.com/groceries/en-GB/products/301786444,1687615808.812868,"['£3.75', '£9.38/kg']",3.75,£9.38/kg
9996,Nutribrex Gluten Free Cereal 375G,https://www.tesco.com/groceries/en-GB/products/289842275,1687615808.935304,"['£4.35', '£1.16/100g']",4.35,£1.16/100g
9997,Sacla Organic Basil Pesto 190G,https://www.tesco.com/groceries/en-GB/products/255094779,1687615809.00348,"['£3.60', '£1.90/100g']",3.6,£1.90/100g
9998,Prymat Fried Onion 300G,https://www.tesco.com/groceries/en-GB/products/267587247,1687615809.070178,"['£3.25', '£10.83/kg']",3.25,£10.83/kg
9999,Loyd Grossman Tomato & Basil Pasta Sauce 660G,https://www.tesco.com/groceries/en-GB/products/251708401,1687615809.1444612,"['£4.50', '£0.68/100g']",4.5,£0.68/100g
10000,Hermesetas Mini Sweeteners 400Pk,https://www.tesco.com/groceries/en-GB/products/259247651,1687615809.213747,"['£2.00', '£333.33/kg']",2.0,£333.33/kg
10001,Dr Oetker Glamour& Sparkle Sprinkles 115G,https://www.tesco.com/groceries/en-GB/products/302143357,1687615809.2833018,"['£2.60', '£2.26/100g']",2.6,£2.26/100g
10002,Lee Kum Kee Chiu Chow Chilli Oil 170G,https://www.tesco.com/groceries/en-GB/products/276730911,1687615809.3514,"['£3.00', '£1.76/100g']",3.0,£1.76/100g
10003,Tahira Chicken Smoked Sausages Hot Dogs 500G,https://www.tesco.com/groceries/en-GB/products/302471285,1687615809.41837,"['£2.70', '£0.00/kg']",2.7,£0.00/kg
10004,Maggi Hot & Sweet Tomato Chilli Sauce 400G,https://www.tesco.com/groceries/en-GB/products/282224131,1687615809.487253,"['£2.25', '£0.56/100g']",2.25,£0.56/100g
10005,Schwartz Garlic Salt 73G,https://www.tesco.com/groceries/en-GB/products/254918902,1687615809.5581949,"['£2.00', '£27.40/kg']",2.0,£27.40/kg
10006,Nature's Path Gluten Free Mixed Berries & Yogurt 300G,https://www.tesco.com/groceries/en-GB/products/310119415,1687615809.6445818,"['£3.50', '£1.17/100g DR.WT']",3.5,£1.17/100g DR.WT
10007,Genius Blueberry Muffin 2 Pack,https://www.tesco.com/groceries/en-GB/products/286069135,1687615809.709594,"['£2.10', '£1.05/each']",2.1,£1.05/each
10008,Deliciously Ella Apple And Raisin Oat Bar 50G X 3,https://www.tesco.com/groceries/en-GB/products/297557020,1687615809.775129,"['£2.65', '£1.77/100g']",2.65,£1.77/100g
10009,Tahira Sliced Turkey Salami Slices 200G,https://www.tesco.com/groceries/en-GB/products/254851824,1687615809.840544,"['£2.60', '£1.30/100g']",2.6,£1.30/100g
10010,Trek Smooth Lemon Protein Flapjacks 3X50g,https://www.tesco.com/groceries/en-GB/products/307138229,1687615809.944671,"['£3.00', '£2.00/100g']",3.0,£2.00/100g
10011,Nandos Perinaise Garlic 265G,https://www.tesco.com/groceries/en-GB/products/305972851,1687615810.077442,"['£2.25', '£0.85/100g']",2.25,£0.85/100g
10012,Fragataselection Anchovy Stuffed Olives 350G,https://www.tesco.com/groceries/en-GB/products/293425268,1687615810.17581,"['£2.00', '£0.01/kg DR.WT']",2.0,£0.01/kg DR.WT
10013,Hartleys Best Pineapple Jam 340G,https://www.tesco.com/groceries/en-GB/products/253520878,1687615810.265641,"['£1.95', '£0.57/100g']",1.95,£0.57/100g
10014,Eat Real Hummus Chips Sea Salt & Balsamic Vinegar 135G,https://www.tesco.com/groceries/en-GB/products/312852620,1687615810.3317811,"['£2.00', '£1.48/100g']",2.0,£1.48/100g
10015,East End Mustard Seeds Brown 100G,https://www.tesco.com/groceries/en-GB/products/260741289,1687615810.417873,"['£1.20', '£0.12/10g']",1.2,£0.12/10g
10016,Knorr 8 Zero Salt Beef Stock Cubes 72G,https://www.tesco.com/groceries/en-GB/products/308111622,1687615810.491381,"['£1.90', '£2.64/100g']",1.9,£2.64/100g
10017,Yutaka Soba Noodles 250G,https://www.tesco.com/groceries/en-GB/products/272855073,1687615810.557856,"['£1.50', '£6.00/kg']",1.5,£6.00/kg
10018,Tesco Chocolate Brownie Mix Kit 285G,https://www.tesco.com/groceries/en-GB/products/293103661,1687615810.6274729,"['£1.90', '£6.67/kg']",1.9,£6.67/kg
10019,Tesco Rainbow Sprinkles 75G,https://www.tesco.com/groceries/en-GB/products/306951621,1687615810.694161,"['£1.15', '£1.53/100g']",1.15,£1.53/100g
10020,Tesco Free From Jam Tarts 6 Pack,https://www.tesco.com/groceries/en-GB/products/266712960,1687615810.765943,"['£2.10', '£0.35/each']",2.1,£0.35/each
10021,Buttermilk Plant Caramel Nougat Dairy Free Bar 50G,https://www.tesco.com/groceries/en-GB/products/308830829,1687615810.8323898,"['£1.50', '£3.00/100g']",1.5,£3.00/100g
10022,Aleyna Sliced Red Jalapeno Peppers 480G,https://www.tesco.com/groceries/en-GB/products/278770480,1687615810.905534,"['£1.15', '£0.48/100g DR.WT']",1.15,£0.48/100g DR.WT
10023,Baxters Crunchy & Sweet Silverskin Onions 440G,https://www.tesco.com/groceries/en-GB/products/313003639,1687615810.975729,"['£2.00', '£0.91/100g DR.WT']",2.0,£0.91/100g DR.WT
10024,Aero Melts Milk Chocolate Sharing Bag 92G,https://www.tesco.com/groceries/en-GB/products/310179850,1687615818.465324,"['£1.35', '£1.47/100g']",1.35,£1.47/100g
10025,Lindt Nocciolatte Milk Chocolate Hazelnut 35G,https://www.tesco.com/groceries/en-GB/products/309466874,1687615818.5424619,"['£0.90', '£2.57/100g']",0.9,£2.57/100g
10026,Kubus Water Strawberry Drink 500Ml,https://www.tesco.com/groceries/en-GB/products/275463088,1687615818.660634,"['£0.90', '£0.18/100ml']",0.9,£0.18/100ml
10027,Tesco Prawn Cocktail Flavour Mini Rice & Corn Cakes 4X25g,https://www.tesco.com/groceries/en-GB/products/311672448,1687615818.728939,"['£1.25', '£1.25/100g']",1.25,£1.25/100g
10028,4Move Active Vitamins Drink 250Ml,https://www.tesco.com/groceries/en-GB/products/298576979,1687615818.804223,"['£0.60', '£0.24/100ml']",0.6,£0.24/100ml
10029,Drosed Podlaski Chicken Pate 100G,https://www.tesco.com/groceries/en-GB/products/265629526,1687615818.879219,"['£0.55', '£0.55/100g']",0.55,£0.55/100g
10030,Tesco Organic Spaghetti Pasta 500G,https://www.tesco.com/groceries/en-GB/products/255874968,1687615818.947965,"['£1.20', '£2.40/kg']",1.2,£2.40/kg
10031,Tesco Roast Chicken Soup In A Mug 5 Pack (5X26) 130G,https://www.tesco.com/groceries/en-GB/products/297132222,1687615819.019656,"['£0.90', '£0.69/100g']",0.9,£0.69/100g
10032,Haribo Fruitilicious 42G,https://www.tesco.com/groceries/en-GB/products/311939399,1687615819.085333,"['£0.50', '£1.19/100g']",0.5,£1.19/100g
10033,Kikkoman Soy Sauce 1 Litre,https://www.tesco.com/groceries/en-GB/products/281865197,1687615819.195647,"['£7.25', '£0.72/100ml']",7.25,£0.72/100ml
10034,Farchioni Il Casolare Extra Virgin Olive Oil 1L,https://www.tesco.com/groceries/en-GB/products/267237363,1687615819.274131,"['£10.75', '£1.08/100ml']",10.75,£1.08/100ml
10035,Lilys Ultimate Chocolate Collection 220G,https://www.tesco.com/groceries/en-GB/products/285000627,1687615819.363034,"['£7.00', '£3.18/100g']",7.0,£3.18/100g
10036,Heinz Organic Tomato Ketchup 580G,https://www.tesco.com/groceries/en-GB/products/261960932,1687615819.461609,"['£4.10', '£0.71/100g']",4.1,£0.71/100g
10037,Old El Paso Extra Mild Stand ‘N’ Stuff Soft Taco Kit 329G,https://www.tesco.com/groceries/en-GB/products/283522312,1687615819.5304399,"['£3.49', '£10.61/kg']",3.49,£10.61/kg
10038,Al'fez Natural Tahini 160G,https://www.tesco.com/groceries/en-GB/products/311268121,1687615819.600863,"['£2.50', '£1.56/100g']",2.5,£1.56/100g
10039,Tesco Macadamia Nuts 250G,https://www.tesco.com/groceries/en-GB/products/271074693,1687615819.667736,"['£5.50', '£22.00/kg']",5.5,£22.00/kg
10040,Quaker Oat So Simple Gluten Free Original Porridge 510G,https://www.tesco.com/groceries/en-GB/products/293216343,1687615819.734677,"['£3.85', '£0.76/100g']",3.85,£0.76/100g
10041,Tesco Organic Soft Apricots 200G,https://www.tesco.com/groceries/en-GB/products/309454237,1687615819.801504,"['£2.80', '£14.00/kg']",2.8,£14.00/kg
10042,Al'fez Moroccan Meatball Sauce 450G,https://www.tesco.com/groceries/en-GB/products/306824719,1687615819.87247,"['£2.65', '£0.59/100g']",2.65,£0.59/100g
10043,Thai Dragon Sweet Chilli Sauce 455Ml,https://www.tesco.com/groceries/en-GB/products/305053804,1687615819.939224,"['£2.50', '£0.55/100ml']",2.5,£0.55/100ml
10044,Bisto Curry Sauce Mix 185G,https://www.tesco.com/groceries/en-GB/products/309476827,1687615820.009472,"['£3.00', '£1.62/100g']",3.0,£1.62/100g
10045,Napolina Olive Oil Spray 200Ml,https://www.tesco.com/groceries/en-GB/products/313368529,1687615820.078774,"['£2.65', '£1.32/100ml']",2.65,£1.32/100ml
10046,Fragata Stoneless Olives & Garlic Puree 350G,https://www.tesco.com/groceries/en-GB/products/307741131,1687615820.142435,"['£2.00', '£1.33/100g DR.WT']",2.0,£1.33/100g DR.WT
10047,Vifon Tomato Instant Noodle Soup 70G,https://www.tesco.com/groceries/en-GB/products/309203368,1687615820.232552,"['£0.70', '£1.00/100g']",0.7,£1.00/100g
10048,Barenaked Noodles Original 380G,https://www.tesco.com/groceries/en-GB/products/301413731,1687615820.3032541,"['£2.00', '£8.00/kg DR.WT']",2.0,£8.00/kg DR.WT
10049,Yutaka Miso Paste 100G,https://www.tesco.com/groceries/en-GB/products/299581556,1687615820.371835,"['£1.75', '£1.75/100g']",1.75,£1.75/100g
10050,Lorenz Crunchips Paprika 140G,https://www.tesco.com/groceries/en-GB/products/302378160,1687615820.437854,"['£2.00', '£1.43/100g']",2.0,£1.43/100g
10051,Mr Freeze Jubbly Strawberry 8X62ml,https://www.tesco.com/groceries/en-GB/products/272504593,1687615820.505661,"['£1.65', '£0.33/100ml']",1.65,£0.33/100ml
10052,Tesco Free From Salad Cream 440G,https://www.tesco.com/groceries/en-GB/products/287547933,1687615820.5804858,"['£1.65', '£0.38/100g']",1.65,£0.38/100g
10053,Bonne Maman Hazelnut Chocolate Spread 250G,https://www.tesco.com/groceries/en-GB/products/310105184,1687615820.64658,"['£3.00', '£1.20/100g']",3.0,£1.20/100g
10054,Crosse And Blackwell Lentil & Bacon Soup 400G,https://www.tesco.com/groceries/en-GB/products/310114265,1687615820.7348979,"['£1.25', '£0.31/100g']",1.25,£0.31/100g
10055,Duda Frankfurter Style Sausage 480G,https://www.tesco.com/groceries/en-GB/products/304790409,1687615820.8066041,"['£2.90', '£0.60/100g']",2.9,£0.60/100g
10056,Pataks Madras Paste Pots 2X70g,https://www.tesco.com/groceries/en-GB/products/293134422,1687615820.8732958,"['£1.49', '£1.06/100g']",1.49,£1.06/100g
10057,Royal Rassomalai Dessert 500G,https://www.tesco.com/groceries/en-GB/products/267752835,1687615820.9414,"['£4.00', '£0.80/100g']",4.0,£0.80/100g
10058,Princes Skinless Boneless Mackerel Fillets Hot Chilli Dressing 125G,https://www.tesco.com/groceries/en-GB/products/252757041,1687615821.1042292,"['£1.60', '£1.28/100g']",1.6,£1.28/100g
10059,Tesco Cottage Pie With Root Vegetable Mash 300G,https://www.tesco.com/groceries/en-GB/products/308109999,1687615821.169933,"['£1.80', '£6.00/kg']",1.8,£6.00/kg
10060,Kujawski Extra Virgin Rapeseed Oil 1 Litre,https://www.tesco.com/groceries/en-GB/products/285985906,1687615821.240299,"['£2.90', '£0.29/100ml']",2.9,£0.29/100ml
10061,Veetee Heat & Eat Pilau Rice Pots 2X125g,https://www.tesco.com/groceries/en-GB/products/311227838,1687615821.310028,"['£1.15', '£4.60/kg']",1.15,£4.60/kg
10062,Tesco Chicken Seasoning 55G,https://www.tesco.com/groceries/en-GB/products/296921610,1687615821.377245,"['£0.90', '£0.16/10g']",0.9,£0.16/10g
10063,Nomo Vegan 3 Pack Chocolate Lollies 36G,https://www.tesco.com/groceries/en-GB/products/311934525,1687615821.4496691,"['£1.65', '£4.58/100g']",1.65,£4.58/100g
10064,Guinness Steak & Ale Pie Mix 40G,https://www.tesco.com/groceries/en-GB/products/308856996,1687615821.523405,"['£1.00', '£2.50/100g']",1.0,£2.50/100g
10065,"Create A Cake 12"" Round Cake Drum",https://www.tesco.com/groceries/en-GB/products/302141676,1687615821.5910301,"['£1.60', '£1.60/each']",1.6,£1.60/each
10066,Singha Beer 630Ml,https://www.tesco.com/groceries/en-GB/products/260340251,1687615821.658543,"['£2.20', '£3.49/litre']",2.2,£3.49/litre
10067,Napolina Black & White Chickpeas 400G,https://www.tesco.com/groceries/en-GB/products/309491906,1687615821.750921,"['£1.00', '£4.17/kg DR.WT']",1.0,£4.17/kg DR.WT
10068,Rom Bar With Rum Cream 30G,https://www.tesco.com/groceries/en-GB/products/282027635,1687615821.822622,"['£0.75', '£2.50/100g']",0.75,£2.50/100g
10069,Schwartz Wrap It Smokehouse Bbq 30G,https://www.tesco.com/groceries/en-GB/products/304371285,1687615821.888364,"['£0.95', '£3.17/100g']",0.95,£3.17/100g
10070,Tesco Chilli Infused Oil 250Ml,https://www.tesco.com/groceries/en-GB/products/278288475,1687615821.975646,"['£2.50', '£1.00/100ml']",2.5,£1.00/100ml
10071,Tesco Snack Pack Soft Apricots 50G,https://www.tesco.com/groceries/en-GB/products/302685769,1687615822.040443,"['£1.00', '£20.00/kg']",1.0,£20.00/kg
10072,Tilda Pure Original Basmati Rice 10Kg,https://www.tesco.com/groceries/en-GB/products/293247162,1687615827.568562,"['£26.00', '£2.60/kg']",26.0,£2.60/kg
10073,Tilda Pure Original Basmati Rice 5Kg,https://www.tesco.com/groceries/en-GB/products/293236653,1687615827.64314,"['£15.00', '£3.00/kg']",15.0,£3.00/kg
10074,Whole Earth Smooth Peanut Butter 1Kg,https://www.tesco.com/groceries/en-GB/products/294224350,1687615827.7151942,"['£6.80', '£0.68/100g']",6.8,£0.68/100g
10075,Taylor & Colledge Vanilla Pods 2 Pack,https://www.tesco.com/groceries/en-GB/products/303904389,1687615827.783264,"['£6.45', '£3.22/each']",6.45,£3.22/each
10076,Bear Yoyo Mango 9Pack 180G,https://www.tesco.com/groceries/en-GB/products/293425061,1687615827.8498712,"['£4.45', '£2.47/100g']",4.45,£2.47/100g
10077,Dorset Cereals Berry & Cherry Muesli 600G,https://www.tesco.com/groceries/en-GB/products/304786543,1687615827.923211,"['£4.00', '£0.67/100g']",4.0,£0.67/100g
10078,Dr Oetker Ready To Roll Coloured Icing 500G,https://www.tesco.com/groceries/en-GB/products/290834360,1687615827.9978292,"['£3.00', '£0.60/100g']",3.0,£0.60/100g
10079,Marigold Super Engevita Yeast Flakes 100G,https://www.tesco.com/groceries/en-GB/products/302725850,1687615828.0668328,"['£3.70', '£3.70/100g']",3.7,£3.70/100g
10080,Tahira 12 Halal Chicken & Beef Burgers 780G,https://www.tesco.com/groceries/en-GB/products/285211320,1687615828.1341991,"['£4.55', '£5.83/kg']",4.55,£5.83/kg
10081,Pataks Mild Curry Paste 283G,https://www.tesco.com/groceries/en-GB/products/254869470,1687615828.202328,"['£3.25', '£1.15/100g']",3.25,£1.15/100g
10082,Up&Go Energize Breakfast Shake Chocolate 400Ml,https://www.tesco.com/groceries/en-GB/products/307749111,1687615828.271334,"['£1.50', '£0.38/100ml']",1.5,£0.38/100ml
10083,Schwartz Medium Curry Powder 90G,https://www.tesco.com/groceries/en-GB/products/256834053,1687615828.339913,"['£2.15', '£0.24/10g']",2.15,£0.24/10g
10084,Mutti Parmigiano Reggiano Cheese Pasta Sauce 400G,https://www.tesco.com/groceries/en-GB/products/303852138,1687615828.45347,"['£2.95', '£0.74/100g']",2.95,£0.74/100g
10085,Warburtons White Thins Gluten Free 4 Pack 200G,https://www.tesco.com/groceries/en-GB/products/299384657,1687615828.532402,"['£2.75', '£1.38/100g']",2.75,£1.38/100g
10086,John West Tuna Mexican Light Lunch 220G,https://www.tesco.com/groceries/en-GB/products/276616460,1687615828.603652,"['£2.60', '£1.18/100g']",2.6,£1.18/100g
10087,Jamie Oliver Tomato & Olive Quinoa 250G,https://www.tesco.com/groceries/en-GB/products/289864329,1687615828.669088,"['£2.35', '£9.40/kg']",2.35,£9.40/kg
10088,Tesco Finest Orange Blossom Honey 340G,https://www.tesco.com/groceries/en-GB/products/264661285,1687615828.73885,"['£3.55', '£1.04/100g']",3.55,£1.04/100g
10089,Pataks Spiced Ready To Eat Papadums 8 Pack,https://www.tesco.com/groceries/en-GB/products/255097338,1687615828.804128,"['£2.15', '£2.69/100g']",2.15,£2.69/100g
10090,Tarczynski Pork Kabanos & Chilli 105G,https://www.tesco.com/groceries/en-GB/products/309191985,1687615828.870782,"['£2.25', '£2.14/100g']",2.25,£2.14/100g
10091,Dr Oetker Giant Chocolate Stars 20G,https://www.tesco.com/groceries/en-GB/products/275974825,1687615828.9418838,"['£1.80', '£9.00/100g']",1.8,£9.00/100g
10092,Green & Black's Organic Smooth Mint Chocolate 90G,https://www.tesco.com/groceries/en-GB/products/311946387,1687615829.008584,"['£2.45', '£2.72/100g']",2.45,£2.72/100g
10093,Tesco Mixed Peppercorn Grinder 40G,https://www.tesco.com/groceries/en-GB/products/259035049,1687615829.0764658,"['£2.30', '£0.58/10g']",2.3,£0.58/10g
10094,Royal Chai Masala Tea With Sugar 220G,https://www.tesco.com/groceries/en-GB/products/260666954,1687615829.1418612,"['£2.90', '£1.32/100g']",2.9,£1.32/100g
10095,Lisner Vegetable Salad With Green Peas 500G,https://www.tesco.com/groceries/en-GB/products/291197275,1687615829.209145,"['£2.00', '£0.40/100g']",2.0,£0.40/100g
10096,Tarczynski Classic Pork Kabanos 200G,https://www.tesco.com/groceries/en-GB/products/302353448,1687615829.2827132,"['£2.30', '£1.15/100g']",2.3,£1.15/100g
10097,Mlekovita Butter 200G,https://www.tesco.com/groceries/en-GB/products/264205947,1687615829.351987,"['£2.20', '£11.00/kg']",2.2,£11.00/kg
10098,Yo! Salt & Pepper Chicken Seasoning 35G,https://www.tesco.com/groceries/en-GB/products/308826829,1687615829.4236538,"['£1.10', '£0.31/10g']",1.1,£0.31/10g
10099,Olza Prince Polo Classic Wafer 50G,https://www.tesco.com/groceries/en-GB/products/301358329,1687615829.49322,"['£0.65', '£1.30/100g']",0.65,£1.30/100g
10100,Tesco Collection Chocolate Assortment 360G,https://www.tesco.com/groceries/en-GB/products/297061490,1687615829.560585,"['£3.70', '£1.03/100g']",3.7,£1.03/100g
10101,Naked Ultimate Noodles Japanese Style Chicken 90G,https://www.tesco.com/groceries/en-GB/products/311943520,1687615829.625643,"['£1.50', '£16.67/kg']",1.5,£16.67/kg
10102,Tesco 2 Plain Laffa Style Flatbreads,https://www.tesco.com/groceries/en-GB/products/311214099,1687615829.6919649,"['£1.25', '£0.62/each']",1.25,£0.62/each
10103,Tesco Low Fat Tikka Masala Sauce 500G,https://www.tesco.com/groceries/en-GB/products/300601562,1687615829.7584379,"['£1.20', '£0.24/100g']",1.2,£0.24/100g
10104,Tesco Kashmiri Chilli Flakes 27G,https://www.tesco.com/groceries/en-GB/products/304411694,1687615829.829802,"['£0.90', '£0.33/10g']",0.9,£0.33/10g
10105,Cadbury Boost Chocolate Duo Bar 63G,https://www.tesco.com/groceries/en-GB/products/308489186,1687615829.896385,"['£0.90', '£1.43/100g']",0.9,£1.43/100g
10106,Nestle Yorkie Milk Bar 46G,https://www.tesco.com/groceries/en-GB/products/286633239,1687615830.011169,"['£0.75', '£1.63/100g']",0.75,£1.63/100g
10107,Skittles Fruit Squishy Cloudz 94G,https://www.tesco.com/groceries/en-GB/products/311214652,1687615830.119658,"['£0.99', '£1.05/100g']",0.99,£1.05/100g
10108,Prymat Sarepska Mustard 180G,https://www.tesco.com/groceries/en-GB/products/279842181,1687615830.185131,"['£0.65', '£0.36/100g']",0.65,£0.36/100g
10109,Badshah Superior Aged Basmati Rice 5Kg,https://www.tesco.com/groceries/en-GB/products/293258696,1687615830.253549,"['£10.75', '£2.15/kg']",10.75,£2.15/kg
10110,Filippo Berio Mild & Light Olive Oil 500Ml,https://www.tesco.com/groceries/en-GB/products/254958261,1687615830.3561442,"['£6.50', '£1.30/100ml']",6.5,£1.30/100ml
10111,Quaker Oat So Simple Gluten Free Original Porridge 10 Pack 350G,https://www.tesco.com/groceries/en-GB/products/293216458,1687615830.443006,"['£3.80', '£1.09/100g']",3.8,£1.09/100g
10112,Humza Chicken 1Kg,https://www.tesco.com/groceries/en-GB/products/293702666,1687615830.5340538,"['£5.25', '£5.25/kg']",5.25,£5.25/kg
10113,Tesco Finest Bearnaise Sauce 165G,https://www.tesco.com/groceries/en-GB/products/273235765,1687615830.600917,"['£2.00', '£1.21/100g']",2.0,£1.21/100g
10114,Dorset Cereals Muesli Crunch Dark Chocolate Hazelnut 400G,https://www.tesco.com/groceries/en-GB/products/312094324,1687615830.67997,"['£4.00', '£1.00/100g']",4.0,£1.00/100g
10115,John West Light Lunch French Style 220,https://www.tesco.com/groceries/en-GB/products/260461038,1687615830.775088,"['£2.60', '£1.18/100g']",2.6,£1.18/100g
10116,Tesco Sriracha Hot Chilli Sauce 285G,https://www.tesco.com/groceries/en-GB/products/278084779,1687615830.8511128,"['£2.05', '£0.72/100g']",2.05,£0.72/100g
10117,Crespo Dry Black Olives Pouch 150G,https://www.tesco.com/groceries/en-GB/products/301576848,1687615830.9168808,"['£2.30', '£1.53/100g']",2.3,£1.53/100g
10118,Old El Paso Squeezy Sauce Guacamole 240G,https://www.tesco.com/groceries/en-GB/products/289725529,1687615830.9892092,"['£2.25', '£0.94/100g']",2.25,£0.94/100g
10119,Tesco Finest Chocolate & Berry Granola 500G,https://www.tesco.com/groceries/en-GB/products/308475801,1687615831.0548558,"['£2.80', '£0.56/100g']",2.8,£0.56/100g
10120,Tesco Free From Lemon Loaf Cake,https://www.tesco.com/groceries/en-GB/products/303617280,1687615837.178613,"['£2.75', '£2.75/each']",2.75,£2.75/each
10121,Newmans Own Italian Dressing 250Ml,https://www.tesco.com/groceries/en-GB/products/259872359,1687615837.251888,"['£2.00', '£0.80/100ml']",2.0,£0.80/100ml
10122,Schwartz Piri Piri Chicken Grill Seasoning 39G,https://www.tesco.com/groceries/en-GB/products/255680293,1687615837.322911,"['£2.00', '£51.28/kg']",2.0,£51.28/kg
10123,Spring Home Tyj Spring Roll Pastry 550G,https://www.tesco.com/groceries/en-GB/products/259494478,1687615837.413907,"['£2.20', '£4.00/kg']",2.2,£4.00/kg
10124,Tymbark Cherry & Apple Nectar Drink 2L,https://www.tesco.com/groceries/en-GB/products/260861515,1687615837.4855402,"['£2.55', '£0.13/100ml']",2.55,£0.13/100ml
10125,Flora Pure Sunflower Oil 1L,https://www.tesco.com/groceries/en-GB/products/258732101,1687615837.552917,"['£3.50', '£0.35/100ml']",3.5,£0.35/100ml
10126,Kind Protein Crunchy Peanut Butter Bars 3X42g,https://www.tesco.com/groceries/en-GB/products/308451115,1687615837.620738,"['£3.50', '£2.78/100g']",3.5,£2.78/100g
10127,Heinz Organic Baked Beans 415G,https://www.tesco.com/groceries/en-GB/products/250741978,1687615837.6960251,"['£1.40', '£3.37/kg']",1.4,£3.37/kg
10128,Crosse & Blackwell Best Of British Ham Hock Broth 400G,https://www.tesco.com/groceries/en-GB/products/293273239,1687615837.7668412,"['£1.25', '£0.31/100g']",1.25,£0.31/100g
10129,Caprio Apple & Raspberry Drink 2 Litre Carton,https://www.tesco.com/groceries/en-GB/products/266385580,1687615837.833258,"['£1.85', '£0.09/100ml']",1.85,£0.09/100ml
10130,Knorr Fish Stock Cubes 8 X 10G,https://www.tesco.com/groceries/en-GB/products/255169980,1687615837.900739,"['£1.90', '£2.38/100g']",1.9,£2.38/100g
10131,Humza Paratha Spring Onion 400G,https://www.tesco.com/groceries/en-GB/products/302036594,1687615837.975245,"['£1.80', '£0.45/100g']",1.8,£0.45/100g
10132,Lowicz Twarog Fat Free Curd Cheese 250G,https://www.tesco.com/groceries/en-GB/products/273698268,1687615838.043384,"['£1.35', '£5.40/kg']",1.35,£5.40/kg
10133,Dr. Oetker Glycerine 38Ml,https://www.tesco.com/groceries/en-GB/products/254914123,1687615838.111609,"['£1.00', '£0.26/10ml']",1.0,£0.26/10ml
10134,Haribo Tangfastics 400G,https://www.tesco.com/groceries/en-GB/products/296527304,1687615838.179831,"['£2.50', '£0.62/100g']",2.5,£0.62/100g
10135,Proper Corn Salted Caramel Popcorn 90G,https://www.tesco.com/groceries/en-GB/products/307365795,1687615838.24739,"['£1.90', '£2.11/100g']",1.9,£2.11/100g
10136,Tesco Pinto Beans 500G,https://www.tesco.com/groceries/en-GB/products/260261321,1687615838.314595,"['£1.70', '£3.40/kg']",1.7,£3.40/kg
10137,East End Cumin Whole Jeera 100G,https://www.tesco.com/groceries/en-GB/products/259685788,1687615838.382987,"['£1.20', '£0.12/10g']",1.2,£0.12/10g
10138,Kellogg's Rice Krispies Squares Mint Chocolate Shake Flavour 4X34g,https://www.tesco.com/groceries/en-GB/products/311688390,1687615838.4567199,"['£2.00', '£1.47/100g']",2.0,£1.47/100g
10139,Tesco Curry Leaves 2G ..,https://www.tesco.com/groceries/en-GB/products/300456088,1687615838.522177,"['£0.90', '£4.50/10g']",0.9,£4.50/10g
10140,Quaker Porridge To Go Mixed Berries 2X55g,https://www.tesco.com/groceries/en-GB/products/296977623,1687615838.586944,"['£1.75', '£1.59/100g']",1.75,£1.59/100g
10141,Twix Salted Caramel Multipack 9X20g,https://www.tesco.com/groceries/en-GB/products/311252180,1687615838.6768708,"['£2.00', '£1.11/100g']",2.0,£1.11/100g
10142,Tesco Garibaldi Biscuits 200G,https://www.tesco.com/groceries/en-GB/products/254921673,1687615838.7644212,"['£1.25', '£0.62/100g']",1.25,£0.62/100g
10143,Schwartz Spanish Meatballs In Tomato Sauce 30G,https://www.tesco.com/groceries/en-GB/products/293091402,1687615838.8716521,"['£0.95', '£3.17/100g']",0.95,£3.17/100g
10144,Tesco Victoria Sponge Mix 400G,https://www.tesco.com/groceries/en-GB/products/273466917,1687615838.958982,"['£1.25', '£3.12/kg']",1.25,£3.12/kg
10145,Lindt Lindor Salted Caramel Milk Chocolate Bar 38G,https://www.tesco.com/groceries/en-GB/products/306658519,1687615839.026305,"['£0.90', '£2.37/100g']",0.9,£2.37/100g
10146,Carib Caribbean Lager 330Ml,https://www.tesco.com/groceries/en-GB/products/266317057,1687615839.136597,"['£1.40', '£4.24/litre']",1.4,£4.24/litre
10147,Batchelors Pasta & Sauce Macaroni & Cheese 65G,https://www.tesco.com/groceries/en-GB/products/297172531,1687615839.202841,"['£1.00', '£15.38/kg']",1.0,£15.38/kg
10148,East End Pure Butter Ghee 1Kg,https://www.tesco.com/groceries/en-GB/products/260685390,1687615839.268754,"['£10.00', '£10.00/kg']",10.0,£10.00/kg
10149,Canderel Refil Sachets 500Pk 42.5G,https://www.tesco.com/groceries/en-GB/products/250028660,1687615839.339983,"['£5.30', '£124.71/kg']",5.3,£124.71/kg
10150,Baxters Luxury Cullen Skink Soup 400G,https://www.tesco.com/groceries/en-GB/products/268548876,1687615839.406142,"['£3.70', '£0.92/100g']",3.7,£0.92/100g
10151,Forest Feast Preda Fair-Trade Dried Mango 100G,https://www.tesco.com/groceries/en-GB/products/302173799,1687615839.47326,"['£3.50', '£35.00/kg']",3.5,£35.00/kg
10152,Fuel Loaded Fruit 400G,https://www.tesco.com/groceries/en-GB/products/271515380,1687615839.539892,"['£3.25', '£0.81/100g']",3.25,£0.81/100g
10153,Cardini Original Caesar Dressing 350Ml,https://www.tesco.com/groceries/en-GB/products/257896616,1687615839.605053,"['£2.65', '£7.57/litre']",2.65,£7.57/litre
10154,Gallo Risotto Rice 500G,https://www.tesco.com/groceries/en-GB/products/295638854,1687615839.67044,"['£2.65', '£5.30/kg']",2.65,£5.30/kg
10155,Schwartz Ground Ginger 26G,https://www.tesco.com/groceries/en-GB/products/254918919,1687615839.7422888,"['£2.00', '£0.77/10g']",2.0,£0.77/10g
10157,Bens Original Cantonese Sauce 450G,https://www.tesco.com/groceries/en-GB/products/309168887,1687615839.934813,"['£2.20', '£0.49/100g']",2.2,£0.49/100g
10158,Quaker Oat So Simple No Added Sugar Apple Porridge 8Pk 271G,https://www.tesco.com/groceries/en-GB/products/312110145,1687615840.0005279,"['£3.50', '£1.29/100g']",3.5,£1.29/100g
10159,Nandos Peri Peri Quick Marinade Medium 262G,https://www.tesco.com/groceries/en-GB/products/308463717,1687615840.131257,"['£2.50', '£0.95/100g']",2.5,£0.95/100g
10160,Fulfil Peanut & Caramel Vitamin & Protein Bar 40G,https://www.tesco.com/groceries/en-GB/products/306653980,1687615840.212269,"['£2.00', '£5.00/100g']",2.0,£5.00/100g
10161,Heinz Burger Sauce 418G,https://www.tesco.com/groceries/en-GB/products/311785257,1687615840.335922,"['£2.50', '£0.60/100g']",2.5,£0.60/100g
10162,Dr Oetker Chocolate Chunks White 100G,https://www.tesco.com/groceries/en-GB/products/275975761,1687615840.422365,"['£1.85', '£1.85/100g']",1.85,£1.85/100g
10163,Cypressa Stuffed Vine Leaves With Rice & Herbs 280G,https://www.tesco.com/groceries/en-GB/products/285648794,1687615840.4901628,"['£2.00', '£0.71/100g']",2.0,£0.71/100g
10164,Vesta Chow Mein 152G,https://www.tesco.com/groceries/en-GB/products/257550162,1687615840.569025,"['£2.75', '£18.09/kg']",2.75,£18.09/kg
10165,Thai Dragon Green Curry Paste 400G,https://www.tesco.com/groceries/en-GB/products/305053666,1687615840.642636,"['£1.95', '£0.49/100g']",1.95,£0.49/100g
10166,Old El Paso Tomato & Pepper Fajita Kit 505G,https://www.tesco.com/groceries/en-GB/products/265431504,1687615840.713281,"['£2.51', '£4.97/kg']",2.51,£4.97/kg
10167,Grace Jamaican Jerk Bbq Sauce 375G,https://www.tesco.com/groceries/en-GB/products/296455509,1687615840.782977,"['£1.80', '£0.48/100g']",1.8,£0.48/100g
10168,De Cecco Penne Rigate .41 500G,https://www.tesco.com/groceries/en-GB/products/255111674,1687615847.5455801,"['£2.00', '£4.00/kg']",2.0,£4.00/kg
10169,Schar Gluten Free Melto Chocolate Bar 30G,https://www.tesco.com/groceries/en-GB/products/302315166,1687615847.6429288,"['£1.00', '£3.33/100g']",1.0,£3.33/100g
10170,Ferrero Rocher Hazelnut Dark 55% Chocolate Bar 90G,https://www.tesco.com/groceries/en-GB/products/309482163,1687615847.726965,"['£2.20', '£2.44/100g']",2.2,£2.44/100g
10171,Whitworths Dried Chilean Orchard Prunes 210G,https://www.tesco.com/groceries/en-GB/products/299296750,1687615847.818524,"['£2.00', '£9.52/kg']",2.0,£9.52/kg
10172,Grace Halal Chicken Vienna Sausages 200G,https://www.tesco.com/groceries/en-GB/products/282511534,1687615847.9141471,"['£1.45', '£1.21/100g DR.WT']",1.45,£1.21/100g DR.WT
10173,Mentos Mint Roll 38G,https://www.tesco.com/groceries/en-GB/products/271131482,1687615847.981067,"['£0.90', '£2.37/100g']",0.9,£2.37/100g
10174,Bundaberg Ginger Beer 375Ml,https://www.tesco.com/groceries/en-GB/products/305828804,1687615848.091325,"['£1.40', '£0.37/100ml']",1.4,£0.37/100ml
10175,Cadbury Dark Milk Chocolate,https://www.tesco.com/groceries/en-GB/products/312221273,1687615848.1624682,"['£1.50', '£1.67/100g']",1.5,£1.67/100g
10177,Tesco Fish Stockpot 4 Pack 112G,https://www.tesco.com/groceries/en-GB/products/289037013,1687615848.324289,"['£1.20', '£1.07/100g']",1.2,£1.07/100g
10178,Tesco Scone Mix 320G,https://www.tesco.com/groceries/en-GB/products/256859070,1687615848.393216,"['£0.95', '£2.97/kg']",0.95,£2.97/kg
10179,Balcerzak Roasted Pork Loin 100G,https://www.tesco.com/groceries/en-GB/products/304794504,1687615848.461586,"['£1.25', '£0.01/kg']",1.25,£0.01/kg
10180,Popworks Sweet & Salty Popped Crisps 85G,https://www.tesco.com/groceries/en-GB/products/312085894,1687615848.530508,"['£2.25', '£2.65/100g']",2.25,£2.65/100g
10181,John West Sardines Sunflower Oil 120G,https://www.tesco.com/groceries/en-GB/products/252748167,1687615848.620219,"['£1.10', '£1.22/100g DR.WT']",1.1,£1.22/100g DR.WT
10182,Tic Tac Sugar Free Fresh Strong Mint 16.4G,https://www.tesco.com/groceries/en-GB/products/311447059,1687615848.689986,"['£1.00', '£6.10/100g']",1.0,£6.10/100g
10183,Schwartz Spanish Smoked Paprika Chicken 28G,https://www.tesco.com/groceries/en-GB/products/293091264,1687615848.801053,"['£0.95', '£3.39/100g']",0.95,£3.39/100g
10184,Wicked Kitchen Spicy Coconut & Rice Noodles 72G,https://www.tesco.com/groceries/en-GB/products/304380700,1687615848.901428,"['£1.30', '£18.06/kg']",1.3,£18.06/kg
10185,Tesco Katsu Cooking Sauce 340G,https://www.tesco.com/groceries/en-GB/products/307362700,1687615848.967784,"['£1.20', '£0.35/100g']",1.2,£0.35/100g
10186,Tesco Finest Grade A Dark Maple Syrup 330G,https://www.tesco.com/groceries/en-GB/products/313162571,1687615849.034455,"['£5.95', '£1.80/100g']",5.95,£1.80/100g
10187,Nutella B-Ready Chocolate Wafers 15 X 22G,https://www.tesco.com/groceries/en-GB/products/306945652,1687615849.102296,"['£5.00', '£1.52/100g']",5.0,£1.52/100g
10188,Humza Chicken Samosa 20 Pieces 650G,https://www.tesco.com/groceries/en-GB/products/292809536,1687615849.2021928,"['£4.50', '£0.69/100g']",4.5,£0.69/100g
10189,Sharwoods Real Oyster Sauce 150Ml,https://www.tesco.com/groceries/en-GB/products/252354673,1687615849.275329,"['£3.10', '£2.07/100ml']",3.1,£2.07/100ml
10190,Blue Dragon 3 Step Thai Red Curry 253G,https://www.tesco.com/groceries/en-GB/products/289670190,1687615849.343519,"['£3.10', '£12.25/kg']",3.1,£12.25/kg
10191,Elephant Atta Medium Chapatti Flour 10Kg,https://www.tesco.com/groceries/en-GB/products/292535295,1687615849.416468,"['£10.00', '£1.00/kg']",10.0,£1.00/kg
10192,Tesco Cashew Nuts & Raisins 200G,https://www.tesco.com/groceries/en-GB/products/271072378,1687615849.495593,"['£2.30', '£11.50/kg']",2.3,£11.50/kg
10193,Farabella Gf Potato Gnocchi 500G,https://www.tesco.com/groceries/en-GB/products/305941829,1687615849.566842,"['£3.15', '£6.30/kg']",3.15,£6.30/kg
10194,Scotts Porage Oats Porridge 2Kg,https://www.tesco.com/groceries/en-GB/products/308484197,1687615849.640683,"['£4.05', '£0.20/100g']",4.05,£0.20/100g
10195,Swartz Jamaican Jerk Seasoning 51G Jar,https://www.tesco.com/groceries/en-GB/products/257518328,1687615849.718126,"['£2.00', '£0.39/10g']",2.0,£0.39/10g
10196,Quaker Oat Granola Golden Crunch 500G,https://www.tesco.com/groceries/en-GB/products/301073965,1687615849.8125,"['£3.50', '£0.70/100g']",3.5,£0.70/100g
10197,Tesco Ready To Roll Coloured Icing Red 250G,https://www.tesco.com/groceries/en-GB/products/278587645,1687615849.9111192,"['£1.80', '£0.72/100g']",1.8,£0.72/100g
10198,Matthews Flour Stoneground Strong Wholegrain 1.5Kg,https://www.tesco.com/groceries/en-GB/products/308827616,1687615849.979939,"['£2.30', '£1.53/kg']",2.3,£1.53/kg
10199,Matthews Cotswold Strong White Flour 1.5Kg,https://www.tesco.com/groceries/en-GB/products/306934089,1687615850.054045,"['£2.30', '£1.53/kg']",2.3,£1.53/kg
10200,Kellogg Crunchy Nut Caramelised Granola 380G,https://www.tesco.com/groceries/en-GB/products/282243382,1687615850.189034,"['£3.00', '£0.79/100g']",3.0,£0.79/100g
10201,Fibre One 90 Calorie Doughnut Strawberry 4X23g,https://www.tesco.com/groceries/en-GB/products/311425765,1687615850.295773,"['£2.50', '£2.72/100g']",2.5,£2.72/100g
10202,Tesco Active Vanilla Caramel Crunch Protein Bar 60G,https://www.tesco.com/groceries/en-GB/products/302932570,1687615850.3663301,"['£1.75', '£2.92/100g']",1.75,£2.92/100g
10204,Bear Smoothie Yoyos Blueberry & Banana 5X20g,https://www.tesco.com/groceries/en-GB/products/309481930,1687615850.5441122,"['£2.85', '£2.85/100g']",2.85,£2.85/100g
10205,Innis & Gunn Lager Beer 4X440ml,https://www.tesco.com/groceries/en-GB/products/295724907,1687615850.691701,"['£4.49', '£2.55/litre']",4.49,£2.55/litre
10206,Tiger Tiger 5Mm Rice Sticks 400G,https://www.tesco.com/groceries/en-GB/products/276865043,1687615850.830594,"['£2.40', '£6.00/kg']",2.4,£6.00/kg
10207,Bisto Chip Shop Curry Sauce Pots 2 X 90G,https://www.tesco.com/groceries/en-GB/products/307349417,1687615850.925872,"['£2.50', '£1.39/100g']",2.5,£1.39/100g
10208,Tesco Finest Chocolate Orange Cookies 200G,https://www.tesco.com/groceries/en-GB/products/300112609,1687615850.992856,"['£2.00', '£1.00/100g']",2.0,£1.00/100g
10209,Tesco Marjoram 13G ..,https://www.tesco.com/groceries/en-GB/products/300456445,1687615851.059422,"['£0.90', '£0.69/10g']",0.9,£0.69/10g
10210,Dawtona Sauerkraut With Carrot 500G,https://www.tesco.com/groceries/en-GB/products/305523789,1687615851.1311228,"['£1.30', '£0.48/100g DR.WT']",1.3,£0.48/100g DR.WT
10211,Tesco Free From Chocolate Bar 90G,https://www.tesco.com/groceries/en-GB/products/314113444,1687615851.2039208,"['£1.50', '£1.67/100g']",1.5,£1.67/100g
10212,Tesco Free From Chocolate Orange Bar 90G,https://www.tesco.com/groceries/en-GB/products/314119403,1687615851.2713332,"['£1.50', '£1.67/100g']",1.5,£1.67/100g
10213,Buttermilk Plant Powered Choccy Caramel Bar 40G,https://www.tesco.com/groceries/en-GB/products/314122099,1687615851.3379982,"['£1.50', '£3.75/100g']",1.5,£3.75/100g
10214,K.A. Sparkling Pineapple Drink 2 Litre,https://www.tesco.com/groceries/en-GB/products/276003678,1687615851.405797,"['£1.75', '£0.09/100ml']",1.75,£0.09/100ml
10215,Sharwoods Stir Fry Sauce 30% Less Sugar Sweet Chilli Garlic 120G,https://www.tesco.com/groceries/en-GB/products/307740685,1687615851.474623,"['£1.20', '£1.00/100g']",1.2,£1.00/100g
10216,Tesco Minestrone & Croutons Soup In A Mug 5 Pack 115G,https://www.tesco.com/groceries/en-GB/products/297132308,1687615857.66907,"['£0.90', '£0.78/100g']",0.9,£0.78/100g
10217,Flava-It Bbq Marinade 35G,https://www.tesco.com/groceries/en-GB/products/301341297,1687615857.742147,"['£1.10', '£0.31/10g']",1.1,£0.31/10g
10218,Extra Ice Peppermint Gum 10 Pieces,https://www.tesco.com/groceries/en-GB/products/268044802,1687615857.834384,"['£0.70', '£5.00/100g']",0.7,£5.00/100g
10219,Regal Puff Pastry Finger Biscuits 200G,https://www.tesco.com/groceries/en-GB/products/267459428,1687615857.901866,"['£1.10', '£0.55/100g']",1.1,£0.55/100g
10220,Batchelors Super Noodles Bacon 90G,https://www.tesco.com/groceries/en-GB/products/303646187,1687615857.9688,"['£0.99', '£11.00/kg']",0.99,£11.00/kg
10221,Maggi So Juicy Paprika For Chicken 30G,https://www.tesco.com/groceries/en-GB/products/274767151,1687615858.039649,"['£0.70', '£2.33/100g']",0.7,£2.33/100g
10222,Tesco Plain Naans 2 Pack 260G,https://www.tesco.com/groceries/en-GB/products/266838195,1687615858.116535,"['£0.80', '£0.31/100g']",0.8,£0.31/100g
10223,Frugo Wild Punch Watermelon Strawberry Energy 330Ml,https://www.tesco.com/groceries/en-GB/products/309193637,1687615858.181646,"['£0.70', '£0.21/100ml']",0.7,£0.21/100ml
10224,Kit Kat 4 Finger Milk Chocolate Bar 41.5G,https://www.tesco.com/groceries/en-GB/products/292573531,1687615858.248048,"['£0.70', '£1.69/100g']",0.7,£1.69/100g
10225,Peppadew Sweet Piquante Hot Whole Peppers 400G,https://www.tesco.com/groceries/en-GB/products/308467241,1687615858.361046,"['£3.25', '£2.32/100g DR.WT']",3.25,£2.32/100g DR.WT
10226,Belazu Beldi Black Olive Tapenade 170G,https://www.tesco.com/groceries/en-GB/products/301923997,1687615858.4307132,"['£3.60', '£2.12/100g']",3.6,£2.12/100g
10229,Tesco Massaman Curry Paste 200G,https://www.tesco.com/groceries/en-GB/products/300594528,1687615858.658176,"['£2.40', '£1.20/100g']",2.4,£1.20/100g
10230,Hilltop Acacia Honey 340G,https://www.tesco.com/groceries/en-GB/products/311949145,1687615858.72382,"['£3.00', '£0.88/100g']",3.0,£0.88/100g
10231,Schwartz Rosemary 18G Jar,https://www.tesco.com/groceries/en-GB/products/257498667,1687615858.7889512,"['£2.00', '£1.11/10g']",2.0,£1.11/10g
10232,Barilla Gluten Free Spaghetti 400G,https://www.tesco.com/groceries/en-GB/products/297707332,1687615858.874729,"['£2.60', '£6.50/kg']",2.6,£6.50/kg
10233,Grenade Carb Killa White Chocolate Cookie Protein Bar60g,https://www.tesco.com/groceries/en-GB/products/293710149,1687615858.939255,"['£2.70', '£4.50/100g']",2.7,£4.50/100g
10235,Tesco Finest Scottish Porridge Oats 750G,https://www.tesco.com/groceries/en-GB/products/260194020,1687615859.101886,"['£2.10', '£0.28/100g']",2.1,£0.28/100g
10236,Tesco Finest Mackerel With Black Pepper 110G,https://www.tesco.com/groceries/en-GB/products/300535496,1687615859.1673138,"['£2.25', '£2.04/100g']",2.25,£2.04/100g
10237,Risotto Gallo Risotto Pronto Mushroom 175G,https://www.tesco.com/groceries/en-GB/products/267030307,1687615859.232203,"['£2.65', '£15.14/kg']",2.65,£15.14/kg
10238,Doves Farm Organic Spelt Wholemeal Flour 1Kg,https://www.tesco.com/groceries/en-GB/products/251183035,1687615859.3209019,"['£2.80', '£2.80/kg']",2.8,£2.80/kg
10239,Ryvita Sweet Onion Crisp Bread 200G,https://www.tesco.com/groceries/en-GB/products/266319343,1687615859.417234,"['£2.00', '£1.00/100g']",2.0,£1.00/100g
10240,Tesco Black Turtle Beans 500G,https://www.tesco.com/groceries/en-GB/products/256530942,1687615859.491012,"['£1.90', '£3.80/kg']",1.9,£3.80/kg
10241,Candy Kitten Sour Watermelon Sweets 140G,https://www.tesco.com/groceries/en-GB/products/311959012,1687615859.5661829,"['£2.50', '£1.79/100g']",2.5,£1.79/100g
10242,Fibre One Red Velvet Cake Bar 25 G,https://www.tesco.com/groceries/en-GB/products/304838926,1687615859.6348119,"['£2.90', '£11.60/100g']",2.9,£11.60/100g
10243,Dawtona Red Cabbage With Apple 500G,https://www.tesco.com/groceries/en-GB/products/305522797,1687615859.7027369,"['£1.25', '£0.36/100g DR.WT']",1.25,£0.36/100g DR.WT
10244,Lisner Vegetable Salad With Egg 500G,https://www.tesco.com/groceries/en-GB/products/307750189,1687615859.768103,"['£2.20', '£0.44/100g']",2.2,£0.44/100g
10245,Fragata Snack 'N Green Olives With Pinch Of Lemon 70G,https://www.tesco.com/groceries/en-GB/products/282243091,1687615859.836274,"['£1.15', '£0.02/kg']",1.15,£0.02/kg
10246,Walkers Max Double Crunch Cheddar Onion 140G,https://www.tesco.com/groceries/en-GB/products/305844548,1687615859.9061592,"['£2.25', '£1.61/100g']",2.25,£1.61/100g
10247,East End Brown Lentils 500G,https://www.tesco.com/groceries/en-GB/products/261633289,1687615859.9713762,"['£1.50', '£3.00/kg']",1.5,£3.00/kg
10248,Lisner Herring Creamy Sauce 280G,https://www.tesco.com/groceries/en-GB/products/264801783,1687615860.039187,"['£1.85', '£6.61/kg']",1.85,£6.61/kg
10249,Kabuto Noodles Chicken Ramen 65G,https://www.tesco.com/groceries/en-GB/products/312107607,1687615860.104149,"['£1.65', '£25.38/kg']",1.65,£25.38/kg
10250,Dr Oetker Chocolate Chip Pudding In A Mug 65G,https://www.tesco.com/groceries/en-GB/products/293015166,1687615860.1695192,"['£0.85', '£13.08/kg']",0.85,£13.08/kg
10251,Naked Ultimate Noodles Chinese Style Duck 90G,https://www.tesco.com/groceries/en-GB/products/311952866,1687615860.235018,"['£1.50', '£16.67/kg']",1.5,£16.67/kg
10252,Love Raw Vegan Milk Chocolate Cream Wafer Bar 43G,https://www.tesco.com/groceries/en-GB/products/312368174,1687615860.2981708,"['£1.50', '£3.49/100g']",1.5,£3.49/100g
10253,Tesco Golden Galaxy Sprinkles 80G,https://www.tesco.com/groceries/en-GB/products/306948695,1687615860.4462101,"['£1.15', '£1.44/100g']",1.15,£1.44/100g
10254,Blue Dragon Korean Bbq Stir Fry Sauce 120G,https://www.tesco.com/groceries/en-GB/products/309169391,1687615860.557589,"['£0.95', '£0.79/100g']",0.95,£0.79/100g
10255,Tesco Coronation Mayonnaise 280G,https://www.tesco.com/groceries/en-GB/products/310685014,1687615860.646469,"['£1.30', '£0.46/100g']",1.3,£0.46/100g
10256,Graze Dark Chocolate Cherry Tart 40G,https://www.tesco.com/groceries/en-GB/products/293333060,1687615860.723,"['£1.20', '£3.00/100g']",1.2,£3.00/100g
10257,Yorkie Raisin & Biscuit Duo 66G (P),https://www.tesco.com/groceries/en-GB/products/292094654,1687615860.839137,"['£1.00', '£1.52/100g']",1.0,£1.52/100g
10258,Wicked Kitchen Cool Triangles 85G,https://www.tesco.com/groceries/en-GB/products/309194291,1687615860.952066,"['£1.10', '£1.29/100g']",1.1,£1.29/100g
10259,Tesco Organic Whole Wheat Fusilli 500G,https://www.tesco.com/groceries/en-GB/products/260526631,1687615861.021491,"['£1.20', '£2.40/kg']",1.2,£2.40/kg
10260,Ms Molly's Vanilla Sponge Mix 300G,https://www.tesco.com/groceries/en-GB/products/309205585,1687615861.100014,"['£0.70', '£2.33/kg']",0.7,£2.33/kg
10261,Tesco Free From Tagliatelle 250G,https://www.tesco.com/groceries/en-GB/products/282458361,1687615861.1684659,"['£1.20', '£4.80/kg']",1.2,£4.80/kg
10262,Alpen Light Chocolate Brownie Flavour 5 Pack 95G,https://www.tesco.com/groceries/en-GB/products/312712199,1687615861.2350101,"['£1.00', '£1.05/100g']",1.0,£1.05/100g
10263,Princes Drained Tuna Steak In Sunflower Oil3x110g,https://www.tesco.com/groceries/en-GB/products/302207127,1687615861.3105059,"['£5.25', '£1.59/100g']",5.25,£1.59/100g
10264,Ocean's Halo Sushi Nori 28G,https://www.tesco.com/groceries/en-GB/products/303881649,1687615866.7076879,"['£3.30', '£11.79/100g']",3.3,£11.79/100g
10265,Bfree Sweet Potato Gluten Free Wrap 6X42g,https://www.tesco.com/groceries/en-GB/products/293672920,1687615866.780159,"['£3.75', '£1.49/100g']",3.75,£1.49/100g
10266,Loyd Grossman Tomato & Chilli Pasta Sauce 660G,https://www.tesco.com/groceries/en-GB/products/254196088,1687615866.850113,"['£4.50', '£0.68/100g']",4.5,£0.68/100g
10267,Krakus Polish Smoked Pork Snack 180G,https://www.tesco.com/groceries/en-GB/products/268613056,1687615866.9180522,"['£3.00', '£1.67/100g']",3.0,£1.67/100g
10268,Green & Black Organic Cooking Chocolate 150G,https://www.tesco.com/groceries/en-GB/products/255774919,1687615866.984498,"['£2.75', '£1.83/100g']",2.75,£1.83/100g
10269,Schwartz Crushed Chillies 29G Jar,https://www.tesco.com/groceries/en-GB/products/257507670,1687615867.0536819,"['£2.00', '£68.97/kg']",2.0,£68.97/kg
10270,Lindt Classic Recipe Vegan Smooth Chocolate 100G,https://www.tesco.com/groceries/en-GB/products/310174930,1687615867.1439319,"['£3.20', '£3.20/100g']",3.2,£3.20/100g
10271,Tesco Mango & Banana Bars 5 X 30G,https://www.tesco.com/groceries/en-GB/products/300534756,1687615867.244294,"['£2.00', '£1.33/100g']",2.0,£1.33/100g
10272,Tesco Finest Nocellara Olives 200G,https://www.tesco.com/groceries/en-GB/products/300832743,1687615867.32097,"['£2.25', '£1.88/100g DR.WT']",2.25,£1.88/100g DR.WT
10273,Natco Corn Meal Fine 1.5Kg,https://www.tesco.com/groceries/en-GB/products/255575078,1687615867.387379,"['£2.10', '£1.40/kg']",2.1,£1.40/kg
10274,Kp Snack Packs Dry Roasted Peanuts 5 X 30G,https://www.tesco.com/groceries/en-GB/products/310098104,1687615867.455084,"['£3.25', '£2.17/100g']",3.25,£2.17/100g
10275,Koh-I-Noor Besan Gram Flour 1Kg,https://www.tesco.com/groceries/en-GB/products/265181200,1687615867.575113,"['£2.00', '£2.00/kg']",2.0,£2.00/kg
10276,Fray Bentos Cheese & Onion Pie 425G,https://www.tesco.com/groceries/en-GB/products/305830189,1687615867.6453152,"['£3.25', '£7.65/kg']",3.25,£7.65/kg
10277,Trek Flapjack Original Oat 50G 3 Pack,https://www.tesco.com/groceries/en-GB/products/291559003,1687615867.737395,"['£3.00', '£2.00/100g']",3.0,£2.00/100g
10278,East End Garam Masala Mixd Powder 300G,https://www.tesco.com/groceries/en-GB/products/264934026,1687615867.835649,"['£2.45', '£0.08/10g']",2.45,£0.08/10g
10280,Guinness Nigerian Stout Bottle 4 X 325Ml,https://www.tesco.com/groceries/en-GB/products/271232852,1687615867.99701,"['£7.00', '£5.38/litre']",7.0,£5.38/litre
10281,Milky Way Magic Stars Dairy Free Chocolate 85G,https://www.tesco.com/groceries/en-GB/products/310111216,1687615868.090374,"['£2.75', '£3.24/100g']",2.75,£3.24/100g
10282,Yangtse River Longkou Vermicelli 8X50g,https://www.tesco.com/groceries/en-GB/products/276846475,1687615868.158182,"['£2.60', '£6.50/kg']",2.6,£6.50/kg
10283,Baxters Sri Lankan Sweet Potato Soup 380G,https://www.tesco.com/groceries/en-GB/products/305834762,1687615868.2458298,"['£2.00', '£0.53/100g']",2.0,£0.53/100g
10284,Whitworths Crystalised Ginger 175G,https://www.tesco.com/groceries/en-GB/products/275712111,1687615868.310327,"['£2.00', '£11.43/kg']",2.0,£11.43/kg
10285,Kp Flavour Kravers Smokin' Paprika Flavour Peanut 140G,https://www.tesco.com/groceries/en-GB/products/310174890,1687615868.4055831,"['£3.00', '£2.14/100g']",3.0,£2.14/100g
10286,Tesco Pizza Base Mix With Sourdough 145G,https://www.tesco.com/groceries/en-GB/products/311947700,1687615868.471798,"['£0.80', '£5.52/kg']",0.8,£5.52/kg
10287,Tesco Cannellini Beans 500G,https://www.tesco.com/groceries/en-GB/products/256532750,1687615868.5391629,"['£1.70', '£3.40/kg']",1.7,£3.40/kg
10288,Smint Xxl Sugarfree Sweet Mint,https://www.tesco.com/groceries/en-GB/products/310681738,1687615868.6434948,"['£1.50', '£4.29/100g']",1.5,£4.29/100g
10289,Rubicon Sparkling Zero Added Sugar Mango 2 Litre,https://www.tesco.com/groceries/en-GB/products/302288329,1687615868.753682,"['£1.80', '£0.09/100ml']",1.8,£0.09/100ml
10290,Doritos Tangy Cheese Corn Chips 48G,https://www.tesco.com/groceries/en-GB/products/308486834,1687615868.821908,"['£1.00', '£2.08/100g']",1.0,£2.08/100g
10291,Grace Sweet Chilli Plantain Chips Salted 85G,https://www.tesco.com/groceries/en-GB/products/305051991,1687615868.9364889,"['£1.05', '£1.24/100g']",1.05,£1.24/100g
10292,Tesco Chocolate Sponge Cake Mix 400G,https://www.tesco.com/groceries/en-GB/products/271004702,1687615869.0029771,"['£1.25', '£3.12/kg']",1.25,£3.12/kg
10293,Schwartz Spicy Buffalo Wings Mix 30G,https://www.tesco.com/groceries/en-GB/products/296921678,1687615869.069723,"['£0.95', '£0.32/10g']",0.95,£0.32/10g
10294,Rowntrees Random Bag 50G,https://www.tesco.com/groceries/en-GB/products/264720930,1687615869.158307,"['£0.70', '£1.40/100g']",0.7,£1.40/100g
10295,Tesco Hoi Sin Stir Fry Sauce 120G,https://www.tesco.com/groceries/en-GB/products/271811835,1687615869.269956,"['£0.65', '£0.54/100g']",0.65,£0.54/100g
10296,Nestle White Lion Bar Duo Pack 60G,https://www.tesco.com/groceries/en-GB/products/306859063,1687615869.387855,"['£1.00', '£1.67/100g']",1.0,£1.67/100g
10297,Tesco Nutmeg 33G,https://www.tesco.com/groceries/en-GB/products/285353762,1687615869.498276,"['£0.90', '£0.27/10g']",0.9,£0.27/10g
10298,Island Sun Pop Corn Kernels 2Kg,https://www.tesco.com/groceries/en-GB/products/272154574,1687615869.56851,"['£3.70', '£185.00/100g']",3.7,£185.00/100g
10299,Tesco Organic Dried Mango 100G,https://www.tesco.com/groceries/en-GB/products/309456108,1687615869.63934,"['£2.90', '£29.00/kg']",2.9,£29.00/kg
10300,Cawoods Dry Salted Skinless & Boneless Cod Fillets 200G,https://www.tesco.com/groceries/en-GB/products/305041317,1687615869.717681,"['£4.50', '£2.25/100g']",4.5,£2.25/100g
10301,Tesco Toasted 3 Seed Mix 300G,https://www.tesco.com/groceries/en-GB/products/301554650,1687615869.787473,"['£3.10', '£10.33/kg']",3.1,£10.33/kg
10302,Al'fez Harissa Paste 180G,https://www.tesco.com/groceries/en-GB/products/311687742,1687615869.859513,"['£3.00', '£1.67/100g']",3.0,£1.67/100g
10303,Rowse Squeezy Honey Dark & Rich 340G,https://www.tesco.com/groceries/en-GB/products/302278140,1687615869.927972,"['£3.00', '£0.88/100g']",3.0,£0.88/100g
10304,Bonne Maman Damson Plum Conserve 370G,https://www.tesco.com/groceries/en-GB/products/270967024,1687615870.0166342,"['£3.30', '£0.89/100g']",3.3,£0.89/100g
10305,Merchant Gourmet Whole Wheat Giant Couscous 300G,https://www.tesco.com/groceries/en-GB/products/273988553,1687615870.1109939,"['£2.40', '£8.00/kg']",2.4,£8.00/kg
10306,Hunger Breaks The Full Monty 395G,https://www.tesco.com/groceries/en-GB/products/275215884,1687615870.184073,"['£2.25', '£5.70/kg']",2.25,£5.70/kg
10307,Encona West Indian Hot Pepper Sauce 142Ml,https://www.tesco.com/groceries/en-GB/products/254865975,1687615870.248589,"['£1.65', '£1.16/100ml']",1.65,£1.16/100ml
10308,Cholula Hot Mexican Sauce 150Ml,https://www.tesco.com/groceries/en-GB/products/259277592,1687615870.3142579,"['£1.90', '£1.27/100ml']",1.9,£1.27/100ml
10309,Baxters Luxury Beef Consome Soup 400G,https://www.tesco.com/groceries/en-GB/products/267194510,1687615870.38154,"['£2.50', '£0.62/100g']",2.5,£0.62/100g
10310,Schwartz Garlic Pepper 45G,https://www.tesco.com/groceries/en-GB/products/255865023,1687615870.455474,"['£2.00', '£0.44/10g']",2.0,£0.44/10g
10311,Schar Gluten Free Foldable Flatbreads 225G,https://www.tesco.com/groceries/en-GB/products/312843274,1687615870.545265,"['£2.50', '£1.11/100g']",2.5,£1.11/100g
10312,Tesco Wholefood Chick Peas 500G,https://www.tesco.com/groceries/en-GB/products/256538611,1687615876.173671,"['£1.70', '£3.40/kg']",1.7,£3.40/kg
10313,Stoats Porridge Bars Blueberry & Honey Bars 4X42g,https://www.tesco.com/groceries/en-GB/products/311441054,1687615876.24488,"['£2.25', '£1.34/100g']",2.25,£1.34/100g
10314,Kohinoor Dal Tarka 300G,https://www.tesco.com/groceries/en-GB/products/293258477,1687615876.3388731,"['£1.85', '£0.62/100g']",1.85,£0.62/100g
10315,Caprio Multi-Vitamin Drink 2Ltr Carton,https://www.tesco.com/groceries/en-GB/products/266382681,1687615876.404757,"['£1.85', '£0.09/100ml']",1.85,£0.09/100ml
10316,Dalgety Honey & Ginger Tea 72G,https://www.tesco.com/groceries/en-GB/products/301554189,1687615876.469982,"['£1.90', '£2.64/100g']",1.9,£2.64/100g
10317,Morliny Garlic Sausage 400G,https://www.tesco.com/groceries/en-GB/products/273593582,1687615876.546777,"['£1.95', '£0.49/100g']",1.95,£0.49/100g
10318,Nature's Finest Pear In Juice 400G,https://www.tesco.com/groceries/en-GB/products/275014684,1687615876.6203089,"['£1.90', '£8.64/kg DR.WT']",1.9,£8.64/kg DR.WT
10319,Old El Paso Super Soft Flour Tortillas Whole Wheat 8Pk 326G,https://www.tesco.com/groceries/en-GB/products/279878604,1687615876.690565,"['£1.45', '£0.44/100g']",1.45,£0.44/100g
10320,"Kubus 100% Juice Apple, Carrot & Banana 850Ml",https://www.tesco.com/groceries/en-GB/products/308859895,1687615876.7619991,"['£1.75', '£0.21/100ml']",1.75,£0.21/100ml
10321,East End Fennel Seeds 100G,https://www.tesco.com/groceries/en-GB/products/267776824,1687615876.82749,"['£1.20', '£0.12/10g']",1.2,£0.12/10g
10322,Tesco Milk Chocolate Beans 75G,https://www.tesco.com/groceries/en-GB/products/297173138,1687615876.937459,"['£1.15', '£1.53/100g']",1.15,£1.53/100g
10323,Naked Ultimate Noodles Korean Style Beef 90G,https://www.tesco.com/groceries/en-GB/products/312094785,1687615877.0107121,"['£1.50', '£16.67/kg']",1.5,£16.67/kg
10324,Nature's Store Free From Milk Chocolate Rice Cakes 100G,https://www.tesco.com/groceries/en-GB/products/289705902,1687615877.080342,"['£1.50', '£1.50/100g']",1.5,£1.50/100g
10325,Tesco Tortilla Chips Lightly Salted 175G,https://www.tesco.com/groceries/en-GB/products/273261900,1687615877.152574,"['£1.00', '£0.57/100g']",1.0,£0.57/100g
10326,Cadbury Dairy Milk Orange 180G,https://www.tesco.com/groceries/en-GB/products/308087673,1687615877.220272,"['£2.00', '£1.11/100g']",2.0,£1.11/100g
10327,Hula Hoops Big Hopps Salt & Vinegar Grab Bag 45G,https://www.tesco.com/groceries/en-GB/products/311431509,1687615877.2894368,"['£1.00', '£2.22/100g']",1.0,£2.22/100g
10328,Cadbury Dairy Milk Mint Fingers 114G,https://www.tesco.com/groceries/en-GB/products/309207266,1687615877.4016,"['£1.70', '£1.49/100g']",1.7,£1.49/100g
10329,Milka Chocolate Hazelnut Bar 100G,https://www.tesco.com/groceries/en-GB/products/301602922,1687615877.467629,"['£1.20', '£1.20/100g']",1.2,£1.20/100g
10330,Maggi So Juicy Chicken Chasseur 38G,https://www.tesco.com/groceries/en-GB/products/273982070,1687615877.5323331,"['£0.70', '£1.84/100g']",0.7,£1.84/100g
10331,Cofresh Hot Chilli Flavour Potato Hoops 80G,https://www.tesco.com/groceries/en-GB/products/287593468,1687615877.6025238,"['£0.70', '£0.88/100g']",0.7,£0.88/100g
10332,Tesco Finest Belgian Chocolate Selection 200G,https://www.tesco.com/groceries/en-GB/products/293437818,1687615877.669677,"['£6.10', '£3.05/100g']",6.1,£3.05/100g
10333,Nestle Milo 400G,https://www.tesco.com/groceries/en-GB/products/259536574,1687615877.740619,"['£5.70', '£1.42/100g']",5.7,£1.42/100g
10334,Humza Vegetable Samosa 650G 20 Pieces,https://www.tesco.com/groceries/en-GB/products/292809571,1687615877.80616,"['£4.50', '£0.69/100g']",4.5,£0.69/100g
10335,Rio Mare Tuna In Olive Oil 160G,https://www.tesco.com/groceries/en-GB/products/285672499,1687615877.910678,"['£3.40', '£3.27/100g DR.WT']",3.4,£3.27/100g DR.WT
10336,Nando's Peri Peri Sauce Hot 500G,https://www.tesco.com/groceries/en-GB/products/287548143,1687615878.0022988,"['£4.10', '£0.82/100g']",4.1,£0.82/100g
10337,Tesco Finest Free From Millionaire Slices 4 Pack,https://www.tesco.com/groceries/en-GB/products/303629755,1687615878.07501,"['£3.50', '£0.88/each']",3.5,£0.88/each
10338,Tesco Organic Walnuts 100G,https://www.tesco.com/groceries/en-GB/products/261834005,1687615878.141506,"['£3.20', '£32.00/kg']",3.2,£32.00/kg
10339,Trek Power Millionaire Shortbread Bar 55G,https://www.tesco.com/groceries/en-GB/products/307135618,1687615878.210253,"['£1.85', '£3.36/100g']",1.85,£3.36/100g
10340,Napolina Extra Virgin Olive Oil Spray 200Ml,https://www.tesco.com/groceries/en-GB/products/313366217,1687615878.278325,"['£2.65', '£1.32/100ml']",2.65,£1.32/100ml
10341,Wrigley's Extra Sugar Free Strawberry Gum 60 Pieces 84G,https://www.tesco.com/groceries/en-GB/products/310662306,1687615878.345728,"['£2.75', '£3.27/100g']",2.75,£3.27/100g
10342,Sharwoods Butter Chicken Cooking Sauce 420G,https://www.tesco.com/groceries/en-GB/products/304413755,1687615878.4129229,"['£2.80', '£0.67/100g']",2.8,£0.67/100g
10343,Wrigleys Extra Refreshers Tropical Chewing Gum 67G,https://www.tesco.com/groceries/en-GB/products/308079602,1687615878.480435,"['£2.85', '£4.25/100g']",2.85,£4.25/100g
10344,Blue Dragon Mild Sweet Chilli Dipping Sauce 380G,https://www.tesco.com/groceries/en-GB/products/273331242,1687615878.552829,"['£2.70', '£0.71/100g']",2.7,£0.71/100g
10345,Nomadic Ayran Natural Yogurt Drink 1 Litre,https://www.tesco.com/groceries/en-GB/products/268578971,1687615878.6450438,"['£2.00', '£0.20/100ml']",2.0,£0.20/100ml
10346,Tesco Organic Flaked Almonds 100G,https://www.tesco.com/groceries/en-GB/products/309458187,1687615878.710773,"['£2.40', '£24.00/kg']",2.4,£24.00/kg
10347,Tesco Finest Maple & Mustard Dressing 225Ml,https://www.tesco.com/groceries/en-GB/products/312235308,1687615878.777358,"['£1.95', '£0.87/100ml']",1.95,£0.87/100ml
10348,Tesco Free From 2 Chocolate Twists,https://www.tesco.com/groceries/en-GB/products/307146640,1687615878.848504,"['£2.75', '£1.38/each']",2.75,£1.38/each
10349,Baxters Plant-Based Thai Yellow Vegetable Curry Soup 380G,https://www.tesco.com/groceries/en-GB/products/310126412,1687615878.919984,"['£1.95', '£0.51/100g']",1.95,£0.51/100g
10350,Tiger Tiger Rice Vermicelli 400G,https://www.tesco.com/groceries/en-GB/products/273027879,1687615879.028899,"['£2.20', '£5.50/kg']",2.2,£5.50/kg
10351,Honey Bun Jamaican Spiced Bun 795G,https://www.tesco.com/groceries/en-GB/products/277551240,1687615879.115794,"['£4.05', '£0.51/100g']",4.05,£0.51/100g
10352,Tesco Satay Dipping Sauce 180G,https://www.tesco.com/groceries/en-GB/products/294781264,1687615879.182435,"['£1.50', '£0.83/100g']",1.5,£0.83/100g
10353,Belvita Sandwich Plain Yogurt Crunch 253G,https://www.tesco.com/groceries/en-GB/products/271099738,1687615879.266328,"['£2.75', '£1.09/100g']",2.75,£1.09/100g
10354,Tesco Goji Berries 100G,https://www.tesco.com/groceries/en-GB/products/262860352,1687615879.3629959,"['£1.85', '£18.50/kg']",1.85,£18.50/kg
10355,Cocon Assorted Fruit Jelly Pudding 6 X 80G,https://www.tesco.com/groceries/en-GB/products/275617760,1687615879.429748,"['£1.70', '£0.35/100g']",1.7,£0.35/100g
10356,Chop Lemongrass Puree 75G,https://www.tesco.com/groceries/en-GB/products/303817728,1687615879.496955,"['£1.30', '£0.17/10g']",1.3,£0.17/10g
10357,Old Elpaso Thick & Chunky Salsa Hot 226G,https://www.tesco.com/groceries/en-GB/products/258808738,1687615879.56767,"['£1.69', '£0.75/100g']",1.69,£0.75/100g
10358,Bigga Fruit Punch Soft Drink 600Ml,https://www.tesco.com/groceries/en-GB/products/309174384,1687615879.641022,"['£1.30', '£0.22/100ml']",1.3,£0.22/100ml
10359,Tesco Nigella Seeds 45G,https://www.tesco.com/groceries/en-GB/products/289080899,1687615879.714272,"['£0.90', '£0.20/10g']",0.9,£0.20/10g
10360,Rubicon Sparkling Mango Juice Drink 2Ltr,https://www.tesco.com/groceries/en-GB/products/275290355,1687615886.037014,"['£1.80', '£0.09/100ml']",1.8,£0.09/100ml
10361,Rubicon Deluxe Mango 1L,https://www.tesco.com/groceries/en-GB/products/300457087,1687615886.109184,"['£1.90', '£0.19/100ml']",1.9,£0.19/100ml
10362,Grace Coconut Water Smooth 310Ml,https://www.tesco.com/groceries/en-GB/products/271138474,1687615886.1785548,"['£1.10', '£0.36/100ml']",1.1,£0.36/100ml
10363,Haribo Sour Sparks 175G,https://www.tesco.com/groceries/en-GB/products/308482533,1687615886.25035,"['£1.25', '£0.71/100g']",1.25,£0.71/100g
10364,Regal Madeira Double Slice 370G,https://www.tesco.com/groceries/en-GB/products/302309259,1687615886.324897,"['£1.40', '£0.38/100g']",1.4,£0.38/100g
10365,Hellmann's Real Thousand Island Dressing 250Ml,https://www.tesco.com/groceries/en-GB/products/312090227,1687615886.3927512,"['£2.00', '£0.80/100g']",2.0,£0.80/100g
10366,Hellmann's Fat Free Vinaigrette 250Ml,https://www.tesco.com/groceries/en-GB/products/311682148,1687615886.480007,"['£2.00', '£8.00/litre']",2.0,£8.00/litre
10367,Skittles Crazy Sours Squishy Clouds 94G,https://www.tesco.com/groceries/en-GB/products/311260256,1687615886.569345,"['£0.99', '£1.05/100g']",0.99,£1.05/100g
10368,Comptons Gravy Salt 128G,https://www.tesco.com/groceries/en-GB/products/253706158,1687615886.675267,"['£0.60', '£0.47/100g']",0.6,£0.47/100g
10369,Filippo Berio Pure Olive Oil 500 Ml,https://www.tesco.com/groceries/en-GB/products/255209778,1687615886.741926,"['£6.50', '£1.30/100ml']",6.5,£1.30/100ml
10370,Mr Prawn Cooked & Peeled Prawns 100/150 350G,https://www.tesco.com/groceries/en-GB/products/280379486,1687615886.837423,"['£4.70', '£1.34/100g']",4.7,£1.34/100g
10371,Tesco Finest Fruit & Nut 190G,https://www.tesco.com/groceries/en-GB/products/302676982,1687615886.9069161,"['£3.50', '£18.42/kg']",3.5,£18.42/kg
10372,Nestle Milo 400G,https://www.tesco.com/groceries/en-GB/products/305735349,1687615886.97582,"['£5.00', '£1.25/100g']",5.0,£1.25/100g
10373,Wholefoods Goji Berry 200G,https://www.tesco.com/groceries/en-GB/products/276090826,1687615887.050535,"['£3.80', '£19.00/kg']",3.8,£19.00/kg
10374,Kikkoman Teriyaki Marinade 250Ml,https://www.tesco.com/groceries/en-GB/products/250561776,1687615887.123499,"['£3.35', '£1.34/100ml']",3.35,£1.34/100ml
10375,Tesco Active Cookies & Cream Flavour Protein Bar 60G,https://www.tesco.com/groceries/en-GB/products/302932535,1687615887.19695,"['£1.75', '£2.92/100g']",1.75,£2.92/100g
10376,Yutaka Japanese-Style Katsu Curry 100G,https://www.tesco.com/groceries/en-GB/products/301064187,1687615887.268916,"['£2.40', '£2.40/100g']",2.4,£2.40/100g
10377,Jimjams Milk Chocolate Spread 350G,https://www.tesco.com/groceries/en-GB/products/292991721,1687615887.336214,"['£2.80', '£0.80/100g']",2.8,£0.80/100g
10378,Allinson Wholemeal Self Raising Flour 1Kg,https://www.tesco.com/groceries/en-GB/products/260713853,1687615887.403177,"['£1.95', '£1.95/kg']",1.95,£1.95/kg
10379,Belvita Fruit Crunch Raisin & Currant 225G,https://www.tesco.com/groceries/en-GB/products/312344254,1687615887.468989,"['£3.00', '£1.33/100g']",3.0,£1.33/100g
10380,The Groovy Food Co. Agave Nector Rich & Dark 250Ml,https://www.tesco.com/groceries/en-GB/products/302173839,1687615887.533767,"['£2.50', '£10.00/litre']",2.5,£10.00/litre
10381,Tesco Free From 2 Sultana Scones,https://www.tesco.com/groceries/en-GB/products/305949534,1687615887.639152,"['£2.20', '£1.10/each']",2.2,£1.10/each
10382,Miso Tasty Organic White Miso Light Soy Paste 110G,https://www.tesco.com/groceries/en-GB/products/313001146,1687615887.70709,"['£2.60', '£2.36/100g']",2.6,£2.36/100g
10383,Sharwoods Jalfrezi Sauce 420G,https://www.tesco.com/groceries/en-GB/products/250526456,1687615887.775584,"['£2.80', '£0.67/100g']",2.8,£0.67/100g
10384,Cooks & Co Green Chillies 300G,https://www.tesco.com/groceries/en-GB/products/274067392,1687615887.843881,"['£1.80', '£1.20/100g DR.WT']",1.8,£1.20/100g DR.WT
10385,Tesco Finest Cooking Dark Chocolate 100G,https://www.tesco.com/groceries/en-GB/products/309458354,1687615887.911264,"['£1.50', '£1.50/100g']",1.5,£1.50/100g
10386,Nakd Cashew Cookie Bars 4 Pack 140G,https://www.tesco.com/groceries/en-GB/products/285964528,1687615887.9795341,"['£3.00', '£2.14/100g']",3.0,£2.14/100g
10387,Tesco Red Pepper & 3 Bean Chilli 392G,https://www.tesco.com/groceries/en-GB/products/311956597,1687615888.074059,"['£1.75', '£4.46/kg']",1.75,£4.46/kg
10388,Grace Macaroni & Cheese 206G,https://www.tesco.com/groceries/en-GB/products/301555361,1687615888.142457,"['£2.00', '£9.71/kg']",2.0,£9.71/kg
10389,Tesco Sprinkles Multi Coloured Stars 50G,https://www.tesco.com/groceries/en-GB/products/289599482,1687615888.208298,"['£1.15', '£2.30/100g']",1.15,£2.30/100g
10390,Tesco Free From Cream Crunchies 180G,https://www.tesco.com/groceries/en-GB/products/304406469,1687615888.274483,"['£1.70', '£0.94/100g']",1.7,£0.94/100g
10391,Tesco Organic Almonds 200 G,https://www.tesco.com/groceries/en-GB/products/266356851,1687615888.34029,"['£3.20', '£16.00/kg']",3.2,£16.00/kg
10392,Nature Valley Fruit & Nut Cereal Bars 4X30g,https://www.tesco.com/groceries/en-GB/products/311793253,1687615888.406073,"['£2.25', '£1.88/100g']",2.25,£1.88/100g
10393,Nature Valley Fruit & Nut Cranberry 4X30g,https://www.tesco.com/groceries/en-GB/products/311799477,1687615888.473558,"['£2.25', '£1.88/100g']",2.25,£1.88/100g
10394,Askeys Cup Cornets 21'S,https://www.tesco.com/groceries/en-GB/products/259834797,1687615888.5445828,"['£1.70', '£0.08/each']",1.7,£0.08/each
10395,Bounty Cookies 180G,https://www.tesco.com/groceries/en-GB/products/297544190,1687615888.706068,"['£2.00', '£1.11/100g']",2.0,£1.11/100g
10396,Tesco Wholemeal Chapatti Flour 10Kg,https://www.tesco.com/groceries/en-GB/products/272478254,1687615888.7802749,"['£5.50', '£0.55/kg']",5.5,£0.55/kg
10397,Tesco Caraway Seeds 40G,https://www.tesco.com/groceries/en-GB/products/304389316,1687615888.8563929,"['£0.90', '£0.22/10g']",0.9,£0.22/10g
10398,Cadbury Caramilk Golden Caramel Chocolate 160G,https://www.tesco.com/groceries/en-GB/products/311254483,1687615888.929413,"['£2.00', '£1.25/100g']",2.0,£1.25/100g
10399,Greens Classic Carmelle Dessert Mix 70G,https://www.tesco.com/groceries/en-GB/products/261048135,1687615889.006127,"['£0.80', '£1.14/100g']",0.8,£1.14/100g
10400,Mlekovita Sokol Polish Cheese 150G,https://www.tesco.com/groceries/en-GB/products/278329163,1687615889.085522,"['£1.50', '£10.00/kg']",1.5,£10.00/kg
10401,Wrigley's Extra Tropical Chewing Gum Sugar Free 15.6G,https://www.tesco.com/groceries/en-GB/products/308099941,1687615889.157418,"['£0.70', '£4.49/100g']",0.7,£4.49/100g
10402,Knoppers Chocolate Coated Waffer With Hazelnut 40G,https://www.tesco.com/groceries/en-GB/products/309770162,1687615889.235807,"['£0.95', '£2.38/100g']",0.95,£2.38/100g
10403,Tropical Sun All Purpose Seasoning 100G,https://www.tesco.com/groceries/en-GB/products/310680492,1687615889.324276,"['£1.00', '£1.00/100g']",1.0,£1.00/100g
10404,Cofresh Gujarati Mix 325G,https://www.tesco.com/groceries/en-GB/products/287548362,1687615889.395761,"['£1.00', '£0.31/100g']",1.0,£0.31/100g
10405,East End Red Kidney Beans 500G,https://www.tesco.com/groceries/en-GB/products/261633272,1687615889.477209,"['£1.50', '£3.00/kg']",1.5,£3.00/kg
10406,Bear Pure Fruit Yoyos Strawberry 20G,https://www.tesco.com/groceries/en-GB/products/279344603,1687615889.620964,"['£0.60', '£3.00/100g']",0.6,£3.00/100g
10407,Cadbury Wispa Gold Chocolate Duo Bar 67G,https://www.tesco.com/groceries/en-GB/products/309753315,1687615889.8040378,"['£0.90', '£1.34/100g']",0.9,£1.34/100g
10408,Natvia All Natural Sweetener 300G,https://www.tesco.com/groceries/en-GB/products/291614360,1687615897.1100821,"['£5.00', '£16.67/kg']",5.0,£16.67/kg
10409,Dorset Cereals Oat Granola 550G,https://www.tesco.com/groceries/en-GB/products/278564782,1687615897.183359,"['£4.00', '£0.73/100g']",4.0,£0.73/100g
10410,Pure Via 100% Xylitol Plant Based 225G,https://www.tesco.com/groceries/en-GB/products/309472935,1687615897.255252,"['£3.00', '£13.33/kg']",3.0,£13.33/kg
10411,Maldon Sea Salt Flake Grinder 55G,https://www.tesco.com/groceries/en-GB/products/297021238,1687615897.328418,"['£3.50', '£63.64/kg']",3.5,£63.64/kg
10412,Gran Luchito Chipotle Salsa 300G,https://www.tesco.com/groceries/en-GB/products/301413269,1687615897.3967218,"['£2.75', '£0.92/100g']",2.75,£0.92/100g
10413,Knorr Organic Chicken Stock Pot 4X26g,https://www.tesco.com/groceries/en-GB/products/301600521,1687615897.4737458,"['£2.25', '£2.16/100g']",2.25,£2.16/100g
10414,Grenade Carb Killa White Chocolate Peanut Bar 60G,https://www.tesco.com/groceries/en-GB/products/303183169,1687615897.5455291,"['£2.70', '£4.50/100g']",2.7,£4.50/100g
10415,Nandos Peri Peri Sauce Lemon & Herb 125G,https://www.tesco.com/groceries/en-GB/products/278149364,1687615897.612534,"['£2.25', '£1.80/100g']",2.25,£1.80/100g
10416,Rude Health Chocolate Crunch Granola 400G,https://www.tesco.com/groceries/en-GB/products/311949462,1687615897.679508,"['£3.50', '£0.88/100g']",3.5,£0.88/100g
10417,John West Tuna Italian Light Lunch 220G,https://www.tesco.com/groceries/en-GB/products/276616293,1687615897.768028,"['£2.60', '£1.18/100g']",2.6,£1.18/100g
10418,Sacla Intenso Tomato & Olive Stir In 190G,https://www.tesco.com/groceries/en-GB/products/250078133,1687615897.837441,"['£2.29', '£1.20/100g']",2.29,£1.20/100g
10419,Tesco Free From 12 Rocky Road Mini Bites,https://www.tesco.com/groceries/en-GB/products/297172174,1687615897.91251,"['£2.90', '£0.24/each']",2.9,£0.24/each
10420,Wicked Kitchen Vegatable Paella 300G,https://www.tesco.com/groceries/en-GB/products/308112892,1687615897.9886668,"['£2.30', '£7.67/kg']",2.3,£7.67/kg
10421,Schwartz Signature Chicken Gravy 155G,https://www.tesco.com/groceries/en-GB/products/312582259,1687615898.06702,"['£2.75', '£1.77/100g']",2.75,£1.77/100g
10422,Dr. Oetker Coloured Gel - Blue Extra Strong 15G,https://www.tesco.com/groceries/en-GB/products/297356965,1687615898.134166,"['£1.50', '£1.00/10g']",1.5,£1.00/10g
10423,Natco Semolina Coarse 1.5Kg,https://www.tesco.com/groceries/en-GB/products/255577427,1687615898.200736,"['£2.75', '£1.83/kg']",2.75,£1.83/kg
10424,Jamaicas Pride Ackees 540G,https://www.tesco.com/groceries/en-GB/products/259160453,1687615898.267691,"['£5.25', '£15.44/kg DR.WT']",5.25,£15.44/kg DR.WT
10425,Nomadic Mango Lassi Yogurt Drink 500Ml,https://www.tesco.com/groceries/en-GB/products/265413941,1687615898.334786,"['£1.80', '£0.36/100ml']",1.8,£0.36/100ml
10426,Squashies Drumstick Minis 280G,https://www.tesco.com/groceries/en-GB/products/293193754,1687615898.4053671,"['£2.25', '£0.80/100g']",2.25,£0.80/100g
10427,Al'fez Moroccan Spiced Couscous 200G,https://www.tesco.com/groceries/en-GB/products/277006852,1687615898.476672,"['£1.75', '£8.75/kg']",1.75,£8.75/kg
10428,Airwaves Blackcurrant Gum 10 Pieces,https://www.tesco.com/groceries/en-GB/products/273599057,1687615898.545642,"['£0.70', '£5.00/100g']",0.7,£5.00/100g
10429,Green Canderel Stevia 100 Pack,https://www.tesco.com/groceries/en-GB/products/272092824,1687615898.6140742,"['£1.65', '£194.12/kg']",1.65,£194.12/kg
10430,Crespo Olives With Chilli Pepper 70G,https://www.tesco.com/groceries/en-GB/products/250578751,1687615898.7014651,"['£1.10', '£0.02/kg']",1.1,£0.02/kg
10431,Reese's Pieces Peanut Butter Candy 90G,https://www.tesco.com/groceries/en-GB/products/311687771,1687615898.767853,"['£1.75', '£1.94/100g']",1.75,£1.94/100g
10432,Bigga Grape Flavour Soft Drink 600Ml,https://www.tesco.com/groceries/en-GB/products/309162467,1687615898.835351,"['£1.30', '£0.22/100ml']",1.3,£0.22/100ml
10433,Natco Mung Dal Yellow 1Kg,https://www.tesco.com/groceries/en-GB/products/287604601,1687615898.937073,"['£2.45', '£2.45/kg']",2.45,£2.45/kg
10434,Princes Mackerel Fillets Sunflower Oil 125G,https://www.tesco.com/groceries/en-GB/products/311675217,1687615899.004191,"['£1.60', '£1.95/100g DR.WT']",1.6,£1.95/100g DR.WT
10435,Tesco Multigrain Cosmos 350G,https://www.tesco.com/groceries/en-GB/products/308486293,1687615899.07196,"['£1.60', '£0.46/100g']",1.6,£0.46/100g
10436,Cofresh Chakri Rice Sticks 300G,https://www.tesco.com/groceries/en-GB/products/259588074,1687615899.1413271,"['£1.50', '£0.50/100g']",1.5,£0.50/100g
10437,The Curators Original Salted Pork Puffs 25G,https://www.tesco.com/groceries/en-GB/products/309782349,1687615899.214327,"['£1.10', '£4.40/100g']",1.1,£4.40/100g
10438,Naked Free From Thai Green Curry Rice 78G,https://www.tesco.com/groceries/en-GB/products/307364934,1687615899.281259,"['£1.30', '£1.67/100g']",1.3,£1.67/100g
10439,Colman's Doner Kebab Seasoning Mix 38G,https://www.tesco.com/groceries/en-GB/products/308113758,1687615899.352321,"['£1.00', '£0.26/10g']",1.0,£0.26/10g
10440,Dubble Bubble Mini Gumball Machine 40G,https://www.tesco.com/groceries/en-GB/products/311435062,1687615899.4243379,"['£1.25', '£3.12/100g']",1.25,£3.12/100g
10441,Branston Baked Beans & Vegetarian Sausage 400G,https://www.tesco.com/groceries/en-GB/products/305959286,1687615899.4905028,"['£1.50', '£3.75/kg DR.WT']",1.5,£3.75/kg DR.WT
10442,Bahlsen Choco Leibniz White Biscuits 125G,https://www.tesco.com/groceries/en-GB/products/297544950,1687615899.557506,"['£1.60', '£1.28/100g']",1.6,£1.28/100g
10443,Cofresh London Mix 325G,https://www.tesco.com/groceries/en-GB/products/287547864,1687615899.693284,"['£1.00', '£0.31/100g']",1.0,£0.31/100g
10444,7Days Bake Rolls Pizza 160G,https://www.tesco.com/groceries/en-GB/products/298576490,1687615899.762012,"['£1.00', '£0.62/100g']",1.0,£0.62/100g
10445,Naked Chicken Yakisoba Noodles 100G,https://www.tesco.com/groceries/en-GB/products/307151437,1687615899.830504,"['£1.10', '£11.00/kg']",1.1,£11.00/kg
10446,Wray & Nephew White Overproof Rum 200Ml,https://www.tesco.com/groceries/en-GB/products/290922329,1687615899.956817,"['£10.00', '£50.00/litre']",10.0,£50.00/litre
10447,Tesco Organic Cranberries 100G,https://www.tesco.com/groceries/en-GB/products/309449250,1687615900.023807,"['£2.90', '£29.00/kg']",2.9,£29.00/kg
10448,Dino's Famous Big Dogs 1030G,https://www.tesco.com/groceries/en-GB/products/297199776,1687615900.0916018,"['£5.00', '£0.69/100g DR.WT']",5.0,£0.69/100g DR.WT
10449,Laila Basmati Rice 2Kg,https://www.tesco.com/groceries/en-GB/products/272490175,1687615900.159567,"['£5.00', '£2.50/kg']",5.0,£2.50/kg
10450,Alfa One Rice Bran Oil 500Ml,https://www.tesco.com/groceries/en-GB/products/258669752,1687615900.2385721,"['£3.00', '£0.60/100ml']",3.0,£0.60/100ml
10451,Whitworths Californian Raisins 400G,https://www.tesco.com/groceries/en-GB/products/306943907,1687615900.3085701,"['£3.45', '£8.62/kg']",3.45,£8.62/kg
10452,Doves Farm Organic White Spelt Flour 1Kg,https://www.tesco.com/groceries/en-GB/products/297133774,1687615900.37823,"['£3.00', '£3.00/kg']",3.0,£3.00/kg
10453,East End Himalayan Pink Salt 250G,https://www.tesco.com/groceries/en-GB/products/297559640,1687615900.444115,"['£2.60', '£0.10/10g']",2.6,£0.10/10g
10454,Grenade Carb Killa Peanut Nutter 60G,https://www.tesco.com/groceries/en-GB/products/297813753,1687615900.5241358,"['£2.70', '£4.50/100g']",2.7,£4.50/100g
10455,Tesco Finest Bitter Orange Marmalade 340G,https://www.tesco.com/groceries/en-GB/products/251736822,1687615900.596229,"['£1.80', '£0.53/100g']",1.8,£0.53/100g
10456,Baxters Sweet & Crunchy Sliced Gherkins 540G,https://www.tesco.com/groceries/en-GB/products/313164557,1687615906.824828,"['£3.00', '£1.00/100g DR.WT']",3.0,£1.00/100g DR.WT
10457,Old El Paso Tortilla Pockets Kit Mild 375G,https://www.tesco.com/groceries/en-GB/products/305948823,1687615906.89954,"['£2.99', '£0.80/100g']",2.99,£0.80/100g
10458,Lindt Hazelnut Milk Chocolate Bar 150G,https://www.tesco.com/groceries/en-GB/products/258202199,1687615906.975243,"['£3.45', '£2.30/100g']",3.45,£2.30/100g
10459,Duda Hunters Sausage 250G,https://www.tesco.com/groceries/en-GB/products/305052765,1687615907.06851,"['£2.90', '£1.16/100g']",2.9,£1.16/100g
10460,Wrigley's Extra White 6X10 Pieces 84G,https://www.tesco.com/groceries/en-GB/products/302277498,1687615907.1461709,"['£2.75', '£3.27/100g']",2.75,£3.27/100g
10461,Tymbark Apple Watermelon Drink 2 Litre,https://www.tesco.com/groceries/en-GB/products/300112737,1687615907.2224178,"['£2.55', '£0.13/100ml']",2.55,£0.13/100ml
10462,Free Gluten Free Supergrain Hoops Organic & Vegan 300G,https://www.tesco.com/groceries/en-GB/products/313963429,1687615907.291033,"['£3.00', '£1.00/100g']",3.0,£1.00/100g
10463,Levi Roots Reggae Jerk Bbq Sauce 330G,https://www.tesco.com/groceries/en-GB/products/296241336,1687615907.361842,"['£2.10', '£0.64/100g']",2.1,£0.64/100g
10464,Tesco Lentil & Vegetable Bolognese 392G,https://www.tesco.com/groceries/en-GB/products/312349796,1687615907.487562,"['£1.75', '£4.46/kg']",1.75,£4.46/kg
10465,Bol Posh Noodles Thai Green 345G,https://www.tesco.com/groceries/en-GB/products/313389815,1687615907.555709,"['£3.45', '£10.00/kg']",3.45,£10.00/kg
10466,Mr Freeze Jubbly Ice Lollies Orange 8 X 62Ml,https://www.tesco.com/groceries/en-GB/products/272484194,1687615907.650511,"['£1.65', '£0.33/100ml']",1.65,£0.33/100ml
10467,Kohinoor Dal Makhani 300G,https://www.tesco.com/groceries/en-GB/products/293258598,1687615907.718804,"['£1.85', '£0.62/100g']",1.85,£0.62/100g
10468,Wright's Baking Chocolate Fudge Cake Mix 500G,https://www.tesco.com/groceries/en-GB/products/304379305,1687615907.791132,"['£2.40', '£4.80/kg']",2.4,£4.80/kg
10469,Baxters Plant-Based Sundried Tomato & Thyme Soup 380G,https://www.tesco.com/groceries/en-GB/products/310110237,1687615907.858473,"['£1.95', '£0.51/100g']",1.95,£0.51/100g
10470,Laila Kesar Mango Pulp 850G,https://www.tesco.com/groceries/en-GB/products/280710745,1687615907.926021,"['£2.50', '£2.94/kg']",2.5,£2.94/kg
10471,Jacobs Mini Cheddars 45G,https://www.tesco.com/groceries/en-GB/products/311425759,1687615908.000384,"['£1.00', '£2.22/100g']",1.0,£2.22/100g
10472,Batchelors Slim A Soup Creamy Vegetables 51G,https://www.tesco.com/groceries/en-GB/products/310119882,1687615908.112808,"['£1.50', '£2.94/100g']",1.5,£2.94/100g
10473,Kubus 100% Multivitamin Juice 300Ml,https://www.tesco.com/groceries/en-GB/products/300420418,1687615908.1823301,"['£0.75', '£0.25/100ml']",0.75,£0.25/100ml
10474,Duda Poultry & Pork Pate 300G,https://www.tesco.com/groceries/en-GB/products/306658214,1687615908.25029,"['£1.25', '£0.42/100g']",1.25,£0.42/100g
10475,Tesco All Purpose Seasoning 58G,https://www.tesco.com/groceries/en-GB/products/296921592,1687615908.3194182,"['£0.90', '£0.16/10g']",0.9,£0.16/10g
10476,Tesco Tomato Puree With Chilli 135G,https://www.tesco.com/groceries/en-GB/products/296901915,1687615908.422464,"['£0.90', '£6.67/kg']",0.9,£6.67/kg
10477,Hochland Almette Soft Cheese 150G,https://www.tesco.com/groceries/en-GB/products/264207784,1687615908.492936,"['£1.40', '£9.33/kg']",1.4,£9.33/kg
10478,Nature's Store Free From Chocolate Orange Rice Cake 100G,https://www.tesco.com/groceries/en-GB/products/280569238,1687615908.561758,"['£1.50', '£1.50/100g']",1.5,£1.50/100g
10479,Popchips Bbq Popped Potato Chips 23G,https://www.tesco.com/groceries/en-GB/products/275236507,1687615908.631052,"['£0.95', '£4.13/100g']",0.95,£4.13/100g
10480,Kp Original Salted Peanuts 50G,https://www.tesco.com/groceries/en-GB/products/297385417,1687615908.7441752,"['£1.10', '£2.20/100g']",1.1,£2.20/100g
10481,Brunswick Sardines In Soya Oil 106G,https://www.tesco.com/groceries/en-GB/products/260439396,1687615908.8570082,"['£1.20', '£1.33/100g DR.WT']",1.2,£1.33/100g DR.WT
10482,Popworks Sweet & Salty Popped Crisps 28G,https://www.tesco.com/groceries/en-GB/products/312095686,1687615908.925395,"['£0.95', '£3.39/100g']",0.95,£3.39/100g
10483,Tropical Vibes Lemonade Ocean Blue 300Ml,https://www.tesco.com/groceries/en-GB/products/310107055,1687615909.0372941,"['£1.00', '£0.33/100ml']",1.0,£0.33/100ml
10484,Prymat Mild Mustard 185G,https://www.tesco.com/groceries/en-GB/products/280919856,1687615909.1121259,"['£0.65', '£0.35/100g']",0.65,£0.35/100g
10485,E.Wedel Milk Chocolate With Hazelnuts 100G,https://www.tesco.com/groceries/en-GB/products/275902733,1687615909.178974,"['£1.00', '£1.00/100g']",1.0,£1.00/100g
10486,Silver Spoon Jam Sugar 1Kg,https://www.tesco.com/groceries/en-GB/products/301964648,1687615909.24836,"['£2.80', '£2.80/kg']",2.8,£2.80/kg
10487,Tesco Organic Basmati Rice 500G,https://www.tesco.com/groceries/en-GB/products/252380946,1687615909.3163688,"['£2.40', '£4.80/kg']",2.4,£4.80/kg
10488,Pure South Press Pure Avocado Oil 250Ml,https://www.tesco.com/groceries/en-GB/products/293235199,1687615909.382328,"['£4.15', '£1.66/100ml']",4.15,£1.66/100ml
10489,Tesco Fruit & Seed Mix 300G,https://www.tesco.com/groceries/en-GB/products/301554615,1687615909.452638,"['£3.10', '£10.33/kg']",3.1,£10.33/kg
10490,Eat Natural Gluten Free Buckwheat Toasted Muesli 500G,https://www.tesco.com/groceries/en-GB/products/302280983,1687615909.5196002,"['£3.35', '£0.67/100g']",3.35,£0.67/100g
10491,Trek Power Peanut Butter Crunch Bar 55G,https://www.tesco.com/groceries/en-GB/products/307144636,1687615909.6321301,"['£1.85', '£3.36/100g']",1.85,£3.36/100g
10492,Urban Fruit Dried Pineapple 100G,https://www.tesco.com/groceries/en-GB/products/262925720,1687615909.710575,"['£2.60', '£26.00/kg']",2.6,£26.00/kg
10493,Kallo Veggie Cakes Caramelised Onion Chutney 122G,https://www.tesco.com/groceries/en-GB/products/310146532,1687615909.8138628,"['£2.75', '£2.25/100g']",2.75,£2.25/100g
10494,Fruit Bowl Dino Eggs 5X20g,https://www.tesco.com/groceries/en-GB/products/309202507,1687615909.89675,"['£2.25', '£2.25/100g']",2.25,£2.25/100g
10495,Weight Watchers John West Tuna Mayonnaise Sweetcorn 3X80g,https://www.tesco.com/groceries/en-GB/products/293597115,1687615909.975043,"['£3.00', '£1.25/100g']",3.0,£1.25/100g
10496,Tesco Rainbow Colour Candles 12 Pack,https://www.tesco.com/groceries/en-GB/products/295491467,1687615910.057444,"['£1.50', '£0.12/each']",1.5,£0.12/each
10498,Tesco Finest Casarecce 500G,https://www.tesco.com/groceries/en-GB/products/308864652,1687615910.263853,"['£1.90', '£3.80/kg']",1.9,£3.80/kg
10499,Nando's Vegan Perinaise Peri Peri Mayonnaise 265G,https://www.tesco.com/groceries/en-GB/products/305250058,1687615910.331557,"['£2.25', '£0.85/100g']",2.25,£0.85/100g
10500,Jacobs Cream Cracker Snackpk 8Pk 192G,https://www.tesco.com/groceries/en-GB/products/264902491,1687615910.560113,"['£2.10', '£1.09/100g']",2.1,£1.09/100g
10501,East End Fennel Seeds 300G,https://www.tesco.com/groceries/en-GB/products/297490040,1687615910.627074,"['£2.10', '£0.07/10g']",2.1,£0.07/10g
10502,Geeta's Premium Lime & Chilli Chutney 230G,https://www.tesco.com/groceries/en-GB/products/303760264,1687615910.696073,"['£1.90', '£0.83/100g']",1.9,£0.83/100g
10503,Love Corn Smoked Bbq 115G,https://www.tesco.com/groceries/en-GB/products/301087160,1687615910.763057,"['£2.20', '£1.91/100g']",2.2,£1.91/100g
10504,Niru Coconut Water With Real Pieces Of Coconut 290Ml,https://www.tesco.com/groceries/en-GB/products/271327959,1687615916.592821,"['£1.30', '£0.45/100ml']",1.3,£0.45/100ml
10505,Jamie Oliver Tikka Masala Curry Paste 180G,https://www.tesco.com/groceries/en-GB/products/309494863,1687615916.679753,"['£2.20', '£1.22/100g']",2.2,£1.22/100g
10506,Cake Decor Eyes Edible Eyes 25G,https://www.tesco.com/groceries/en-GB/products/297173150,1687615916.8664489,"['£1.50', '£6.00/100g']",1.5,£6.00/100g
10507,Tesco Black Sesame Seeds 100G,https://www.tesco.com/groceries/en-GB/products/309461833,1687615916.944445,"['£1.15', '£11.50/kg']",1.15,£11.50/kg
10508,Walkerswood Hot Scotch Bonnet Pepper Sauce 170Ml,https://www.tesco.com/groceries/en-GB/products/271736279,1687615917.013962,"['£1.50', '£0.88/100ml']",1.5,£0.88/100ml
10509,Lee Kum Kee Premium Light Soy Sauce 150Ml,https://www.tesco.com/groceries/en-GB/products/276732834,1687615917.0866292,"['£1.50', '£1.00/100ml']",1.5,£1.00/100ml
10510,Nando's Coat & Cook Medium 120G,https://www.tesco.com/groceries/en-GB/products/287549390,1687615917.1529431,"['£1.00', '£0.83/100g']",1.0,£0.83/100g
10511,Urban Fruit Snack Pack Mango 35G,https://www.tesco.com/groceries/en-GB/products/292559670,1687615917.2206771,"['£1.10', '£3.14/100g']",1.1,£3.14/100g
10512,Royal Thai Green Chicken Curry With Jasmine Rice 400G,https://www.tesco.com/groceries/en-GB/products/305946559,1687615917.331779,"['£3.25', '£0.01/kg']",3.25,£0.01/kg
10513,Lindt Lindor Orange Treat Bar 38G,https://www.tesco.com/groceries/en-GB/products/296250960,1687615917.421067,"['£0.90', '£2.37/100g']",0.9,£2.37/100g
10514,Wrigley's Extra Sugar Free Blueberry Gum 10 Pieces 14G,https://www.tesco.com/groceries/en-GB/products/310658623,1687615917.532943,"['£0.70', '£5.00/100g']",0.7,£5.00/100g
10515,Pudliszki Hot Tomato Ketchup 480G,https://www.tesco.com/groceries/en-GB/products/259488457,1687615917.601163,"['£1.45', '£0.30/100g']",1.45,£0.30/100g
10516,Cadbury Oreo White Chocolate Tablet 120G,https://www.tesco.com/groceries/en-GB/products/306932552,1687615917.6710331,"['£1.35', '£1.12/100g']",1.35,£1.12/100g
10517,Cofresh Mild & Tangy Jalapeno Potato Grills 80G,https://www.tesco.com/groceries/en-GB/products/287569671,1687615917.742213,"['£0.70', '£0.88/100g']",0.7,£0.88/100g
10518,Honey Bun Penny Fruit Bun 128G,https://www.tesco.com/groceries/en-GB/products/279767609,1687615917.821302,"['£0.85', '£0.66/100g']",0.85,£0.66/100g
10519,Tesco Arbol Chilli Flakes 35G,https://www.tesco.com/groceries/en-GB/products/300456163,1687615917.887449,"['£0.90', '£25.71/kg']",0.9,£25.71/kg
10520,Palwin No 10 Red Menorah 750Ml,https://www.tesco.com/groceries/en-GB/products/255241306,1687615917.956075,"['£10.80', '£10.80/75cl']",10.8,£10.80/75cl
10521,Garner's Pickled Cauliflower With Ginger & Turmeric 450G,https://www.tesco.com/groceries/en-GB/products/309748063,1687615918.029929,"['£3.90', '£1.86/100g DR.WT']",3.9,£1.86/100g DR.WT
10522,Sharwoods Plum Sauce 300G,https://www.tesco.com/groceries/en-GB/products/255546499,1687615918.141119,"['£3.50', '£1.17/100g']",3.5,£1.17/100g
10523,Tesco Organic Raisins 375G,https://www.tesco.com/groceries/en-GB/products/309490153,1687615918.2086458,"['£2.90', '£7.73/kg']",2.9,£7.73/kg
10524,Tesco Cashew & Raisins 200G,https://www.tesco.com/groceries/en-GB/products/302716227,1687615918.276864,"['£2.75', '£13.75/kg']",2.75,£13.75/kg
10525,The Spice Tailor Rustic Rogan Josh 300G,https://www.tesco.com/groceries/en-GB/products/277017504,1687615918.3484778,"['£3.75', '£12.50/kg']",3.75,£12.50/kg
10526,Van Smirren Mussels In Vinegar 205G,https://www.tesco.com/groceries/en-GB/products/264456880,1687615918.43547,"['£2.10', '£2.33/100g DR.WT']",2.1,£2.33/100g DR.WT
10527,Barilla Gluten Free Fusilli 400G,https://www.tesco.com/groceries/en-GB/products/297707286,1687615918.5024462,"['£2.60', '£6.50/kg']",2.6,£6.50/kg
10528,Bonne Maman Berries/Cherries Conserve 370G,https://www.tesco.com/groceries/en-GB/products/250782508,1687615918.569967,"['£3.30', '£0.89/100g']",3.3,£0.89/100g
10529,Carb Killa Caramel Chaos 60G Bar,https://www.tesco.com/groceries/en-GB/products/290782102,1687615918.664374,"['£2.70', '£4.50/100g']",2.7,£4.50/100g
10530,Tesco Free From Lemon Slices X5,https://www.tesco.com/groceries/en-GB/products/303127554,1687615918.730292,"['£2.50', '£0.50/each']",2.5,£0.50/each
10531,Schwartz Chinese 5 Spice Seasoning 58G,https://www.tesco.com/groceries/en-GB/products/262122535,1687615918.801367,"['£2.00', '£0.34/10g']",2.0,£0.34/10g
10532,Potts Beef Stock 500Ml,https://www.tesco.com/groceries/en-GB/products/304378698,1687615918.889426,"['£2.25', '£0.45/100ml']",2.25,£0.45/100ml
10533,Malta Guinness Imported Nigeria Drink 4 X 330Ml,https://www.tesco.com/groceries/en-GB/products/276878120,1687615918.955712,"['£4.40', '£0.33/100ml']",4.4,£0.33/100ml
10534,Fulfil Chocolate Brownie Vitamin & Protein Bar 40G,https://www.tesco.com/groceries/en-GB/products/306647901,1687615919.0225909,"['£2.00', '£5.00/100g']",2.0,£5.00/100g
10535,Regal Original Cake Rusks 28 Pieces,https://www.tesco.com/groceries/en-GB/products/267797217,1687615919.1438851,"['£3.30', '£0.12/each']",3.3,£0.12/each
10536,Holly's Food Emporium Sweet Chilli Oat Biscuits 100G,https://www.tesco.com/groceries/en-GB/products/312208330,1687615919.211448,"['£1.70', '£1.70/100g']",1.7,£1.70/100g
10538,Old El Paso Sliced Red Jalapenos 215G,https://www.tesco.com/groceries/en-GB/products/272651826,1687615919.42097,"['£1.65', '£0.77/100g']",1.65,£0.77/100g
10539,Nakd Berry Delight Fruit & Nut Bars 4X35g,https://www.tesco.com/groceries/en-GB/products/308499208,1687615919.49046,"['£3.00', '£2.14/100g']",3.0,£2.14/100g
10540,Tesco Fire Pit Pink Pickled Slaw 340G,https://www.tesco.com/groceries/en-GB/products/308450208,1687615919.582183,"['£1.50', '£0.75/100g DR.WT']",1.5,£0.75/100g DR.WT
10541,Wray & Nephew Rum Cream 200Ml,https://www.tesco.com/groceries/en-GB/products/279751357,1687615919.6547542,"['£4.50', '£22.50/litre']",4.5,£22.50/litre
10542,Tarczynski Plant Based Kabanos Original 90G,https://www.tesco.com/groceries/en-GB/products/309189332,1687615919.734051,"['£1.95', '£2.17/100g']",1.95,£2.17/100g
10543,Tesco Free From Chocolate Coated Honeycomb 119G,https://www.tesco.com/groceries/en-GB/products/308103868,1687615919.804391,"['£2.20', '£1.85/100g']",2.2,£1.85/100g
10544,Heinz Tomato & Chilli Cooking Sauce 350G,https://www.tesco.com/groceries/en-GB/products/311666220,1687615919.874742,"['£2.00', '£5.71/kg']",2.0,£5.71/kg
10545,Lu Le Petit Ganache Choco Hazelnut 105G,https://www.tesco.com/groceries/en-GB/products/311792605,1687615919.961791,"['£1.50', '£1.43/100g']",1.5,£1.43/100g
10546,Dr Witt Multivitamin Drink 1 Litre,https://www.tesco.com/groceries/en-GB/products/280845574,1687615920.0281742,"['£1.75', '£0.18/100ml']",1.75,£0.18/100ml
10547,Princes Gooseberries In Syrup 300G,https://www.tesco.com/groceries/en-GB/products/305522428,1687615920.101266,"['£1.30', '£4.33/kg DR.WT']",1.3,£4.33/kg DR.WT
10548,"Love,Corn Bbq Roasted Corn Snack 45G",https://www.tesco.com/groceries/en-GB/products/297596496,1687615920.1794162,"['£1.00', '£2.22/100g']",1.0,£2.22/100g
10549,Tesco Finest Cornish Sardines In Tomato Sauce 100G,https://www.tesco.com/groceries/en-GB/products/311216189,1687615920.289876,"['£1.15', '£1.15/100g']",1.15,£1.15/100g
10550,Merchant Gourmet Jamaican Grains & Pulses 250G,https://www.tesco.com/groceries/en-GB/products/311942918,1687615920.359349,"['£2.00', '£8.00/kg']",2.0,£8.00/kg
10551,Tesco Sesame Rye Crisp Bread 250G,https://www.tesco.com/groceries/en-GB/products/294706650,1687615920.450243,"['£1.10', '£0.44/100g']",1.1,£0.44/100g
10552,Rubicon Pomegranate Juice Drink 1Ltr,https://www.tesco.com/groceries/en-GB/products/265415645,1687615925.997004,"['£1.70', '£0.17/100ml']",1.7,£0.17/100ml
10553,Toblerone 200G,https://www.tesco.com/groceries/en-GB/products/254891298,1687615926.101436,"['£3.50', '£1.75/100g']",3.5,£1.75/100g
10554,"Create A Cake 12"" Cake Box",https://www.tesco.com/groceries/en-GB/products/301441484,1687615926.2377229,"['£1.25', '£1.25/each']",1.25,£1.25/each
10555,Schwartz American Bbq Sausages Mix 30G,https://www.tesco.com/groceries/en-GB/products/301556481,1687615926.657535,"['£0.95', '£3.17/100g']",0.95,£3.17/100g
10556,Morlinki Cooked & Smoked Chicken Leg Quarter,https://www.tesco.com/groceries/en-GB/products/278273694,1687615926.7796009,"['£1.77', '£5.20/kg']",1.77,£5.20/kg
10557,Nature Valley Crunchy Granola Oats & Honey Bar 42G,https://www.tesco.com/groceries/en-GB/products/250073150,1687615926.887212,"['£0.65', '£1.55/100g']",0.65,£1.55/100g
10558,Kinder Bueno White 39G,https://www.tesco.com/groceries/en-GB/products/268296889,1687615927.030328,"['£0.65', '£1.67/100g']",0.65,£1.67/100g
10559,Tesco Organic Sunflower Oil 1L,https://www.tesco.com/groceries/en-GB/products/253296768,1687615927.1477098,"['£3.10', '£0.31/100ml']",3.1,£0.31/100ml
10560,Hellmann's Organic Mayonnaise 270G,https://www.tesco.com/groceries/en-GB/products/306799997,1687615927.217162,"['£3.70', '£1.37/100g']",3.7,£1.37/100g
10561,Humza Hfc Piri Piri Chicken Goujons 500G,https://www.tesco.com/groceries/en-GB/products/302036536,1687615927.285347,"['£3.30', '£6.60/kg']",3.3,£6.60/kg
10562,Matthews Flour Eight Grain Strong Multigrain 1.5Kg,https://www.tesco.com/groceries/en-GB/products/309465817,1687615927.356143,"['£3.15', '£2.10/kg']",3.15,£2.10/kg
10563,Mary Berrys Light Salad Dressing 235Ml,https://www.tesco.com/groceries/en-GB/products/268390796,1687615927.432357,"['£3.45', '£1.47/100ml']",3.45,£1.47/100ml
10564,Betty Crocker Triple Chocolate Brownie Mix 415G,https://www.tesco.com/groceries/en-GB/products/296309914,1687615927.509258,"['£3.00', '£7.23/kg']",3.0,£7.23/kg
10565,The Groovy Food Company Organic Date Syrup 340G,https://www.tesco.com/groceries/en-GB/products/309742484,1687615927.577644,"['£2.80', '£8.24/kg']",2.8,£8.24/kg
10566,Maggi Tamarina Tamarind Sauce 425G,https://www.tesco.com/groceries/en-GB/products/267771616,1687615927.667632,"['£2.25', '£0.53/100g']",2.25,£0.53/100g
10567,Sharwoods Bhuna Medium Sauce 420G,https://www.tesco.com/groceries/en-GB/products/258029312,1687615927.736215,"['£2.80', '£0.67/100g']",2.8,£0.67/100g
10568,Schwartz Turmeric 37G,https://www.tesco.com/groceries/en-GB/products/301392472,1687615927.806008,"['£2.00', '£54.05/kg']",2.0,£54.05/kg
10569,Betty Crocker Chocolate Cake Mix 425G,https://www.tesco.com/groceries/en-GB/products/289687648,1687615927.895357,"['£3.00', '£1.33/100g']",3.0,£1.33/100g
10570,Cholula Chipotle Hot Sauce 150Ml,https://www.tesco.com/groceries/en-GB/products/287000630,1687615928.021852,"['£1.90', '£1.27/100ml']",1.9,£1.27/100ml
10571,Tesco Finest Hot Smoked Mackerel Fillets 110G,https://www.tesco.com/groceries/en-GB/products/300535450,1687615928.0886369,"['£2.25', '£3.21/100g DR.WT']",2.25,£3.21/100g DR.WT
10572,Schwartz Chives 1G Jar,https://www.tesco.com/groceries/en-GB/products/254918729,1687615928.164633,"['£2.00', '£20.00/10g']",2.0,£20.00/10g
10573,Kind Peanut Butter & Dark Chocolate Nut Bars 3 X 30G,https://www.tesco.com/groceries/en-GB/products/308116029,1687615928.256769,"['£3.00', '£3.33/100g']",3.0,£3.33/100g
10574,Solidarnosc Plums In Chocolate Naleczowska 190G,https://www.tesco.com/groceries/en-GB/products/293428478,1687615928.3252869,"['£3.10', '£1.63/100g']",3.1,£1.63/100g
10575,"Baxters Bone Broth, Mushroom & Barley Soup 400G",https://www.tesco.com/groceries/en-GB/products/305430139,1687615928.395155,"['£2.20', '£0.55/100g']",2.2,£0.55/100g
10576,Tesco Finest Aioli 165G,https://www.tesco.com/groceries/en-GB/products/301065065,1687615928.463955,"['£2.10', '£1.27/100g']",2.1,£1.27/100g
10577,Fibre One Strawberry Cheesecake Bar 4X25g,https://www.tesco.com/groceries/en-GB/products/311686484,1687615928.533972,"['£2.90', '£29.00/kg']",2.9,£29.00/kg
10578,Tesco Finest Free From Triple Chocolate Cookies 150G,https://www.tesco.com/groceries/en-GB/products/278434838,1687615928.6080809,"['£2.35', '£1.57/100g']",2.35,£1.57/100g
10579,Sharwood's Blackbean & Red Pepper Sauce 425G,https://www.tesco.com/groceries/en-GB/products/258046591,1687615928.6753972,"['£2.80', '£0.66/100g']",2.8,£0.66/100g
10580,Create A Cake 10'' Cake Board,https://www.tesco.com/groceries/en-GB/products/309767155,1687615928.763998,"['£1.45', '£1.45/each']",1.45,£1.45/each
10581,Tymbark Apple & Mint Drink 250Ml,https://www.tesco.com/groceries/en-GB/products/263201953,1687615928.8340511,"['£0.70', '£0.28/100ml']",0.7,£0.28/100ml
10582,Tesco Ground Fenugreek 55G,https://www.tesco.com/groceries/en-GB/products/287841544,1687615928.908787,"['£0.90', '£0.16/10g']",0.9,£0.16/10g
10583,Walkers Max Strong Double Coat Peanut Jalapeno & Cheese 175G,https://www.tesco.com/groceries/en-GB/products/310107124,1687615928.977685,"['£2.25', '£12.86/kg']",2.25,£12.86/kg
10584,Tesco Hot Paprika 45G,https://www.tesco.com/groceries/en-GB/products/289081529,1687615929.067044,"['£0.90', '£0.20/10g']",0.9,£0.20/10g
10585,Naked Free From Katsu Curry Long Grain Rice 78G,https://www.tesco.com/groceries/en-GB/products/307159008,1687615929.132787,"['£1.30', '£16.67/kg']",1.3,£16.67/kg
10586,Hartley's Sour Strawberry Jelly 125G,https://www.tesco.com/groceries/en-GB/products/311430127,1687615929.2016,"['£0.80', '£0.64/100g']",0.8,£0.64/100g
10587,Tesco Juniper Berries 28G,https://www.tesco.com/groceries/en-GB/products/304396388,1687615929.292712,"['£0.90', '£0.32/10g']",0.9,£0.32/10g
10588,Regal Classic Fruit Cake Slices 7S,https://www.tesco.com/groceries/en-GB/products/267830668,1687615929.409157,"['£1.35', '£0.64/100g']",1.35,£0.64/100g
10589,Tesco Free From Garlic Mayonnaise 250Ml,https://www.tesco.com/groceries/en-GB/products/311254293,1687615929.47783,"['£1.00', '£0.40/100ml']",1.0,£0.40/100ml
10590,Schwartz Indian Korma 35G,https://www.tesco.com/groceries/en-GB/products/287911433,1687615929.550889,"['£0.95', '£2.71/100g']",0.95,£2.71/100g
10591,Extra White Peppermint Gum 10 Pieces,https://www.tesco.com/groceries/en-GB/products/268044497,1687615929.6571069,"['£0.70', '£5.00/100g']",0.7,£5.00/100g
10592,Schwartz Slow Cook Sticky American Bbq Brisket 35G,https://www.tesco.com/groceries/en-GB/products/308102633,1687615929.7254772,"['£0.95', '£2.71/100g']",0.95,£2.71/100g
10593,Hershey's Cookie 'N' Cream White Chocolate 90G,https://www.tesco.com/groceries/en-GB/products/310166335,1687615929.824995,"['£1.25', '£1.39/100g']",1.25,£1.39/100g
10594,Wicked Kitchen Spicy Smoky Dreamy Mac 80G,https://www.tesco.com/groceries/en-GB/products/304391353,1687615929.922452,"['£1.30', '£16.25/kg']",1.3,£16.25/kg
10595,Shayona Phooli Ganthia 170G,https://www.tesco.com/groceries/en-GB/products/293236618,1687615929.993556,"['£1.30', '£0.76/100g']",1.3,£0.76/100g
10596,Munchies Tube 52G,https://www.tesco.com/groceries/en-GB/products/258052842,1687615930.0634902,"['£0.75', '£1.44/100g']",0.75,£1.44/100g
10597,Tesco Free From Tomato And Herb Sauce 500G,https://www.tesco.com/groceries/en-GB/products/311430482,1687615930.176681,"['£1.20', '£0.24/100g']",1.2,£0.24/100g
10598,Tesco Greek Extra Virgin Olive Oil 500Ml,https://www.tesco.com/groceries/en-GB/products/259074601,1687615930.244255,"['£5.30', '£1.06/100ml']",5.3,£1.06/100ml
10599,Lindt Nuxor Milk 165G,https://www.tesco.com/groceries/en-GB/products/304554432,1687615930.315823,"['£7.00', '£4.24/100g']",7.0,£4.24/100g
10600,Tesco Light In Colour Olive Oil 500Ml,https://www.tesco.com/groceries/en-GB/products/255760642,1687615936.167809,"['£4.15', '£0.83/100ml']",4.15,£0.83/100ml
10601,John West Smoked Oysters Sunflower Oil 85G,https://www.tesco.com/groceries/en-GB/products/250319990,1687615936.243933,"['£3.00', '£4.62/100g DR.WT']",3.0,£4.62/100g DR.WT
10602,Grace Mighty Malt Drink Original 6 X 330Ml,https://www.tesco.com/groceries/en-GB/products/305043534,1687615936.3134341,"['£5.00', '£0.25/100ml']",5.0,£0.25/100ml
10603,Dawtona Ogorki Kwaszone 900G,https://www.tesco.com/groceries/en-GB/products/263174621,1687615936.382313,"['£2.55', '£0.61/100g DR.WT']",2.55,£0.61/100g DR.WT
10604,Nakd Apple Danish Bar 4X30g Mpk,https://www.tesco.com/groceries/en-GB/products/297754776,1687615936.455704,"['£3.00', '£2.50/100g']",3.0,£2.50/100g
10605,Schwartz Basil 10G Jar,https://www.tesco.com/groceries/en-GB/products/257485170,1687615936.532471,"['£2.00', '£2.00/10g']",2.0,£2.00/10g
10606,Sokolow Bukowe Poultry & Pork Sausages 600G,https://www.tesco.com/groceries/en-GB/products/307346674,1687615936.622356,"['£2.95', '£0.49/100g']",2.95,£0.49/100g
10607,Grenade Carb Killa Mint Dark Chocolate 60G,https://www.tesco.com/groceries/en-GB/products/293710184,1687615936.6905081,"['£2.70', '£4.50/100g']",2.7,£4.50/100g
10608,Grenade Carb Killa Jaffa Quake 60G,https://www.tesco.com/groceries/en-GB/products/297814003,1687615936.759242,"['£2.70', '£4.50/100g']",2.7,£4.50/100g
10609,Dr. Oetker Liquid Glucose 140G,https://www.tesco.com/groceries/en-GB/products/271189056,1687615936.8254988,"['£2.15', '£1.54/100g']",2.15,£1.54/100g
10610,Sweet Freedom Chocolate Pot 250G Chocolate Spread,https://www.tesco.com/groceries/en-GB/products/296481300,1687615936.9015129,"['£3.00', '£1.20/100g']",3.0,£1.20/100g
10611,Belvita Fruit Crunch Apple & Pear Multigrain 225G,https://www.tesco.com/groceries/en-GB/products/312231785,1687615936.974724,"['£3.00', '£1.33/100g']",3.0,£1.33/100g
10612,Yutaka Organic Tamari Soy Sauce Gluten Free 150Ml,https://www.tesco.com/groceries/en-GB/products/301064164,1687615937.044367,"['£2.35', '£1.57/100ml']",2.35,£1.57/100ml
10613,Thai Dragon Srirachi Chilli Mayonnaise Sauce 200Ml,https://www.tesco.com/groceries/en-GB/products/304796335,1687615937.116031,"['£1.90', '£0.95/100ml']",1.9,£0.95/100ml
10614,Quaker Oat So Simple No Added Sugar Strawberry Porridge 8Pk 260G,https://www.tesco.com/groceries/en-GB/products/311943670,1687615937.1835651,"['£3.50', '£1.35/100g']",3.5,£1.35/100g
10615,Lee Kum Kee Sweet Hoisin Sauce 567G,https://www.tesco.com/groceries/en-GB/products/276761540,1687615937.2726521,"['£3.45', '£0.61/100g']",3.45,£0.61/100g
10616,Homepride Premium Milled Extra Fine Flour 1Kg,https://www.tesco.com/groceries/en-GB/products/305042459,1687615937.3385,"['£2.00', '£2.00/kg']",2.0,£2.00/kg
10617,Tarczynski Poultry Kabanos With Pork 105G,https://www.tesco.com/groceries/en-GB/products/306801264,1687615937.407732,"['£2.25', '£2.14/100g']",2.25,£2.14/100g
10618,Itsu Miso'easy Chilli Miso 3X20g,https://www.tesco.com/groceries/en-GB/products/301064400,1687615937.480619,"['£2.00', '£3.33/100g']",2.0,£3.33/100g
10619,Tesco Finest Orecchiette 500G,https://www.tesco.com/groceries/en-GB/products/308114969,1687615937.5493371,"['£1.90', '£3.80/kg']",1.9,£3.80/kg
10620,Carousel Nougat Wafers 6 Pack,https://www.tesco.com/groceries/en-GB/products/286787609,1687615937.6179352,"['£2.00', '£0.33/each']",2.0,£0.33/each
10621,Mallow & Marsh Salted Caramel Marshmallows 85G,https://www.tesco.com/groceries/en-GB/products/309777500,1687615937.684793,"['£2.50', '£2.94/100g']",2.5,£2.94/100g
10622,Epicure Classic Pickle Spears Sweet & Sour 670G,https://www.tesco.com/groceries/en-GB/products/309468289,1687615937.750589,"['£2.10', '£0.58/100g DR.WT']",2.1,£0.58/100g DR.WT
10623,Cadbury Nuttier Peanut & Almond Milk Chocolate 3 X 40G,https://www.tesco.com/groceries/en-GB/products/310676618,1687615937.817643,"['£2.00', '£1.67/100g']",2.0,£1.67/100g
10624,Bens Original Katsu Curry Inspired Microwave Rice 250G,https://www.tesco.com/groceries/en-GB/products/311689383,1687615937.886058,"['£1.40', '£5.60/kg']",1.4,£5.60/kg
10625,Lee Kum Kee Premium Dark Soy Sauce 150Ml,https://www.tesco.com/groceries/en-GB/products/276732004,1687615937.999957,"['£1.50', '£1.00/100ml']",1.5,£1.00/100ml
10626,Tesco Pickled Chillies 270G,https://www.tesco.com/groceries/en-GB/products/311262605,1687615938.067958,"['£1.50', '£1.11/100g DR.WT']",1.5,£1.11/100g DR.WT
10627,Dr Oetker Sticky Toffee Pudding In A Mug 70G,https://www.tesco.com/groceries/en-GB/products/296338712,1687615938.135884,"['£0.85', '£1.21/100g']",0.85,£1.21/100g
10628,Walkers Sensation Thai Sweet Chilli Nuts 45G,https://www.tesco.com/groceries/en-GB/products/312106525,1687615938.203051,"['£1.00', '£2.22/100g']",1.0,£2.22/100g
10629,K.A. Sparkling Black Grape Drink 2 Litre,https://www.tesco.com/groceries/en-GB/products/276003223,1687615938.317972,"['£1.75', '£0.09/100ml']",1.75,£0.09/100ml
10630,Mallow & Marsh Salted Caramel Marshmallow Bar 30G,https://www.tesco.com/groceries/en-GB/products/310661359,1687615938.385459,"['£1.35', '£4.50/100g']",1.35,£4.50/100g
10631,Kp Dry Roasted Peanuts 50G,https://www.tesco.com/groceries/en-GB/products/297385475,1687615938.503077,"['£1.10', '£22.00/kg']",1.1,£22.00/kg
10632,Kit Kat Bites Milk Chocolate Sharing Bag 90G,https://www.tesco.com/groceries/en-GB/products/310122036,1687615938.615232,"['£1.35', '£1.50/100g']",1.35,£1.50/100g
10633,Schwartz Wok It Caribbean Chicken Seasoning 35G,https://www.tesco.com/groceries/en-GB/products/309186623,1687615938.683466,"['£0.95', '£2.71/100g']",0.95,£2.71/100g
10634,Cofresh Peri Peri Grills 80G,https://www.tesco.com/groceries/en-GB/products/301596346,1687615938.772544,"['£0.70', '£0.88/100g']",0.7,£0.88/100g
10635,Heinz Vegan Salad Cream 435G,https://www.tesco.com/groceries/en-GB/products/307753088,1687615938.843083,"['£1.49', '£0.34/100g']",1.49,£0.34/100g
10636,Humza Chicken Seeth Kebab Microwave 600G,https://www.tesco.com/groceries/en-GB/products/302036571,1687615938.910435,"['£5.80', '£9.67/kg']",5.8,£9.67/kg
10637,Stella Artois Gluten Free Lager 4X330ml,https://www.tesco.com/groceries/en-GB/products/307160075,1687615938.9832802,"['£5.75', '£4.36/litre']",5.75,£4.36/litre
10638,Groovy Food Company Coconut Sugar Organic 500G,https://www.tesco.com/groceries/en-GB/products/292916265,1687615939.0512729,"['£4.00', '£8.00/kg']",4.0,£8.00/kg
10639,Princes Drained Tuna Steak In Brine 3X110g,https://www.tesco.com/groceries/en-GB/products/302207087,1687615939.167058,"['£5.25', '£1.59/100g']",5.25,£1.59/100g
10640,Belazu Beldi Preserved Lemons 350G,https://www.tesco.com/groceries/en-GB/products/303843748,1687615939.247633,"['£3.15', '£1.43/100g']",3.15,£1.43/100g
10641,Bisto Southern Style Gravy Granules 190G,https://www.tesco.com/groceries/en-GB/products/309473018,1687615939.319721,"['£3.00', '£1.58/100g']",3.0,£1.58/100g
10642,Tesco Organic Fair Trade Brazil Nuts 150G,https://www.tesco.com/groceries/en-GB/products/258701017,1687615939.39104,"['£3.20', '£21.33/kg']",3.2,£21.33/kg
10643,Grenade Carb Killa Fudged Up 60G,https://www.tesco.com/groceries/en-GB/products/309474271,1687615939.462544,"['£2.70', '£4.50/100g']",2.7,£4.50/100g
10644,Cooks & Co Sweety Drop Peppers 235G,https://www.tesco.com/groceries/en-GB/products/293397254,1687615939.537814,"['£2.60', '£0.02/kg DR.WT']",2.6,£0.02/kg DR.WT
10645,Schwartz Lamb Seasoning 38G,https://www.tesco.com/groceries/en-GB/products/254609335,1687615939.61099,"['£2.00', '£52.63/kg']",2.0,£52.63/kg
10646,Betty Crocker Red Velvet Cake Mix 425G,https://www.tesco.com/groceries/en-GB/products/289584856,1687615939.6997278,"['£3.00', '£0.71/100g']",3.0,£0.71/100g
10647,Baxters Kimchi 300G,https://www.tesco.com/groceries/en-GB/products/313012029,1687615939.792479,"['£3.50', '£1.17/100g']",3.5,£1.17/100g
10648,Gogo Squeez Yogurt Snack Strawberry 4X85g,https://www.tesco.com/groceries/en-GB/products/297754799,1687615946.220802,"['£3.00', '£0.88/100g']",3.0,£0.88/100g
10649,Dr Oetker 12 Milk Chocolate Gold Pearls 36G,https://www.tesco.com/groceries/en-GB/products/309493609,1687615946.3330612,"['£2.00', '£5.56/100g']",2.0,£5.56/100g
10650,Tesco Buckwheat 500G,https://www.tesco.com/groceries/en-GB/products/262200986,1687615946.500135,"['£2.50', '£5.00/kg']",2.5,£5.00/kg
10651,Tesco Free From Chocolate Brownie Mix 284G,https://www.tesco.com/groceries/en-GB/products/293194190,1687615946.574338,"['£1.70', '£5.99/kg']",1.7,£5.99/kg
10652,John West Sild In Tomato Sauce 110G,https://www.tesco.com/groceries/en-GB/products/254864567,1687615946.64219,"['£1.65', '£1.50/100g']",1.65,£1.50/100g
10653,Baxters Jackfruit 3 Bean & Chilli Soup 380G,https://www.tesco.com/groceries/en-GB/products/305735355,1687615946.7106009,"['£2.00', '£0.53/100g']",2.0,£0.53/100g
10654,Doves Farm Xanthan Gum 100G,https://www.tesco.com/groceries/en-GB/products/268920065,1687615946.776279,"['£2.75', '£27.50/kg']",2.75,£27.50/kg
10655,Nando's Peri Peri Garlic Bag & Bake 20G,https://www.tesco.com/groceries/en-GB/products/307145179,1687615946.842655,"['£1.35', '£6.75/100g']",1.35,£6.75/100g
10656,Dr.Oetker Sicilian Lemon Natural Extract 35Ml,https://www.tesco.com/groceries/en-GB/products/278533364,1687615946.917186,"['£1.45', '£0.41/10ml']",1.45,£0.41/10ml
10657,Knorr Mushroom Stock Pot 4X112g Gluten Free,https://www.tesco.com/groceries/en-GB/products/306943118,1687615946.9875178,"['£1.90', '£1.70/100g']",1.9,£1.70/100g
10658,Graze Cocoa Vanilla & Protein Flapjack 50G,https://www.tesco.com/groceries/en-GB/products/312984803,1687615947.055915,"['£1.20', '£2.40/100g']",1.2,£2.40/100g
10659,Veetee Heat & Eat Thai Lime & Herb Rice 2X125g,https://www.tesco.com/groceries/en-GB/products/311690835,1687615947.1694348,"['£1.15', '£4.60/kg']",1.15,£4.60/kg
10660,Swizzels Drumsticks Squashies Original Bag 60G,https://www.tesco.com/groceries/en-GB/products/308825313,1687615947.2393548,"['£0.75', '£1.25/100g']",0.75,£1.25/100g
10661,Jutrzenka Familijne Hazelnut Wafers 180G,https://www.tesco.com/groceries/en-GB/products/262109206,1687615947.3542132,"['£0.95', '£0.53/100g']",0.95,£0.53/100g
10662,Dunns River Red Kidney Beans 400G,https://www.tesco.com/groceries/en-GB/products/258519888,1687615947.435552,"['£0.80', '£2.00/kg']",0.8,£2.00/kg
10663,E.Wedel Pawelek Milk Chocolate Bar With Creamy Filling 45G,https://www.tesco.com/groceries/en-GB/products/310170842,1687615947.502594,"['£0.70', '£1.56/100g']",0.7,£1.56/100g
10664,Wrigleys Extra Refresher's Gum Bubblemint 7Pce,https://www.tesco.com/groceries/en-GB/products/305946641,1687615947.5730639,"['£0.70', '£4.49/100g']",0.7,£4.49/100g
10665,Crazy Card Factory Fruit Flavoured Sweets 102G,https://www.tesco.com/groceries/en-GB/products/311956758,1687615947.6430762,"['£1.00', '£0.98/100g']",1.0,£0.98/100g
10666,7Days Bake Rolls Garlic 160G,https://www.tesco.com/groceries/en-GB/products/298576455,1687615947.713826,"['£1.00', '£0.62/100g']",1.0,£0.62/100g
10667,Drosed Podlaski Chicken Pate & Tomatoes 100G,https://www.tesco.com/groceries/en-GB/products/265627947,1687615947.7797198,"['£0.55', '£0.55/100g']",0.55,£0.55/100g
10668,Cheezees Jalapeno 45G,https://www.tesco.com/groceries/en-GB/products/297003502,1687615947.852125,"['£0.85', '£1.89/100g']",0.85,£1.89/100g
10669,Hellena Orenzada Drink 250Ml ..,https://www.tesco.com/groceries/en-GB/products/301341003,1687615947.954881,"['£0.65', '£0.26/100ml']",0.65,£0.26/100ml
10670,Mrs Crimble's 6 Gluten Free Coconut Macaroons 180G,https://www.tesco.com/groceries/en-GB/products/307357010,1687615948.0224798,"['£1.40', '£0.78/100g']",1.4,£0.78/100g
10671,Nestle Kit Kat Chunky Duo 64G,https://www.tesco.com/groceries/en-GB/products/302440570,1687615948.115319,"['£1.00', '£1.56/100g']",1.0,£1.56/100g
10672,Tesco Blended Pomace Oil 5 Litre Pet,https://www.tesco.com/groceries/en-GB/products/272515499,1687615948.2316349,"['£14.20', '£0.28/100ml']",14.2,£0.28/100ml
10673,Filippo Berio Organic Extra Virgin Olive Oil 500Ml,https://www.tesco.com/groceries/en-GB/products/262186234,1687615948.2984052,"['£7.00', '£1.40/100ml']",7.0,£1.40/100ml
10674,Peppadew Stuffed With Cream Cheese 250G,https://www.tesco.com/groceries/en-GB/products/268553332,1687615948.364338,"['£4.30', '£1.72/100g']",4.3,£1.72/100g
10675,Tesco Chia Seeds 500G,https://www.tesco.com/groceries/en-GB/products/311792248,1687615948.431463,"['£4.95', '£0.99/100g']",4.95,£0.99/100g
10676,Nandos Peri-Peri Sauce Lemon & Herb 500G,https://www.tesco.com/groceries/en-GB/products/287549194,1687615948.49942,"['£4.10', '£0.82/100g']",4.1,£0.82/100g
10677,Tesco Chewy Banana 200G,https://www.tesco.com/groceries/en-GB/products/312352287,1687615948.5652668,"['£3.80', '£19.00/kg']",3.8,£19.00/kg
10678,Tesco Finest English Honey 340G,https://www.tesco.com/groceries/en-GB/products/254409042,1687615948.639647,"['£4.95', '£1.46/100g']",4.95,£1.46/100g
10679,The Spice Tailor Malabar Biryani 360G,https://www.tesco.com/groceries/en-GB/products/311428399,1687615948.705117,"['£3.75', '£10.42/kg']",3.75,£10.42/kg
10680,The Spice Tailor Delicate Korma Curry 300G,https://www.tesco.com/groceries/en-GB/products/277017482,1687615948.794206,"['£3.75', '£12.50/kg']",3.75,£12.50/kg
10681,Pataks Tandoori Paste Mild 312G,https://www.tesco.com/groceries/en-GB/products/282280627,1687615948.882829,"['£3.25', '£1.04/100g']",3.25,£1.04/100g
10682,Royal Gulabjam Dessert 500G,https://www.tesco.com/groceries/en-GB/products/267753045,1687615948.949101,"['£4.00', '£0.80/100g']",4.0,£0.80/100g
10683,Tesco Finest Free From Carrot Cake,https://www.tesco.com/groceries/en-GB/products/287938338,1687615949.0421278,"['£3.75', '£3.75/each']",3.75,£3.75/each
10684,Bisto Pepper Sauce Mix 185G,https://www.tesco.com/groceries/en-GB/products/309492560,1687615949.160463,"['£3.00', '£1.62/100g']",3.0,£1.62/100g
10685,Nando's Garlic Peri Peri Sauce 125G,https://www.tesco.com/groceries/en-GB/products/261961332,1687615949.227935,"['£2.25', '£1.80/100g']",2.25,£1.80/100g
10686,Morliny Masurian Sausage 520G,https://www.tesco.com/groceries/en-GB/products/285983908,1687615949.2964969,"['£3.00', '£0.58/100g']",3.0,£0.58/100g
10687,Betty Crocker Peanut Butter Brownie Mix 350G,https://www.tesco.com/groceries/en-GB/products/313381956,1687615949.371961,"['£3.00', '£8.57/kg']",3.0,£8.57/kg
10688,Blue Dragon Hot Sweet Chilli Sauce 380G,https://www.tesco.com/groceries/en-GB/products/264447960,1687615949.447519,"['£2.70', '£0.71/100g']",2.7,£0.71/100g
10689,Betty Crocker Banana Bread Muffin Mix & Chocolate 320G,https://www.tesco.com/groceries/en-GB/products/314114230,1687615949.545949,"['£3.00', '£9.38/kg']",3.0,£9.38/kg
10690,Cake Decor Flavours Writing Icing 76,https://www.tesco.com/groceries/en-GB/products/309741865,1687615949.615087,"['£2.10', '£2.76/100g']",2.1,£2.76/100g
10691,E.Wedel Dark Chocolate Barrels Plus Alcohol Filling 200G,https://www.tesco.com/groceries/en-GB/products/280967683,1687615949.684236,"['£3.15', '£1.58/100g']",3.15,£1.58/100g
10692,Nomo Cookie Dough Vegan & Free From Chocolate Bar 150G,https://www.tesco.com/groceries/en-GB/products/313831972,1687615949.757165,"['£3.00', '£2.00/100g']",3.0,£2.00/100g
10693,Bear Smoothie Fruit Yoyo Peach & Banana 5 X 20G,https://www.tesco.com/groceries/en-GB/products/309450339,1687615949.83148,"['£2.85', '£2.85/100g']",2.85,£2.85/100g
10694,Tesco Organic Cashew Nuts 100G,https://www.tesco.com/groceries/en-GB/products/309477141,1687615949.926007,"['£2.10', '£21.00/kg']",2.1,£21.00/kg
10695,Gran Luchito Refried Beans Chipotle 430G,https://www.tesco.com/groceries/en-GB/products/304391791,1687615949.994085,"['£2.00', '£0.46/100g']",2.0,£0.46/100g
10696,Tesco Finest Jalapeno Stuffed Olives 210G,https://www.tesco.com/groceries/en-GB/products/300832680,1687615957.270352,"['£2.25', '£2.14/100g DR.WT']",2.25,£2.14/100g DR.WT
10697,Galaxy Vegan Classic Chocolate Bar Dairy Free 100G,https://www.tesco.com/groceries/en-GB/products/314307175,1687615957.42465,"['£3.00', '£3.00/100g']",3.0,£3.00/100g
10698,Galaxy Vegan Orange Chocolate Bar Dairy Free 100G,https://www.tesco.com/groceries/en-GB/products/314326394,1687615957.695379,"['£3.00', '£3.00/100g']",3.0,£3.00/100g
10699,Lowicz Syrup Cherry Flavour 400Ml,https://www.tesco.com/groceries/en-GB/products/309169045,1687615957.765339,"['£1.65', '£0.41/100ml']",1.65,£0.41/100ml
10700,Walkers Max Strong Double Coat Peanut Spicy Wasabi 175G,https://www.tesco.com/groceries/en-GB/products/310180064,1687615957.8349729,"['£2.25', '£12.86/kg']",2.25,£12.86/kg
10701,Nissin Big Soba Wok Style Chilli Cup Noodles 115G,https://www.tesco.com/groceries/en-GB/products/312850069,1687615957.92525,"['£1.99', '£17.30/kg']",1.99,£17.30/kg
10702,Rubicon Light & Fruity Mango Juice Drink 1Ltr,https://www.tesco.com/groceries/en-GB/products/293249154,1687615957.9950268,"['£1.70', '£0.17/100ml']",1.7,£0.17/100ml
10703,Skips Prawn Cocktail Grab Bag Crisps 35G,https://www.tesco.com/groceries/en-GB/products/311211511,1687615958.094923,"['£1.00', '£2.86/100g']",1.0,£2.86/100g
10704,Regal Original Cake Rusks 18 Pieces,https://www.tesco.com/groceries/en-GB/products/271056916,1687615958.209781,"['£1.99', '£0.11/each']",1.99,£0.11/each
10705,Natures Store Free From White Chocolate Rice Cakes 100G,https://www.tesco.com/groceries/en-GB/products/277313194,1687615958.279954,"['£1.50', '£1.50/100g']",1.5,£1.50/100g
10706,"Flava-It Garlic, Herb & Butter Marinade 35G",https://www.tesco.com/groceries/en-GB/products/301341769,1687615958.349091,"['£1.10', '£0.31/10g']",1.1,£0.31/10g
10707,Wrigley's Extra Sugar Free Apple Flavour Gum 14G,https://www.tesco.com/groceries/en-GB/products/310142790,1687615958.439467,"['£0.70', '£5.00/100g']",0.7,£5.00/100g
10708,Batchelors Garden Peas In Water 290G,https://www.tesco.com/groceries/en-GB/products/309182201,1687615958.5080938,"['£0.60', '£3.43/kg DR.WT']",0.6,£3.43/kg DR.WT
10709,Naked Korean Style Bbq Beef Noodles 100G,https://www.tesco.com/groceries/en-GB/products/307135532,1687615958.5852869,"['£1.10', '£11.00/kg']",1.1,£11.00/kg
10710,Twix Salted Caramel Xtra Twin Bars 75G,https://www.tesco.com/groceries/en-GB/products/305829659,1687615958.673074,"['£0.90', '£1.20/100g']",0.9,£1.20/100g
10711,Nielsen-Massey Vanilla Extract 60Ml,https://www.tesco.com/groceries/en-GB/products/298262291,1687615958.784909,"['£7.00', '£1.17/10ml']",7.0,£1.17/10ml
10712,U Me Frying & Roasting Vegetable Olive Oil Blend 1L,https://www.tesco.com/groceries/en-GB/products/305732554,1687615958.85635,"['£4.50', '£0.45/100ml']",4.5,£0.45/100ml
10713,Garner's Pickled Red Onion In Blueberry Vinegar 440G,https://www.tesco.com/groceries/en-GB/products/309745947,1687615958.924053,"['£3.90', '£1.95/100g DR.WT']",3.9,£1.95/100g DR.WT
10714,Blue Dragon 3 Step Thai Curry Massaman 273G,https://www.tesco.com/groceries/en-GB/products/289670230,1687615958.991266,"['£3.10', '£11.36/kg']",3.1,£11.36/kg
10715,Krakus Podwawelska Sausages 520G,https://www.tesco.com/groceries/en-GB/products/268614036,1687615959.098655,"['£4.30', '£0.83/100g']",4.3,£0.83/100g
10716,Tesco 12 Cup Muffin Tray,https://www.tesco.com/groceries/en-GB/products/309629475,1687615959.168097,"['£5.50', '£5.50/each']",5.5,£5.50/each
10717,Tesco Finest Chocolate Sauce 250G,https://www.tesco.com/groceries/en-GB/products/276519886,1687615959.234776,"['£2.90', '£1.16/100g']",2.9,£1.16/100g
10718,Belazu Roasted Aubergine Mezze 165G,https://www.tesco.com/groceries/en-GB/products/304792057,1687615959.323924,"['£2.95', '£1.79/100g']",2.95,£1.79/100g
10719,Nairns Gluten Free Oat Muesli 450G,https://www.tesco.com/groceries/en-GB/products/266804794,1687615959.395554,"['£3.20', '£0.71/100g']",3.2,£0.71/100g
10720,Nandos Hot Peri Peri Sauce 125G,https://www.tesco.com/groceries/en-GB/products/252745216,1687615959.47002,"['£2.25', '£1.80/100g']",2.25,£1.80/100g
10721,Pulsin Fibre Brownie Peanut Chocolate Chip 4X35g,https://www.tesco.com/groceries/en-GB/products/309189620,1687615959.5404491,"['£2.50', '£1.79/100g']",2.5,£1.79/100g
10722,Greene King Ipa Gluten Free 500Ml,https://www.tesco.com/groceries/en-GB/products/295432095,1687615959.614036,"['£2.00', '£4.00/litre']",2.0,£4.00/litre
10723,Matthews Cotswold Strong Crunch Flour 1.5Kg,https://www.tesco.com/groceries/en-GB/products/309163839,1687615959.6822348,"['£2.60', '£1.73/kg']",2.6,£1.73/kg
10724,Kind Caramel Almond & Sea Salt Nut Bars 3X30g,https://www.tesco.com/groceries/en-GB/products/308103494,1687615959.8017259,"['£3.00', '£3.33/100g']",3.0,£3.33/100g
10725,Rajah Chilli Powder 400G,https://www.tesco.com/groceries/en-GB/products/289037480,1687615959.867532,"['£2.00', '£0.05/10g']",2.0,£0.05/10g
10726,Dawtona Swedish Salad 500G,https://www.tesco.com/groceries/en-GB/products/271638689,1687615959.934782,"['£1.60', '£0.68/100g DR.WT']",1.6,£0.68/100g DR.WT
10727,Dr Oetker Decorating Icing Gold 50G,https://www.tesco.com/groceries/en-GB/products/307143453,1687615960.000183,"['£1.60', '£3.20/100g']",1.6,£3.20/100g
10728,Epicure Original Whole Pickles Plus Dill & Red Pepper 970G,https://www.tesco.com/groceries/en-GB/products/309766369,1687615960.0682418,"['£2.90', '£0.55/100g DR.WT']",2.9,£0.55/100g DR.WT
10729,Raureni Rustic Zacusca Eggplant 300G,https://www.tesco.com/groceries/en-GB/products/282014783,1687615960.137294,"['£2.10', '£0.70/100g']",2.1,£0.70/100g
10730,Ryvita Vitamin Boost Toasted Oat & Black Sesame200g,https://www.tesco.com/groceries/en-GB/products/311263472,1687615960.203798,"['£2.00', '£1.00/100g']",2.0,£1.00/100g
10731,East End Cumin Powder (Jeera) 300G,https://www.tesco.com/groceries/en-GB/products/264932201,1687615960.2702131,"['£2.45', '£0.08/10g']",2.45,£0.08/10g
10732,Biona Organic Red Kidney Beans 400G,https://www.tesco.com/groceries/en-GB/products/306807269,1687615960.3373,"['£1.60', '£6.67/kg DR.WT']",1.6,£6.67/kg DR.WT
10733,Eat Real Lentil Chips Creamy Dil 113G,https://www.tesco.com/groceries/en-GB/products/278769148,1687615960.402737,"['£2.00', '£1.77/100g']",2.0,£1.77/100g
10734,Tahira Poultry Frankfurters Hot & Spicy 330G,https://www.tesco.com/groceries/en-GB/products/275248482,1687615960.4691598,"['£1.80', '£0.54/100g']",1.8,£0.54/100g
10735,Natco Urid Dal White 1Kg,https://www.tesco.com/groceries/en-GB/products/287651607,1687615960.541887,"['£2.45', '£2.45/kg']",2.45,£2.45/kg
10736,Nissin Big Soba Wok Style Cup Noodles Teriyaki 113G,https://www.tesco.com/groceries/en-GB/products/312569541,1687615960.6180701,"['£1.99', '£17.61/kg']",1.99,£17.61/kg
10737,Natco Chick Peas 2Kg,https://www.tesco.com/groceries/en-GB/products/254869320,1687615960.6897862,"['£3.50', '£1.75/kg']",3.5,£1.75/kg
10738,Kabuto Noodles Chilli Chicken Ramen 65G,https://www.tesco.com/groceries/en-GB/products/311934491,1687615960.759149,"['£1.65', '£25.38/kg']",1.65,£25.38/kg
10739,Deliciously Ella Almond Butter & Caramel Cups 36G,https://www.tesco.com/groceries/en-GB/products/304792063,1687615960.8247402,"['£1.50', '£4.17/100g']",1.5,£4.17/100g
10740,Kettle Chips Mature Cheddar & Red Onion 40G,https://www.tesco.com/groceries/en-GB/products/290898835,1687615960.8968608,"['£0.90', '£2.25/100g']",0.9,£2.25/100g
10741,Tesco Free From Vanilla Cookies & Cream Biscuits 192G,https://www.tesco.com/groceries/en-GB/products/304386826,1687615961.02632,"['£2.40', '£1.25/100g']",2.4,£1.25/100g
10742,Eat Natural Almond & Apricot Yogurt Coated Bar 50G,https://www.tesco.com/groceries/en-GB/products/252961461,1687615961.090904,"['£1.10', '£2.20/100g']",1.1,£2.20/100g
10743,Cheetos Ketchup Corn Snacks 85G,https://www.tesco.com/groceries/en-GB/products/275477999,1687615961.202278,"['£1.40', '£1.65/100g']",1.4,£1.65/100g
10744,Schwartz Chilli Powder Hot 38G Jar,https://www.tesco.com/groceries/en-GB/products/257504644,1687615967.701634,"['£2.00', '£52.63/kg']",2.0,£52.63/kg
10745,Schwartz Garam Masala 30G,https://www.tesco.com/groceries/en-GB/products/254919567,1687615967.813617,"['£2.00', '£66.67/kg']",2.0,£66.67/kg
10746,Potts Vegetable Stock 500Ml,https://www.tesco.com/groceries/en-GB/products/304408508,1687615967.952457,"['£2.25', '£0.45/100ml']",2.25,£0.45/100ml
10747,Carotino Mild & Light Cooking Oil 500Ml,https://www.tesco.com/groceries/en-GB/products/273104500,1687615968.0388448,"['£2.50', '£0.50/100ml']",2.5,£0.50/100ml
10748,Create A Cake Petit Four Cake Cases 75,https://www.tesco.com/groceries/en-GB/products/309755958,1687615968.1143749,"['£1.50', '£0.02/each']",1.5,£0.02/each
10749,Nestle Nesquik Mix Cereal 325G,https://www.tesco.com/groceries/en-GB/products/312086417,1687615968.185683,"['£2.49', '£0.77/100g']",2.49,£0.77/100g
10750,Cornish Sea Salt Really Garlicky Sea Salt 55G,https://www.tesco.com/groceries/en-GB/products/279533028,1687615968.259854,"['£2.00', '£36.36/kg']",2.0,£36.36/kg
10751,Royal Chai Masala Tea With Out Sugar 180G,https://www.tesco.com/groceries/en-GB/products/260666706,1687615968.3479419,"['£2.90', '£1.61/100g']",2.9,£1.61/100g
10752,Spam Chopped Pork With Ham Plastic Tub 200G,https://www.tesco.com/groceries/en-GB/products/277974436,1687615968.412906,"['£2.25', '£1.12/100g']",2.25,£1.12/100g
10753,Hippeas Chickpea Puff Snacks Sweet & Smokin 5X15g,https://www.tesco.com/groceries/en-GB/products/311269713,1687615968.4906392,"['£2.00', '£2.67/100g']",2.0,£2.67/100g
10754,Tesco Mini Jazzies 55G,https://www.tesco.com/groceries/en-GB/products/306812821,1687615968.558305,"['£1.15', '£2.09/100g']",1.15,£2.09/100g
10755,Lowicz Raspberry & Lemon Syrup 400Ml,https://www.tesco.com/groceries/en-GB/products/275492116,1687615968.627627,"['£1.65', '£0.41/100ml']",1.65,£0.41/100ml
10756,Tesco Free From Ginger Nuts 180G,https://www.tesco.com/groceries/en-GB/products/308081316,1687615968.695442,"['£1.70', '£0.94/100g']",1.7,£0.94/100g
10757,Mallow & Marsh Raspberry Marshmallow & Dark Chocolate 35G,https://www.tesco.com/groceries/en-GB/products/309741168,1687615968.768161,"['£1.35', '£3.86/100g']",1.35,£3.86/100g
10758,East End Black Eye Beans 500G,https://www.tesco.com/groceries/en-GB/products/261633174,1687615968.8801851,"['£1.50', '£3.00/kg']",1.5,£3.00/kg
10759,Graze Peanut Butter Flapjack 50G,https://www.tesco.com/groceries/en-GB/products/312353257,1687615968.94509,"['£1.20', '£2.40/100g']",1.2,£2.40/100g
10760,Graze Lively Lemon Flapjack 53G,https://www.tesco.com/groceries/en-GB/products/311937317,1687615969.06195,"['£1.20', '£2.26/100g']",1.2,£2.26/100g
10761,Eat Natural Protein Bar 45G,https://www.tesco.com/groceries/en-GB/products/287089069,1687615969.1722188,"['£1.10', '£2.44/100g']",1.1,£2.44/100g
10762,Kind Protein Crunchy Peanut Butter Bar 50G,https://www.tesco.com/groceries/en-GB/products/305830720,1687615969.344686,"['£1.90', '£3.80/100g']",1.9,£3.80/100g
10763,Cofresh Spicy Green Peas & Peanuts 325G,https://www.tesco.com/groceries/en-GB/products/287548682,1687615969.456033,"['£1.00', '£0.31/100g']",1.0,£0.31/100g
10764,Walkers Max Strong Prawn Cocktail Crisps 50G,https://www.tesco.com/groceries/en-GB/products/311794200,1687615969.524002,"['£0.95', '£1.90/100g']",0.95,£1.90/100g
10765,Nature Valley Protein Chocolate & Peanut Bar 40G,https://www.tesco.com/groceries/en-GB/products/294459128,1687615969.6475499,"['£1.00', '£2.50/100g']",1.0,£2.50/100g
10766,100% Aqua Coco Coconut Water 310Ml,https://www.tesco.com/groceries/en-GB/products/302272768,1687615969.758726,"['£1.05', '£0.34/100ml']",1.05,£0.34/100ml
10767,Nando's Peri Peri Garlic Sauce 500G,https://www.tesco.com/groceries/en-GB/products/305965324,1687615969.827588,"['£4.10', '£0.82/100g']",4.1,£0.82/100g
10768,Tesco Fruit Nut & Seed Mix 300G,https://www.tesco.com/groceries/en-GB/products/301554638,1687615969.895999,"['£3.10', '£10.33/kg']",3.1,£10.33/kg
10769,Sacla' Reduced Fat Basil Pesto 190G,https://www.tesco.com/groceries/en-GB/products/301577703,1687615969.964996,"['£3.35', '£1.76/100g']",3.35,£1.76/100g
10770,Rajah Dhaniya Ground Coriander 400G,https://www.tesco.com/groceries/en-GB/products/289053385,1687615970.033696,"['£2.50', '£0.06/10g']",2.5,£0.06/10g
10771,Vitasoy Soy Bean Drink 6 X 250Ml,https://www.tesco.com/groceries/en-GB/products/263414766,1687615970.102717,"['£3.45', '£0.00/litre']",3.45,£0.00/litre
10772,Tesco Finest Caramel For Baking 400G,https://www.tesco.com/groceries/en-GB/products/309485678,1687615970.175461,"['£2.95', '£0.74/100g']",2.95,£0.74/100g
10773,Tesco Finest Free From Chocolate Cake,https://www.tesco.com/groceries/en-GB/products/287938223,1687615970.2424152,"['£3.75', '£3.75/each']",3.75,£3.75/each
10774,Tesco Red Pepper Pesto Cremoso 190G,https://www.tesco.com/groceries/en-GB/products/305248056,1687615970.347218,"['£2.10', '£1.10/100g']",2.1,£1.10/100g
10775,Mentos Gum Spearmint 50Pc Btl100g,https://www.tesco.com/groceries/en-GB/products/285420216,1687615970.41398,"['£2.80', '£2.80/100g']",2.8,£2.80/100g
10776,Schwartz Cayenne Chilli Pepper 26G,https://www.tesco.com/groceries/en-GB/products/254919158,1687615970.5329401,"['£2.00', '£76.92/kg']",2.0,£76.92/kg
10777,Jamie Oliver Lovely Lentils 250,https://www.tesco.com/groceries/en-GB/products/293229610,1687615970.6215239,"['£2.35', '£9.40/kg']",2.35,£9.40/kg
10778,Dr Oetker Rainbow Magic Sprinkles 115G,https://www.tesco.com/groceries/en-GB/products/309464909,1687615970.6904151,"['£2.60', '£2.26/100g']",2.6,£2.26/100g
10779,Tesco Ready To Roll Coloured Icing Black 250G,https://www.tesco.com/groceries/en-GB/products/278584988,1687615970.756473,"['£1.80', '£0.72/100g']",1.8,£0.72/100g
10780,Thorntons Pearls Hazelnut Chocolate 167G,https://www.tesco.com/groceries/en-GB/products/309200636,1687615970.836643,"['£4.50', '£2.70/100g']",4.5,£2.70/100g
10781,Wicked Kitchen Tuscan Style White Bean Stew 300G,https://www.tesco.com/groceries/en-GB/products/308114249,1687615970.906562,"['£2.30', '£7.67/kg']",2.3,£7.67/kg
10782,Doves Farm Organic Plain White Flour 1Kg,https://www.tesco.com/groceries/en-GB/products/302154338,1687615970.974608,"['£2.40', '£2.40/kg']",2.4,£2.40/kg
10783,Matthews Flour Organic Plain Fine Flour 1.5Kg,https://www.tesco.com/groceries/en-GB/products/309465604,1687615971.043342,"['£2.20', '£1.47/kg']",2.2,£1.47/kg
10784,Paxo Southern Fried Breadcrumbs 210G,https://www.tesco.com/groceries/en-GB/products/309497140,1687615971.1102989,"['£2.00', '£9.52/kg']",2.0,£9.52/kg
10785,Urban Fruit Gently Baked Cherries 75G,https://www.tesco.com/groceries/en-GB/products/312699801,1687615971.183079,"['£2.60', '£34.67/kg']",2.6,£34.67/kg
10786,Tesco Chocolate Chunk Cookie Mix 285G,https://www.tesco.com/groceries/en-GB/products/289575959,1687615971.271081,"['£1.95', '£6.84/kg']",1.95,£6.84/kg
10787,Nestle Carnation Original Drizzle 450G,https://www.tesco.com/groceries/en-GB/products/306405480,1687615971.3532941,"['£2.70', '£0.60/100g']",2.7,£0.60/100g
10788,Whitworths Stoned Dates 350G,https://www.tesco.com/groceries/en-GB/products/297599216,1687615971.427936,"['£2.00', '£5.71/kg']",2.0,£5.71/kg
10789,Schwartz Chicken No Added Salt 43G Jar,https://www.tesco.com/groceries/en-GB/products/262120629,1687615971.518708,"['£2.00', '£0.46/10g']",2.0,£0.46/10g
10790,Mallow & Marsh Raspberry Marshmallow Coat Dark Chocolate 100G,https://www.tesco.com/groceries/en-GB/products/309778286,1687615971.609637,"['£2.50', '£2.50/100g']",2.5,£2.50/100g
10791,Tao Kae Noi Tempura Seaweed Original 40G,https://www.tesco.com/groceries/en-GB/products/281936200,1687615971.676074,"['£1.90', '£4.75/100g']",1.9,£4.75/100g
10792,Properchips Barbecue Lentil Chips 20G,https://www.tesco.com/groceries/en-GB/products/302316165,1687615978.311265,"['£0.95', '£4.75/100g']",0.95,£4.75/100g
10793,"Love,Corn Sea Salt Roasted Corn Snack 45G",https://www.tesco.com/groceries/en-GB/products/297596290,1687615978.443252,"['£1.00', '£2.22/100g']",1.0,£2.22/100g
10794,Tesco Fenugreek Leaves 15G,https://www.tesco.com/groceries/en-GB/products/304392869,1687615978.651816,"['£0.90', '£0.60/10g']",0.9,£0.60/10g
10795,K.A. Sparkling Fruit Punch Drink 2 Litre,https://www.tesco.com/groceries/en-GB/products/276003563,1687615978.728721,"['£1.75', '£0.09/100ml']",1.75,£0.09/100ml
10796,Tesco Free From Orange Cookies & Cream Biscuits 192G,https://www.tesco.com/groceries/en-GB/products/304400102,1687615978.80259,"['£2.40', '£1.25/100g']",2.4,£1.25/100g
10797,Grace Aloe Vera Mango Drink 500Ml,https://www.tesco.com/groceries/en-GB/products/279704852,1687615978.902702,"['£1.30', '£0.26/100ml']",1.3,£0.26/100ml
10798,East End Green Lentils 500G,https://www.tesco.com/groceries/en-GB/products/261633243,1687615978.985953,"['£1.50', '£3.00/kg']",1.5,£3.00/kg
10799,Schwartz Wrap It Jamaican Jerk 30G,https://www.tesco.com/groceries/en-GB/products/304417519,1687615979.0680902,"['£0.95', '£3.17/100g']",0.95,£3.17/100g
10800,Tsingtao Beer 640Ml,https://www.tesco.com/groceries/en-GB/products/265181816,1687615979.165399,"['£2.20', '£3.44/litre']",2.2,£3.44/litre
10801,Island Sun Golden Basmati Sella Rice 5Kg,https://www.tesco.com/groceries/en-GB/products/291011565,1687615979.2594051,"['£9.45', '£1.89/kg']",9.45,£1.89/kg
10802,Tesco Mushroom Antipasti 285G,https://www.tesco.com/groceries/en-GB/products/279717203,1687615979.3298671,"['£2.95', '£1.55/100g DR.WT']",2.95,£1.55/100g DR.WT
10803,Doves Farm Organic Rye Flour 1Kg,https://www.tesco.com/groceries/en-GB/products/251183058,1687615979.4045599,"['£2.40', '£2.40/kg']",2.4,£2.40/kg
10804,Tesco Shaoxing Rice Wine 150Ml,https://www.tesco.com/groceries/en-GB/products/275114905,1687615979.475895,"['£3.30', '£2.20/100ml']",3.3,£2.20/100ml
10805,Nakd Berry Bliss Bar 4X30g,https://www.tesco.com/groceries/en-GB/products/297754718,1687615979.5456488,"['£3.00', '£2.50/100g']",3.0,£2.50/100g
10806,Wagamama Katsu Curry Meal Kit 190G,https://www.tesco.com/groceries/en-GB/products/308846207,1687615979.6239538,"['£3.50', '£18.42/kg']",3.5,£18.42/kg
10807,Tesco Free From 4 Chocolate Chip Brioche Rolls,https://www.tesco.com/groceries/en-GB/products/308081322,1687615979.696539,"['£2.30', '£0.58/each']",2.3,£0.58/each
10808,Tesco Royal Icing 400G,https://www.tesco.com/groceries/en-GB/products/293062950,1687615979.77013,"['£2.60', '£0.65/100g']",2.6,£0.65/100g
10809,Natco Red Kidney Beans 1Kg,https://www.tesco.com/groceries/en-GB/products/287651498,1687615979.878238,"['£2.95', '£2.95/kg']",2.95,£2.95/kg
10810,Schwartz Chargrill Chicken 51G Jar,https://www.tesco.com/groceries/en-GB/products/257517773,1687615979.9489,"['£2.00', '£39.22/kg']",2.0,£39.22/kg
10811,Rajah Haldi Ground Turmeric 400G,https://www.tesco.com/groceries/en-GB/products/289037552,1687615980.0408268,"['£2.00', '£0.05/10g']",2.0,£0.05/10g
10812,Dr. Oetker Extra Strong Pink Food Colour Gel 15G,https://www.tesco.com/groceries/en-GB/products/297357048,1687615980.109292,"['£1.50', '£1.00/10g']",1.5,£1.00/10g
10813,Dr. Oetker Coloured Gel - Yellow Extra Strong 15G,https://www.tesco.com/groceries/en-GB/products/297356942,1687615980.176875,"['£1.50', '£1.00/10g']",1.5,£1.00/10g
10814,Geo Watkins Mushroom Ketchup 190Ml,https://www.tesco.com/groceries/en-GB/products/251225471,1687615980.249784,"['£2.00', '£1.05/100ml']",2.0,£1.05/100ml
10815,Fragata Stoneless Manzanilla Olives Filled With Lemon 350G,https://www.tesco.com/groceries/en-GB/products/307735277,1687615980.3421981,"['£2.00', '£1.33/100g DR.WT']",2.0,£1.33/100g DR.WT
10816,Kohinoor Dal Palak 300G,https://www.tesco.com/groceries/en-GB/products/301556953,1687615980.435306,"['£1.85', '£6.17/kg']",1.85,£6.17/kg
10817,Regal Naan Garlic And Coriander 3 Pack,https://www.tesco.com/groceries/en-GB/products/296446411,1687615980.502913,"['£2.15', '£0.72/each']",2.15,£0.72/each
10818,Lee Kum Kee Sweet Soy Sauce 120Ml,https://www.tesco.com/groceries/en-GB/products/309188304,1687615980.575657,"['£1.50', '£1.25/100ml']",1.5,£1.25/100ml
10819,Kubus Carrot Raspberry & Apple Juice 850Ml,https://www.tesco.com/groceries/en-GB/products/308829977,1687615980.6474628,"['£1.75', '£0.21/100ml']",1.75,£0.21/100ml
10820,Tesco Dried Mixed Fruit 1Kg,https://www.tesco.com/groceries/en-GB/products/254915335,1687615980.715919,"['£2.45', '£2.45/kg']",2.45,£2.45/kg
10821,East End Chana Dal 500G,https://www.tesco.com/groceries/en-GB/products/261633370,1687615980.786648,"['£1.50', '£3.00/kg']",1.5,£3.00/kg
10822,Walkers Max Double Coated Peanuts Chilli & Lime 175G,https://www.tesco.com/groceries/en-GB/products/312838799,1687615980.854948,"['£2.25', '£1.29/100g']",2.25,£1.29/100g
10823,Rubicon Deluxe Guava 1L,https://www.tesco.com/groceries/en-GB/products/300457104,1687615980.955145,"['£1.90', '£0.19/100ml']",1.9,£0.19/100ml
10824,Graze Bbq Crunch 28G,https://www.tesco.com/groceries/en-GB/products/312567819,1687615981.0720809,"['£1.20', '£4.29/100g']",1.2,£4.29/100g
10825,Hippeas Chickpea Puffs Sweet & Smokin 22G,https://www.tesco.com/groceries/en-GB/products/306949819,1687615981.18736,"['£1.00', '£4.54/100g']",1.0,£4.54/100g
10826,Nakd Blueberry Muffin Bar 35G,https://www.tesco.com/groceries/en-GB/products/303177091,1687615981.3033972,"['£1.00', '£2.86/100g']",1.0,£2.86/100g
10827,Rubicon Sparkling Lychee Drink 2 Litre,https://www.tesco.com/groceries/en-GB/products/280609512,1687615981.416089,"['£1.80', '£0.09/100ml']",1.8,£0.09/100ml
10828,Love Chin Chin Cinnamon Flavour 70G,https://www.tesco.com/groceries/en-GB/products/286333047,1687615981.483066,"['£1.05', '£1.50/100g']",1.05,£1.50/100g
10829,Nakd Peanut Delight 35G Bar,https://www.tesco.com/groceries/en-GB/products/295229181,1687615981.552418,"['£1.00', '£2.86/100g']",1.0,£2.86/100g
10830,Tropical Vibes Lemonade Sassy Strawberry 300Ml,https://www.tesco.com/groceries/en-GB/products/310699643,1687615981.663352,"['£1.00', '£0.33/100ml']",1.0,£0.33/100ml
10831,Tesco Ancho Chilli Flakes 35G,https://www.tesco.com/groceries/en-GB/products/300456140,1687615981.730569,"['£0.90', '£25.71/kg']",0.9,£25.71/kg
10832,Filippo Berio Garlic Flavoured Olive Oil 250Ml,https://www.tesco.com/groceries/en-GB/products/287129904,1687615981.797228,"['£6.00', '£2.40/100ml']",6.0,£2.40/100ml
10833,Rio Mare Tuna In Olive Oil 3X80g,https://www.tesco.com/groceries/en-GB/products/306822705,1687615981.87192,"['£5.25', '£3.36/100g DR.WT']",5.25,£3.36/100g DR.WT
10834,Cake Decor Cake Pens 16G,https://www.tesco.com/groceries/en-GB/products/298358368,1687615981.9392908,"['£3.15', '£19.69/100g']",3.15,£19.69/100g
10835,Goldfish Chinese Hot & Spicy Curry Sauce Concentrate 405G,https://www.tesco.com/groceries/en-GB/products/259731818,1687615982.009563,"['£2.75', '£0.68/100g']",2.75,£0.68/100g
10836,Maggi Chilli Sauce With Garlic 305G,https://www.tesco.com/groceries/en-GB/products/282223823,1687615982.0800781,"['£2.25', '£0.74/100g']",2.25,£0.74/100g
10837,Mutti Chilli Peperoncino Pasta Sauce 400G,https://www.tesco.com/groceries/en-GB/products/303852150,1687615982.146903,"['£2.95', '£0.74/100g']",2.95,£0.74/100g
10838,Tesco Apple & Sultana Bars 5 X 30G,https://www.tesco.com/groceries/en-GB/products/300534779,1687615982.223398,"['£2.00', '£1.33/100g']",2.0,£1.33/100g
10839,Natco Red Kidney Beans 2Kg,https://www.tesco.com/groceries/en-GB/products/287652261,1687615982.2893739,"['£4.20', '£2.10/kg']",4.2,£2.10/kg
10840,Al'fez Apricot & Coriander Sauce 450G,https://www.tesco.com/groceries/en-GB/products/306825028,1687615989.174455,"['£2.65', '£0.59/100g']",2.65,£0.59/100g
10841,Schwarts Ground Coriander 24G Jar,https://www.tesco.com/groceries/en-GB/products/257510515,1687615989.247721,"['£2.00', '£0.83/10g']",2.0,£0.83/10g
10842,Schwartz Pork Seasoning 34G,https://www.tesco.com/groceries/en-GB/products/254609410,1687615989.34034,"['£2.00', '£58.82/kg']",2.0,£58.82/kg
10843,Taijade Shaohsing Rice Wine 600Ml,https://www.tesco.com/groceries/en-GB/products/276844949,1687615989.43584,"['£6.50', '£1.08/100ml']",6.5,£1.08/100ml
10844,Simply Cook Cajun Jambalaya Cooking Kit 60G,https://www.tesco.com/groceries/en-GB/products/304369980,1687615989.512557,"['£2.50', '£41.67/kg']",2.5,£41.67/kg
10845,Cake Decor Chocolate & Salted Caramel Icing 76G,https://www.tesco.com/groceries/en-GB/products/306663622,1687615989.587403,"['£2.10', '£2.76/100g']",2.1,£2.76/100g
10846,Simply Cook Chicken Makhani Cooking Kit 41G,https://www.tesco.com/groceries/en-GB/products/304377267,1687615989.657917,"['£2.50', '£2.50/each']",2.5,£2.50/each
10847,East End Chilli Powder Extra Hot 300G,https://www.tesco.com/groceries/en-GB/products/264931755,1687615989.763078,"['£2.45', '£0.08/10g']",2.45,£0.08/10g
10848,Tahira Beef Salami 80G,https://www.tesco.com/groceries/en-GB/products/302471302,1687615989.8305569,"['£2.35', '£2.94/100g']",2.35,£2.94/100g
10849,Cake Decor Doughnut Biscuit Kit 240G,https://www.tesco.com/groceries/en-GB/products/314323898,1687615989.90029,"['£2.40', '£10.00/kg']",2.4,£10.00/kg
10850,Wicked Kitchen Beautiful Bourguignon 300G,https://www.tesco.com/groceries/en-GB/products/308110214,1687615989.971232,"['£2.30', '£7.67/kg']",2.3,£7.67/kg
10851,Nandos Piri Peri Marinade Lemon & Herb 260G,https://www.tesco.com/groceries/en-GB/products/308828114,1687615990.0392761,"['£2.50', '£0.96/100g']",2.5,£0.96/100g
10852,Groovy Virgin Coconut Spray 190Ml,https://www.tesco.com/groceries/en-GB/products/286999128,1687615990.106808,"['£2.00', '£1.05/100ml']",2.0,£1.05/100ml
10853,Fragata Chorizo Stuffed Green Olives 350G,https://www.tesco.com/groceries/en-GB/products/297117621,1687615990.195446,"['£2.00', '£1.33/100g DR.WT']",2.0,£1.33/100g DR.WT
10854,Cake Decor Choco Writer White Chocolate 80G,https://www.tesco.com/groceries/en-GB/products/295375594,1687615990.2827132,"['£1.80', '£2.25/100g']",1.8,£2.25/100g
10855,Tesco Finest Fusilli Corti Col. Buco 500G,https://www.tesco.com/groceries/en-GB/products/308866811,1687615990.35895,"['£1.90', '£3.80/kg']",1.9,£3.80/kg
10856,John West Sild In Sunflower Oil 110G,https://www.tesco.com/groceries/en-GB/products/254864573,1687615990.426934,"['£1.65', '£2.20/100g DR.WT']",1.65,£2.20/100g DR.WT
10857,East End Yellow Split Peas 500G,https://www.tesco.com/groceries/en-GB/products/261633427,1687615990.4931781,"['£1.50', '£3.00/kg']",1.5,£3.00/kg
10858,Nando's Peri Peri Bag & Bake Hot 20G,https://www.tesco.com/groceries/en-GB/products/301454428,1687615990.559691,"['£1.35', '£6.75/100g']",1.35,£6.75/100g
10859,Hello Panda Chocolate Biscuits 50G,https://www.tesco.com/groceries/en-GB/products/301510777,1687615990.628795,"['£1.30', '£2.60/100g']",1.3,£2.60/100g
10860,Grace Tropical Rhythms Sorrell Ginger 475Ml,https://www.tesco.com/groceries/en-GB/products/255778838,1687615990.6964061,"['£1.90', '£0.40/100ml']",1.9,£0.40/100ml
10861,Pimlico Halal Galactic Mix 450G,https://www.tesco.com/groceries/en-GB/products/282223276,1687615990.7664242,"['£2.50', '£0.56/100g']",2.5,£0.56/100g
10862,Bens Original Korean Bbq Inspired Microwave Rice 250G,https://www.tesco.com/groceries/en-GB/products/311806960,1687615990.834889,"['£1.40', '£5.60/kg']",1.4,£5.60/kg
10863,Stock Knoppers Milk And Nut Wafers 75G,https://www.tesco.com/groceries/en-GB/products/301603040,1687615990.909579,"['£1.35', '£1.80/100g']",1.35,£1.80/100g
10864,Chop Smoked Garlic Puree 75G,https://www.tesco.com/groceries/en-GB/products/305974584,1687615990.978215,"['£1.30', '£0.17/10g']",1.3,£0.17/10g
10865,Colman's Season & Shake Mediterranean Chicken Seasoning Mix 33G,https://www.tesco.com/groceries/en-GB/products/267678543,1687615991.048364,"['£1.25', '£0.38/10g']",1.25,£0.38/10g
10866,Love Chin Chin Vanilla Flavour 70G,https://www.tesco.com/groceries/en-GB/products/286333364,1687615991.115707,"['£1.05', '£1.50/100g']",1.05,£1.50/100g
10867,Cadbury Nuttier Peanut & Almond Bar 40G,https://www.tesco.com/groceries/en-GB/products/307735317,1687615991.184418,"['£1.20', '£3.00/100g']",1.2,£3.00/100g
10868,Tesco Free From Hunters Cooking Sauce 510G,https://www.tesco.com/groceries/en-GB/products/311678661,1687615991.322294,"['£1.20', '£0.24/100g']",1.2,£0.24/100g
10869,Tesco Finest Balsamic Vinegar Of Modena 250Ml,https://www.tesco.com/groceries/en-GB/products/264475246,1687615991.395225,"['£7.00', '£2.80/100ml']",7.0,£2.80/100ml
10870,Filippo Berio Olive Oil 1 Litre,https://www.tesco.com/groceries/en-GB/products/251978184,1687615991.470079,"['£10.40', '£1.04/100ml']",10.4,£1.04/100ml
10871,Linwoods Organic Flax Sunflower Seeds Berries 425G,https://www.tesco.com/groceries/en-GB/products/308474013,1687615991.544641,"['£6.00', '£14.12/kg']",6.0,£14.12/kg
10872,Santa Maria Roasted Garlic & Pepper Grinder 80G,https://www.tesco.com/groceries/en-GB/products/279962614,1687615991.61829,"['£3.50', '£0.44/10g']",3.5,£0.44/10g
10873,Blue Dragon Ramen Noodle Kit 201G,https://www.tesco.com/groceries/en-GB/products/301064129,1687615991.692256,"['£3.10', '£15.42/kg']",3.1,£15.42/kg
10874,Tesco Finest Semi Dried Cherry Tomatoes 285G,https://www.tesco.com/groceries/en-GB/products/307358994,1687615991.769436,"['£3.45', '£1.92/100g DR.WT']",3.45,£1.92/100g DR.WT
10875,Natco Black Pepper Coarse 300G,https://www.tesco.com/groceries/en-GB/products/268525239,1687615991.900439,"['£3.70', '£0.12/10g']",3.7,£0.12/10g
10876,Brewdog Punk Ipa Gluten Free 4 X 330Ml,https://www.tesco.com/groceries/en-GB/products/311279868,1687615991.9681349,"['£6.00', '£4.54/litre']",6.0,£4.54/litre
10877,Eat Natural Gluten Free Granola Buckwheat Seeds & Honey 425G,https://www.tesco.com/groceries/en-GB/products/302287987,1687615992.0409029,"['£3.35', '£0.79/100g']",3.35,£0.79/100g
10878,Yutaka Sushi Rice 500G,https://www.tesco.com/groceries/en-GB/products/253656458,1687615992.113007,"['£2.20', '£4.40/kg']",2.2,£4.40/kg
10879,Yutaka Japanese Wasabi Paste 43G,https://www.tesco.com/groceries/en-GB/products/253663271,1687615992.18419,"['£2.15', '£5.00/100g']",2.15,£5.00/100g
10880,Knorr Organic Vegetable Stock Pot 4X26g,https://www.tesco.com/groceries/en-GB/products/301600607,1687615992.261753,"['£2.25', '£2.16/100g']",2.25,£2.16/100g
10881,Grenade Carb Killa Birthday Cake Protein Bar 60G,https://www.tesco.com/groceries/en-GB/products/302081913,1687615992.431241,"['£2.70', '£4.50/100g']",2.7,£4.50/100g
10882,Betty Crocker Lemon Cake Mix 425G,https://www.tesco.com/groceries/en-GB/products/289585262,1687615992.5131001,"['£3.00', '£0.71/100g']",3.0,£0.71/100g
10883,Create A Cake Loaf Tin Liners 20,https://www.tesco.com/groceries/en-GB/products/309209552,1687615992.604925,"['£2.60', '£0.13/each']",2.6,£0.13/each
10884,Wrigley's Extra Refreshers Bubble Mint 30S Gum 67G,https://www.tesco.com/groceries/en-GB/products/310697697,1687615992.674022,"['£2.85', '£4.25/100g']",2.85,£4.25/100g
10885,Tesco Vanilla Cupcake Kit 290G,https://www.tesco.com/groceries/en-GB/products/279221000,1687615992.750104,"['£1.90', '£6.55/kg']",1.9,£6.55/kg
10886,Hippeas Chickpea Puff Snacks Salt & Vinegar 5X15g,https://www.tesco.com/groceries/en-GB/products/311448162,1687615992.822834,"['£2.00', '£2.67/100g']",2.0,£2.67/100g
10887,Kind Dark Chocolate Nuts & Sea Salt 40G,https://www.tesco.com/groceries/en-GB/products/305982735,1687615992.889892,"['£1.30', '£3.25/100g']",1.3,£3.25/100g
10888,Phd Smart Bar Chocolate Brownie 64G,https://www.tesco.com/groceries/en-GB/products/297813874,1687615998.903741,"['£2.25', '£3.52/100g']",2.25,£3.52/100g
10889,Tesco White Wine Stock Pots 4 Pack 112G,https://www.tesco.com/groceries/en-GB/products/289037468,1687615999.000032,"['£1.40', '£1.25/100g']",1.4,£1.25/100g
10890,Pan Pre-Cooked White Maize Meal 1Kg,https://www.tesco.com/groceries/en-GB/products/266231526,1687615999.074691,"['£2.40', '£0.24/100g']",2.4,£0.24/100g
10891,Kubus Banana & Apple & Peach Carrot Juice 850Ml,https://www.tesco.com/groceries/en-GB/products/308496131,1687615999.1456819,"['£1.75', '£0.21/100ml']",1.75,£0.21/100ml
10892,Laila Alphonso Mango Pulp 850G,https://www.tesco.com/groceries/en-GB/products/282300219,1687615999.217485,"['£2.50', '£2.94/kg']",2.5,£2.94/kg
10893,Tymbark Apple & Peach Drink 2 Litres,https://www.tesco.com/groceries/en-GB/products/285984090,1687615999.301749,"['£1.85', '£0.92/litre']",1.85,£0.92/litre
10894,East End Tandoori Masala 100G,https://www.tesco.com/groceries/en-GB/products/259740683,1687615999.376,"['£1.20', '£0.12/10g']",1.2,£0.12/10g
10895,East End Red Split Lentils 500G,https://www.tesco.com/groceries/en-GB/products/261633312,1687615999.451989,"['£1.50', '£3.00/kg']",1.5,£3.00/kg
10896,Sosu Japanese Sticky Rice 250G,https://www.tesco.com/groceries/en-GB/products/312721879,1687615999.533493,"['£1.50', '£6.00/kg']",1.5,£6.00/kg
10897,Graze Marmite Crunch 28G,https://www.tesco.com/groceries/en-GB/products/310658266,1687615999.616968,"['£1.20', '£4.29/100g']",1.2,£4.29/100g
10898,Mentos Spearmint 5 Pack 190G,https://www.tesco.com/groceries/en-GB/products/307346927,1687615999.7376168,"['£1.80', '£0.95/100g']",1.8,£0.95/100g
10899,Colman's Season & Shake Garlic & Herb Roast Chicken Mix 32G,https://www.tesco.com/groceries/en-GB/products/268595558,1687615999.806282,"['£1.25', '£0.39/10g']",1.25,£0.39/10g
10900,Ufc Refresh Coconut Water With Watermelon 1L,https://www.tesco.com/groceries/en-GB/products/296601176,1687615999.874652,"['£2.25', '£0.22/100ml']",2.25,£0.22/100ml
10901,Cofresh Sesame Coated Caramel Peanuts 150G,https://www.tesco.com/groceries/en-GB/products/287593514,1687615999.947981,"['£1.50', '£1.00/100g']",1.5,£1.00/100g
10902,Eat Natural Raw Protein Bar Peanuts Almond & Cocoa 45G,https://www.tesco.com/groceries/en-GB/products/311797107,1687616000.017996,"['£1.10', '£2.44/100g']",1.1,£2.44/100g
10903,Popworks Sweet Chipotle Chilli Popped Crisps 85G,https://www.tesco.com/groceries/en-GB/products/312099492,1687616000.0874088,"['£2.25', '£2.65/100g']",2.25,£2.65/100g
10904,Eat Natural Gold Cranberry & Macadamia Fruit Bar 45G,https://www.tesco.com/groceries/en-GB/products/254176022,1687616000.177858,"['£1.10', '£2.44/100g']",1.1,£2.44/100g
10905,Flava-It Piri Piri Marinade 35G,https://www.tesco.com/groceries/en-GB/products/301341487,1687616000.288553,"['£1.10', '£0.31/10g']",1.1,£0.31/10g
10906,Graze Chilli & Lime Nuts 38G,https://www.tesco.com/groceries/en-GB/products/312986277,1687616000.387351,"['£1.20', '£3.16/100g']",1.2,£3.16/100g
10907,Wrigleys Extra Refresher's Gum Peppermint 7 Pieces,https://www.tesco.com/groceries/en-GB/products/305966830,1687616000.498917,"['£0.70', '£4.49/100g']",0.7,£4.49/100g
10908,Tropical Sun Natural Coconut Water 330Ml,https://www.tesco.com/groceries/en-GB/products/272126084,1687616000.6025941,"['£1.10', '£0.33/100ml']",1.1,£0.33/100ml
10909,Candy Kittens Wild Strawberry Gourmet Sweets 54G,https://www.tesco.com/groceries/en-GB/products/311939747,1687616000.672417,"['£1.00', '£1.85/100g']",1.0,£1.85/100g
10910,Schwartz Wrap It Sizzling Tikka 30G,https://www.tesco.com/groceries/en-GB/products/304389063,1687616000.81197,"['£0.95', '£0.32/10g']",0.95,£0.32/10g
10911,De Nigris Balsamic Vinegar Of Modena 250Ml,https://www.tesco.com/groceries/en-GB/products/282051732,1687616000.913677,"['£7.70', '£3.08/100ml']",7.7,£3.08/100ml
10912,Napolina Olive Oil 1Lt,https://www.tesco.com/groceries/en-GB/products/255622524,1687616000.985214,"['£7.50', '£0.75/100ml']",7.5,£0.75/100ml
10913,Kohinoor Classic Basmati Rice 10Kg,https://www.tesco.com/groceries/en-GB/products/304402578,1687616001.06917,"['£22.50', '£2.25/kg']",22.5,£2.25/kg
10914,Morliny Chicken Breast Sausage 400G,https://www.tesco.com/groceries/en-GB/products/286184695,1687616001.149732,"['£3.45', '£0.86/100g']",3.45,£0.86/100g
10915,Bonne Maman Apricot Compote 380G,https://www.tesco.com/groceries/en-GB/products/302513375,1687616001.2242692,"['£3.75', '£0.99/100g']",3.75,£0.99/100g
10916,Green & Black Milk Cooks Bar 150G,https://www.tesco.com/groceries/en-GB/products/271249493,1687616001.3047528,"['£2.75', '£1.83/100g']",2.75,£1.83/100g
10917,Lee Kum Kee Pure Sesame Oil 207Ml,https://www.tesco.com/groceries/en-GB/products/276760627,1687616001.3775349,"['£3.25', '£1.57/100ml']",3.25,£1.57/100ml
10919,Jordans Deluxe Dark Chocolate Granola & Strawberries 550G,https://www.tesco.com/groceries/en-GB/products/307734347,1687616001.524883,"['£4.30', '£0.78/100g']",4.3,£0.78/100g
10920,Sweet Baby Rays Bbq Sauce Honey 510G,https://www.tesco.com/groceries/en-GB/products/280333045,1687616001.607237,"['£3.95', '£0.78/100g']",3.95,£0.78/100g
10921,Dunns River Hot & Spicy Chicken Fry Mix 300G,https://www.tesco.com/groceries/en-GB/products/277809933,1687616001.756756,"['£3.05', '£1.02/100g']",3.05,£1.02/100g
10922,Tesco Organic Sunflower Seeds 100G,https://www.tesco.com/groceries/en-GB/products/309492646,1687616001.829222,"['£1.70', '£17.00/kg']",1.7,£17.00/kg
10923,Yutaka Yellow Miso Soup 50G,https://www.tesco.com/groceries/en-GB/products/282842842,1687616001.906401,"['£1.70', '£3.40/100g']",1.7,£3.40/100g
10924,Schwartz Perfect Shake Moroccan Seasoning 40G,https://www.tesco.com/groceries/en-GB/products/268589416,1687616001.999923,"['£2.00', '£0.50/10g']",2.0,£0.50/10g
10925,Lee Kum Kee Black Bean Garlic Sauce 205G,https://www.tesco.com/groceries/en-GB/products/276730410,1687616002.104419,"['£2.10', '£1.02/100g']",2.1,£1.02/100g
10926,Bear Smoothie Yoyo Strawberry & Banana 5 X 20G,https://www.tesco.com/groceries/en-GB/products/312209337,1687616002.191427,"['£2.85', '£28.50/kg']",2.85,£28.50/kg
10927,Blue Dragon Spinach Noodles Plant Based 125G,https://www.tesco.com/groceries/en-GB/products/309173919,1687616002.3615072,"['£1.75', '£14.00/kg']",1.75,£14.00/kg
10928,Schwartz Mild Chilli Powder 38G Jar,https://www.tesco.com/groceries/en-GB/products/257505263,1687616002.4317818,"['£2.00', '£0.53/10g']",2.0,£0.53/10g
10929,Tesco Ingredients Red Rice 500G,https://www.tesco.com/groceries/en-GB/products/284744278,1687616002.523347,"['£1.80', '£3.60/kg']",1.8,£3.60/kg
10930,Gogo Squeez Peach Yogurtz Pouches 4X85g,https://www.tesco.com/groceries/en-GB/products/308082275,1687616002.588741,"['£3.00', '£0.88/100g']",3.0,£0.88/100g
10931,Kulfi Ice Original Malai Kulfi Ice Cream 1 Litre,https://www.tesco.com/groceries/en-GB/products/275065513,1687616002.678293,"['£2.75', '£0.28/100ml']",2.75,£0.28/100ml
10932,Chop Chilli Puree 75G,https://www.tesco.com/groceries/en-GB/products/303817705,1687616002.7446258,"['£1.30', '£0.17/10g']",1.3,£0.17/10g
10933,Tesco Finest Free From White Chocolate Cranberry Cookies 150G,https://www.tesco.com/groceries/en-GB/products/278418034,1687616002.810804,"['£2.35', '£1.57/100g']",2.35,£1.57/100g
10934,Princes Summer Fruit Filling 410G,https://www.tesco.com/groceries/en-GB/products/276701566,1687616002.880269,"['£1.60', '£3.90/kg']",1.6,£3.90/kg
10935,Pimlico Halal Fizzy Fruit Punch 450G,https://www.tesco.com/groceries/en-GB/products/282223253,1687616002.948593,"['£2.50', '£0.56/100g']",2.5,£0.56/100g
10936,Good4u Protein Salad Topper Garlic & Herb 125G,https://www.tesco.com/groceries/en-GB/products/302274674,1687616009.421655,"['£2.10', '£1.40/100g']",2.1,£1.40/100g
10937,Delicpol Homemade Sponge Biscuits 120G,https://www.tesco.com/groceries/en-GB/products/285985428,1687616009.49685,"['£1.05', '£0.88/100g']",1.05,£0.88/100g
10938,Kinnerton Plastic Surprise Egg 10G,https://www.tesco.com/groceries/en-GB/products/266459332,1687616009.568746,"['£1.00', '£10.00/100g']",1.0,£10.00/100g
10939,Flava-It Garden Mint Marinade Seasoning 35G,https://www.tesco.com/groceries/en-GB/products/304794896,1687616009.634845,"['£1.10', '£0.31/10g']",1.1,£0.31/10g
10940,Cofresh Chevda 325G,https://www.tesco.com/groceries/en-GB/products/287549228,1687616009.7320142,"['£1.00', '£0.31/100g']",1.0,£0.31/100g
10941,Cofresh Chana Dal 325G,https://www.tesco.com/groceries/en-GB/products/287548517,1687616009.808044,"['£1.00', '£0.31/100g']",1.0,£0.31/100g
10942,Kind Peanut Butter & Dark Chocolate 40G,https://www.tesco.com/groceries/en-GB/products/305960836,1687616009.87796,"['£1.30', '£3.25/100g']",1.3,£3.25/100g
10943,Mars Snickers Triple Treat Fruit Nut & Chocolate Bars Multipack 4 X 32g,https://www.tesco.com/groceries/en-GB/products/311259224,1687616009.967057,"['£1.75', '£1.37/100g']",1.75,£1.37/100g
10944,Tesco Protein Bites Peanut & Cocoa 45G,https://www.tesco.com/groceries/en-GB/products/312344369,1687616010.034359,"['£1.00', '£22.22/kg']",1.0,£22.22/kg
10946,Kohinoor Extra Flavour Basmati Rice 10Kg,https://www.tesco.com/groceries/en-GB/products/293258638,1687616010.20998,"['£24.25', '£2.42/kg']",24.25,£2.42/kg
10947,Morliny Chicken Krakowska 400G,https://www.tesco.com/groceries/en-GB/products/305971656,1687616010.2803872,"['£3.60', '£0.90/100g']",3.6,£0.90/100g
10948,Whole Earth Crunchy Dark Roasted Peanut Butter 340G,https://www.tesco.com/groceries/en-GB/products/302832158,1687616010.359597,"['£3.60', '£1.06/100g']",3.6,£1.06/100g
10949,The Spice Tailor Bengali Coconut Lentil Daal 325G,https://www.tesco.com/groceries/en-GB/products/309459232,1687616010.429,"['£3.75', '£11.54/kg']",3.75,£11.54/kg
10950,Fragata Hot Peppers Guindillas 330G,https://www.tesco.com/groceries/en-GB/products/309200567,1687616010.519729,"['£2.20', '£0.67/100g']",2.2,£0.67/100g
10951,Chevington Gouda Cheese,https://www.tesco.com/groceries/en-GB/products/260365204,1687616010.585985,"['£3.34', '£12.15/kg']",3.34,£12.15/kg
10952,Bonne Maman Peach Conserve 370G,https://www.tesco.com/groceries/en-GB/products/250782819,1687616010.658918,"['£3.30', '£0.89/100g']",3.3,£0.89/100g
10953,Nakd Banana Bread Bar 4X30g,https://www.tesco.com/groceries/en-GB/products/297754570,1687616010.746801,"['£3.00', '£2.50/100g']",3.0,£2.50/100g
10954,Betty Crocker Milk Chocolate Icing 400G,https://www.tesco.com/groceries/en-GB/products/289687746,1687616010.819529,"['£3.00', '£0.75/100g']",3.0,£0.75/100g
10955,Dr. Oetker Chocolatey Caramel Crunch 115G,https://www.tesco.com/groceries/en-GB/products/308869261,1687616010.907778,"['£2.60', '£2.26/100g']",2.6,£2.26/100g
10956,Island Sun Gari 1.5Kg,https://www.tesco.com/groceries/en-GB/products/272167772,1687616010.973793,"['£2.95', '£1.97/kg']",2.95,£1.97/kg
10957,Herdez Salsa Verde Mild 240G,https://www.tesco.com/groceries/en-GB/products/310178396,1687616011.039994,"['£2.65', '£1.10/100g']",2.65,£1.10/100g
10958,Trek Energy Peanut Power Multipack 3X55g,https://www.tesco.com/groceries/en-GB/products/293199713,1687616011.107559,"['£3.00', '£1.82/100g']",3.0,£1.82/100g
10959,Whitworths Protein Brazilian Smoky Beans 250G,https://www.tesco.com/groceries/en-GB/products/307741344,1687616011.217344,"['£2.30', '£9.20/kg']",2.3,£9.20/kg
10960,Schwartz Signature Beef Gravy 155G,https://www.tesco.com/groceries/en-GB/products/312986847,1687616011.285741,"['£2.75', '£1.77/100g']",2.75,£1.77/100g
10961,Al'fez Falafel 150G,https://www.tesco.com/groceries/en-GB/products/255776883,1687616011.3557749,"['£1.90', '£1.27/100g']",1.9,£1.27/100g
10962,Doves Farm Organic Brown Rice Flour 290G,https://www.tesco.com/groceries/en-GB/products/309457159,1687616011.42658,"['£2.00', '£6.90/kg']",2.0,£6.90/kg
10963,Baxters Veggie Goodness Thai Vegetable Soup 400G,https://www.tesco.com/groceries/en-GB/products/305836938,1687616011.493222,"['£2.00', '£0.50/100g']",2.0,£0.50/100g
10964,Natco Mung Beans 1Kg,https://www.tesco.com/groceries/en-GB/products/287651242,1687616011.561899,"['£2.45', '£2.45/kg']",2.45,£2.45/kg
10965,Forest Feast Honey & Salt Peanuts & Cashews 120G,https://www.tesco.com/groceries/en-GB/products/306802211,1687616011.6287649,"['£3.20', '£26.67/kg']",3.2,£26.67/kg
10966,Tesco Mild Curry Powder 80G,https://www.tesco.com/groceries/en-GB/products/255770060,1687616011.7171829,"['£1.30', '£16.25/kg']",1.3,£16.25/kg
10967,Ashoka Mango Pickle Mild 500G,https://www.tesco.com/groceries/en-GB/products/275457107,1687616011.783471,"['£2.00', '£0.40/100g']",2.0,£0.40/100g
10968,Reds Unholy Bbq Sauce 320G,https://www.tesco.com/groceries/en-GB/products/292275452,1687616011.84999,"['£2.25', '£0.70/100g']",2.25,£0.70/100g
10969,Ayam Malay Satay Sauce 220G,https://www.tesco.com/groceries/en-GB/products/301511874,1687616011.938561,"['£1.85', '£0.84/100g']",1.85,£0.84/100g
10970,Princes Mackerel Fillets Indian Style Coconut Curry 125G,https://www.tesco.com/groceries/en-GB/products/312851362,1687616012.0082188,"['£1.60', '£1.28/100g']",1.6,£1.28/100g
10971,Cadbury Nuttier Cranberry & Almond Milk Chocolate Bar 3X40g,https://www.tesco.com/groceries/en-GB/products/310666757,1687616012.0862951,"['£2.00', '£1.67/100g']",2.0,£1.67/100g
10972,Tesco Cheese Scone Mix 300G,https://www.tesco.com/groceries/en-GB/products/309175249,1687616012.215529,"['£1.70', '£5.67/kg']",1.7,£5.67/kg
10973,Bolands Jam Mallows 250G,https://www.tesco.com/groceries/en-GB/products/272322934,1687616012.283732,"['£1.90', '£0.76/100g']",1.9,£0.76/100g
10974,Stag Lager Beer 275Ml,https://www.tesco.com/groceries/en-GB/products/293332533,1687616012.3623822,"['£1.40', '£5.09/litre']",1.4,£5.09/litre
10975,Tabasco Hot Habanero Sauce 60Ml,https://www.tesco.com/groceries/en-GB/products/251195390,1687616012.4838998,"['£1.99', '£3.32/100ml']",1.99,£3.32/100ml
10976,Royal Chicken & Mushroom Pasta 400G,https://www.tesco.com/groceries/en-GB/products/287319562,1687616012.556569,"['£3.25', '£0.81/100g']",3.25,£0.81/100g
10977,Cofresh Cheese & Onion Flavour Potato Grills 80G,https://www.tesco.com/groceries/en-GB/products/287569515,1687616012.645975,"['£0.70', '£0.88/100g']",0.7,£0.88/100g
10978,Kit Kat Chunky Caramel 43.5G,https://www.tesco.com/groceries/en-GB/products/311791819,1687616012.713912,"['£0.70', '£1.61/100g']",0.7,£1.61/100g
10979,Tesco Grapefruit Segments 4X120g,https://www.tesco.com/groceries/en-GB/products/260876626,1687616012.831157,"['£1.75', '£0.62/100g DR.WT']",1.75,£0.62/100g DR.WT
10980,Tesco Habanero Chilli Flakes 25G,https://www.tesco.com/groceries/en-GB/products/304385401,1687616012.901016,"['£0.90', '£0.36/10g']",0.9,£0.36/10g
10981,Ktc Olive Pomace Oil 5 Litres,https://www.tesco.com/groceries/en-GB/products/267792286,1687616012.97054,"['£16.75', '£0.34/100ml']",16.75,£0.34/100ml
10982,Tesco Baking Sheet,https://www.tesco.com/groceries/en-GB/products/309629423,1687616013.0384068,"['£4.50', '£4.50/each']",4.5,£4.50/each
10983,Tesco Organic Mixed Nuts 250G,https://www.tesco.com/groceries/en-GB/products/309467084,1687616013.106606,"['£4.75', '£19.00/kg']",4.75,£19.00/kg
10984,Belazu Antipasti Roasted Pepper Tapenade 165G,https://www.tesco.com/groceries/en-GB/products/304785319,1687616019.3018072,"['£3.60', '£2.18/100g']",3.6,£2.18/100g
10985,Linwoods Flax Seeds Biological Cultures & Vitamin D 200G,https://www.tesco.com/groceries/en-GB/products/295870537,1687616019.442017,"['£4.20', '£21.00/kg']",4.2,£21.00/kg
10986,Olivio Oil 1 Litre,https://www.tesco.com/groceries/en-GB/products/285725121,1687616019.514744,"['£4.50', '£0.45/100ml']",4.5,£0.45/100ml
10987,Cake Decor Gold Glitter Spray 4G,https://www.tesco.com/groceries/en-GB/products/295375536,1687616019.621569,"['£3.60', '£90.00/100g']",3.6,£90.00/100g
10988,Kikkoman Teriyaki Sauce & Garlic 250Ml,https://www.tesco.com/groceries/en-GB/products/303630689,1687616019.700288,"['£3.25', '£1.30/100ml']",3.25,£1.30/100ml
10989,Billingtons Molasses Sugar 500G,https://www.tesco.com/groceries/en-GB/products/256020457,1687616019.769003,"['£2.05', '£4.10/kg']",2.05,£4.10/kg
10990,Matthews Flour Premium White Strong Flour 1.5Kg,https://www.tesco.com/groceries/en-GB/products/309479006,1687616019.843037,"['£2.50', '£1.67/kg']",2.5,£1.67/kg
10991,Juvela Gluten Free Fresh White Loaf 400G,https://www.tesco.com/groceries/en-GB/products/297747347,1687616019.918986,"['£2.95', '£0.74/100g']",2.95,£0.74/100g
10992,Pulsin High Fibre Brownie Hazelnut 4X35g,https://www.tesco.com/groceries/en-GB/products/309185289,1687616020.003455,"['£2.50', '£1.79/100g']",2.5,£1.79/100g
10993,Betty Crocker Party Rainbow Cake Mix 425G,https://www.tesco.com/groceries/en-GB/products/302175859,1687616020.089174,"['£3.00', '£7.06/kg']",3.0,£7.06/kg
10994,Schwartz Fish Seasoning 55G,https://www.tesco.com/groceries/en-GB/products/257522449,1687616020.1921659,"['£2.00', '£36.36/kg']",2.0,£36.36/kg
10995,Haribo Fruitilicious Multipacks 320G,https://www.tesco.com/groceries/en-GB/products/303668368,1687616020.300756,"['£3.00', '£0.94/100g']",3.0,£0.94/100g
10996,Tesco Basil Pesto Cremoso 190G,https://www.tesco.com/groceries/en-GB/products/305253959,1687616020.4251149,"['£2.10', '£1.10/100g']",2.1,£1.10/100g
10997,Hollys Food Emporium West Country Oat Biscuits 100G,https://www.tesco.com/groceries/en-GB/products/312090150,1687616020.4977422,"['£1.70', '£1.70/100g']",1.7,£1.70/100g
10998,Street Kitchen Japan Teriyaki Meal Kit 255G,https://www.tesco.com/groceries/en-GB/products/296829074,1687616020.5644412,"['£3.15', '£12.35/kg']",3.15,£12.35/kg
10999,Tymbark Apple & Mint Nectar Drink 2L,https://www.tesco.com/groceries/en-GB/products/260861469,1687616020.6299431,"['£2.55', '£0.13/100ml']",2.55,£0.13/100ml
11000,Kings Wagyu Beef Jerky 45G,https://www.tesco.com/groceries/en-GB/products/312366821,1687616020.694921,"['£3.00', '£66.67/kg']",3.0,£66.67/kg
11001,Kulfi Ice Original Malai Kulfi Ice Cream 4S 280Ml,https://www.tesco.com/groceries/en-GB/products/275065801,1687616020.760182,"['£3.00', '£1.07/100ml']",3.0,£1.07/100ml
11002,Tesco Free From 14 Brownie Mini Bites,https://www.tesco.com/groceries/en-GB/products/308838131,1687616020.82675,"['£2.90', '£0.21/each']",2.9,£0.21/each
11003,Tesco Chocolate Shimmer Pearls 45G,https://www.tesco.com/groceries/en-GB/products/309473813,1687616020.892102,"['£1.80', '£4.00/100g']",1.8,£4.00/100g
11004,Tesco Free From Flapjack Bites 20 Pack,https://www.tesco.com/groceries/en-GB/products/308456634,1687616020.9589639,"['£2.90', '£0.14/each']",2.9,£0.14/each
11005,Tesco Free From 2 Cheese Twists,https://www.tesco.com/groceries/en-GB/products/308109849,1687616021.035056,"['£2.75', '£1.38/each']",2.75,£1.38/each
11006,Natco Chick Peas 1Kg,https://www.tesco.com/groceries/en-GB/products/287651112,1687616021.110518,"['£2.45', '£2.45/kg']",2.45,£2.45/kg
11007,Tilda Super Grains Coconut 220G,https://www.tesco.com/groceries/en-GB/products/297862544,1687616021.177824,"['£2.00', '£9.09/kg']",2.0,£9.09/kg
11008,Whitworths Chopped Apricots 140G,https://www.tesco.com/groceries/en-GB/products/286783372,1687616021.245802,"['£2.00', '£14.29/kg']",2.0,£14.29/kg
11009,Moo Free Cocoa Baking Drops 100G,https://www.tesco.com/groceries/en-GB/products/307143257,1687616021.337085,"['£1.80', '£1.80/100g']",1.8,£1.80/100g
11010,Barenaked Rice 380G,https://www.tesco.com/groceries/en-GB/products/303272093,1687616021.4056928,"['£2.00', '£8.00/kg DR.WT']",2.0,£8.00/kg DR.WT
11011,Well&Truly Crunchy Smokey Paprika 100G,https://www.tesco.com/groceries/en-GB/products/302306943,1687616021.4721448,"['£2.10', '£2.10/100g']",2.1,£2.10/100g
11012,Laila Chilli & Garlic Sauce 1 Litre,https://www.tesco.com/groceries/en-GB/products/292944064,1687616021.5479538,"['£1.70', '£0.17/100ml']",1.7,£0.17/100ml
11013,Jamie Oliver Korma Curry Paste 180G,https://www.tesco.com/groceries/en-GB/products/309191478,1687616021.618897,"['£2.20', '£1.22/100g']",2.2,£1.22/100g
11014,Carousel Oyster Delights 6S,https://www.tesco.com/groceries/en-GB/products/282011636,1687616021.708833,"['£2.00', '£0.33/each']",2.0,£0.33/each
11015,Dawtona Pepper Quarters 500G,https://www.tesco.com/groceries/en-GB/products/305523151,1687616021.776156,"['£1.25', '£0.54/100g DR.WT']",1.25,£0.54/100g DR.WT
11016,Cake Decor Edible Glue 15G,https://www.tesco.com/groceries/en-GB/products/304370977,1687616021.8427331,"['£1.00', '£6.67/100g']",1.0,£6.67/100g
11017,Ashoka Delhi Dal Makhani 280G,https://www.tesco.com/groceries/en-GB/products/284127992,1687616021.911476,"['£1.70', '£0.61/100g']",1.7,£0.61/100g
11018,Wicked Kitchen Mac & Peas 80G 80G,https://www.tesco.com/groceries/en-GB/products/307363181,1687616021.981487,"['£1.30', '£16.25/kg']",1.3,£16.25/kg
11019,Wicked Kitchen Sweet Potato & Chilli Mac 80G,https://www.tesco.com/groceries/en-GB/products/304393184,1687616022.0916202,"['£1.30', '£16.25/kg']",1.3,£16.25/kg
11020,Mars Triple Treat Fruit Nut & Chocolate Bar 40G,https://www.tesco.com/groceries/en-GB/products/311420908,1687616022.158231,"['£0.65', '£1.62/100g']",0.65,£1.62/100g
11021,Naturya Organic Cacao Nibs 125G,https://www.tesco.com/groceries/en-GB/products/301956791,1687616022.273227,"['£4.00', '£32.00/kg']",4.0,£32.00/kg
11022,Tesco Organic Sultanas 375G,https://www.tesco.com/groceries/en-GB/products/309191386,1687616022.364008,"['£2.90', '£7.73/kg']",2.9,£7.73/kg
11023,Maggi Coconut Milk Powder 300G,https://www.tesco.com/groceries/en-GB/products/268726658,1687616022.478697,"['£4.40', '£14.67/kg']",4.4,£14.67/kg
11024,Doves Farm Organic Wholemeal 1Kg Buckwheat Flour,https://www.tesco.com/groceries/en-GB/products/304789782,1687616022.553429,"['£3.80', '£3.80/kg']",3.8,£3.80/kg
11025,Doves Farm Organic Malthouse Flour Bread 1Kg,https://www.tesco.com/groceries/en-GB/products/309159649,1687616022.630697,"['£2.60', '£2.60/kg']",2.6,£2.60/kg
11026,Eat Natural Gluten Free Ancient Grains Muesli 450G,https://www.tesco.com/groceries/en-GB/products/305250980,1687616022.698634,"['£3.35', '£0.74/100g']",3.35,£0.74/100g
11027,Dr Oetker Chocolatey Sprinkle Mix 93G,https://www.tesco.com/groceries/en-GB/products/309786898,1687616022.770667,"['£2.30', '£2.47/100g']",2.3,£2.47/100g
11028,John West On The Go Moroccan Style Tuna Salad 220G,https://www.tesco.com/groceries/en-GB/products/311779449,1687616022.8356988,"['£2.60', '£11.82/kg']",2.6,£11.82/kg
11029,Mentos Gum Pure Fresh Bubblefresh 50Pc 97G,https://www.tesco.com/groceries/en-GB/products/309474766,1687616022.908264,"['£2.80', '£2.89/100g']",2.8,£2.89/100g
11030,Tabasco Sriracha Sauce 256Ml,https://www.tesco.com/groceries/en-GB/products/305986587,1687616022.975586,"['£3.15', '£1.23/100ml']",3.15,£1.23/100ml
11031,Tesco Finest Berry & Cherry Museli 500G,https://www.tesco.com/groceries/en-GB/products/307761654,1687616023.048067,"['£2.80', '£0.56/100g']",2.8,£0.56/100g
11032,Street Kitchen Malaysian Satay Chicken Meal Kit 255G,https://www.tesco.com/groceries/en-GB/products/296829039,1687616028.377533,"['£3.15', '£12.35/kg']",3.15,£12.35/kg
11033,Lee Kum Kee Premium Oyster Sauce 255G,https://www.tesco.com/groceries/en-GB/products/276786384,1687616028.6309068,"['£3.05', '£1.20/100g']",3.05,£1.20/100g
11034,Sharwoods Madras Sauce 420G,https://www.tesco.com/groceries/en-GB/products/252583211,1687616028.702503,"['£2.80', '£0.67/100g']",2.8,£0.67/100g
11035,Maggi Tomato Ketchup 400G,https://www.tesco.com/groceries/en-GB/products/302308808,1687616028.770994,"['£2.20', '£0.55/100g']",2.2,£0.55/100g
11036,East End Black Cardamoms 75G,https://www.tesco.com/groceries/en-GB/products/259685713,1687616028.839398,"['£3.45', '£0.46/10g']",3.45,£0.46/10g
11038,Urban Fruit Gently Baked Blueberries 75G,https://www.tesco.com/groceries/en-GB/products/312345783,1687616028.980165,"['£2.60', '£34.67/kg']",2.6,£34.67/kg
11039,Create A Cake Pastel Muffin Cases 100,https://www.tesco.com/groceries/en-GB/products/309785869,1687616029.07391,"['£1.90', '£0.02/each']",1.9,£0.02/each
11040,East End Cumin Whole 300G,https://www.tesco.com/groceries/en-GB/products/297489986,1687616029.151625,"['£2.35', '£0.08/10g']",2.35,£0.08/10g
11041,Fragata Stoneless Olives Piquillo Pepper 350G,https://www.tesco.com/groceries/en-GB/products/307736079,1687616029.2206469,"['£2.00', '£1.33/100g DR.WT']",2.0,£1.33/100g DR.WT
11042,Wright's Baking Orange Cake Mix 500G,https://www.tesco.com/groceries/en-GB/products/304395055,1687616029.317763,"['£2.40', '£4.80/kg']",2.4,£4.80/kg
11043,Wright's Baking Toffee Cake Mix 500G,https://www.tesco.com/groceries/en-GB/products/304405569,1687616029.386888,"['£2.40', '£4.80/kg']",2.4,£4.80/kg
11044,Maggi Seasoning Tablette 600G,https://www.tesco.com/groceries/en-GB/products/305944384,1687616029.4568682,"['£3.00', '£0.50/100g']",3.0,£0.50/100g
11045,Sosu Korean Gochujang Cooking Paste 90Ml,https://www.tesco.com/groceries/en-GB/products/313179592,1687616029.52444,"['£2.65', '£2.94/100ml']",2.65,£2.94/100ml
11046,Frank's Red Hot Fire-Roasted Jalapeno Hot Sauce 135Ml,https://www.tesco.com/groceries/en-GB/products/310126199,1687616029.599336,"['£2.20', '£16.30/litre']",2.2,£16.30/litre
11047,Tymbark Cactus 1 Litre,https://www.tesco.com/groceries/en-GB/products/271639054,1687616029.69033,"['£1.55', '£0.16/100ml']",1.55,£0.16/100ml
11048,Jamie Oliver Madras Curry Paste 180G,https://www.tesco.com/groceries/en-GB/products/309492577,1687616029.758199,"['£2.20', '£1.22/100g']",2.2,£1.22/100g
11049,East End Very Hot Green Chilli Sauce 260G,https://www.tesco.com/groceries/en-GB/products/261162264,1687616029.8480918,"['£1.45', '£0.56/100g']",1.45,£0.56/100g
11050,Jutrzenka Jezyki Classic Biscuits 140G,https://www.tesco.com/groceries/en-GB/products/262105049,1687616029.914827,"['£1.45', '£1.04/100g']",1.45,£1.04/100g
11051,Bepps Popped Chickpea Snacks Salt & Pepper 70G,https://www.tesco.com/groceries/en-GB/products/307337777,1687616029.984908,"['£1.80', '£2.57/100g']",1.8,£2.57/100g
11052,Kind Protein Dark Chocolate Nut Bar 50G,https://www.tesco.com/groceries/en-GB/products/306933263,1687616030.079605,"['£1.90', '£3.80/100g']",1.9,£3.80/100g
11053,Dr.Oetker Egg White Powder Multipack Sachet 4X5g,https://www.tesco.com/groceries/en-GB/products/278837857,1687616030.1910431,"['£1.20', '£6.00/100g']",1.2,£6.00/100g
11054,Tesco Free From Piri Piri Mayonnaise 250Ml,https://www.tesco.com/groceries/en-GB/products/311212867,1687616030.287758,"['£1.00', '£0.40/100ml']",1.0,£0.40/100ml
11055,Tic Tac Sugar Free Fresh Cool Cherry 16.4G,https://www.tesco.com/groceries/en-GB/products/311959951,1687616030.354424,"['£1.00', '£6.10/100g']",1.0,£6.10/100g
11056,Bear Pure Fruit Yoyos Mango 20G,https://www.tesco.com/groceries/en-GB/products/279344424,1687616030.465549,"['£0.60', '£3.00/100g']",0.6,£3.00/100g
11057,Naturya Organic Cacao Powder Fair Trade 250G,https://www.tesco.com/groceries/en-GB/products/301956733,1687616030.5847418,"['£6.50', '£26.00/kg']",6.5,£26.00/kg
11058,Tesco Free From Vanilla Tray Bake,https://www.tesco.com/groceries/en-GB/products/304379680,1687616030.674282,"['£5.00', '£5.00/each']",5.0,£5.00/each
11059,Tesco Grapeseed Oil 500Ml,https://www.tesco.com/groceries/en-GB/products/287231615,1687616030.742548,"['£4.05', '£0.81/100ml']",4.05,£0.81/100ml
11060,Tesco Organic Desiccated Coconut 200G,https://www.tesco.com/groceries/en-GB/products/309498529,1687616030.809102,"['£2.35', '£11.75/kg']",2.35,£11.75/kg
11061,San Miguel Gluten Free Beer 4 X 330Ml,https://www.tesco.com/groceries/en-GB/products/307340703,1687616030.87565,"['£6.30', '£4.77/litre']",6.3,£4.77/litre
11062,Cake Decor Silver Glitter Spray 4G,https://www.tesco.com/groceries/en-GB/products/295375559,1687616030.9420118,"['£3.60', '£90.00/100g']",3.6,£90.00/100g
11063,Tesco Finest Karahi Curry Sauce 340G,https://www.tesco.com/groceries/en-GB/products/311273713,1687616031.012753,"['£2.50', '£0.74/100g']",2.5,£0.74/100g
11064,Urban Fruit Coconut Chips Up 4 Pack 72G,https://www.tesco.com/groceries/en-GB/products/297754459,1687616031.0784059,"['£3.05', '£4.24/100g']",3.05,£4.24/100g
11065,Tesco Loaf Tin 2Lb,https://www.tesco.com/groceries/en-GB/products/309629383,1687616031.144158,"['£2.50', '£2.50/each']",2.5,£2.50/each
11066,Ocean's Halo Organic Ramen Broth 946Ml,https://www.tesco.com/groceries/en-GB/products/303870272,1687616031.2108002,"['£3.80', '£0.40/100ml']",3.8,£0.40/100ml
11068,Dr.Will's Sweet Chilli Sauce 50% Less Sugar 270G,https://www.tesco.com/groceries/en-GB/products/311214827,1687616031.389664,"['£3.00', '£1.11/100g']",3.0,£1.11/100g
11069,Sci-Mx Double Chocolate Protein Cookie 75G,https://www.tesco.com/groceries/en-GB/products/282615279,1687616031.456225,"['£2.00', '£2.67/100g']",2.0,£2.67/100g
11070,Whole Earth Drizzler Golden Roasted Peanut Butter 320G,https://www.tesco.com/groceries/en-GB/products/310655252,1687616031.5746508,"['£3.30', '£1.03/100g']",3.3,£1.03/100g
11071,Paw Patrol Cupcake Mix 183G,https://www.tesco.com/groceries/en-GB/products/293105906,1687616031.671227,"['£2.25', '£1.23/100g']",2.25,£1.23/100g
11072,Trek Energy Cocoa Chaos Multipack 3X55g,https://www.tesco.com/groceries/en-GB/products/293199949,1687616031.741025,"['£3.00', '£1.82/100g']",3.0,£1.82/100g
11073,Hellmann's Squeezy Cheese Sauce 250G,https://www.tesco.com/groceries/en-GB/products/309485809,1687616031.809543,"['£2.60', '£1.04/100g']",2.6,£1.04/100g
11074,Spichlerz Dish Of Meat Au Jus 280G,https://www.tesco.com/groceries/en-GB/products/305437760,1687616031.8749702,"['£2.45', '£0.88/100g']",2.45,£0.88/100g
11075,Lee Kum Kee Wok Sesame Oil 207Ml,https://www.tesco.com/groceries/en-GB/products/303888021,1687616031.946846,"['£2.40', '£1.16/100ml']",2.4,£1.16/100ml
11076,Riso. Scotti Buona Idea Risotto Mushroom 210G,https://www.tesco.com/groceries/en-GB/products/311435396,1687616032.012767,"['£2.35', '£11.19/kg']",2.35,£11.19/kg
11077,Nandos Peri Peri Quick Marinade Hot 260G,https://www.tesco.com/groceries/en-GB/products/308839717,1687616032.087878,"['£2.50', '£0.96/100g']",2.5,£0.96/100g
11078,Dr. Oetker Extra Strong Orange Food Food Gel 15G,https://www.tesco.com/groceries/en-GB/products/297357060,1687616032.153147,"['£1.50', '£1.00/10g']",1.5,£1.00/10g
11079,Zanae Giant Beans In Tomato Sauce 280G,https://www.tesco.com/groceries/en-GB/products/279856464,1687616032.220408,"['£1.85', '£6.61/kg']",1.85,£6.61/kg
11080,Quaker Vibrant Oats Forest Fruits Porridge 236G,https://www.tesco.com/groceries/en-GB/products/309479093,1687616038.831546,"['£3.00', '£1.27/100g']",3.0,£1.27/100g
11081,Funktional Foods Vegan Protein Blend Vanilla 100G,https://www.tesco.com/groceries/en-GB/products/307139303,1687616038.946041,"['£3.15', '£31.50/kg']",3.15,£31.50/kg
11082,Tesco Smoky Butternut & Bean Casserole 392G,https://www.tesco.com/groceries/en-GB/products/312211262,1687616039.0994382,"['£1.75', '£4.46/kg']",1.75,£4.46/kg
11083,Jamie Oliver Keralan Inspired Curry Paste 180G,https://www.tesco.com/groceries/en-GB/products/309466442,1687616039.169812,"['£2.20', '£1.22/100g']",2.2,£1.22/100g
11084,Wicked Kitchen Salted Caramel Chocolate Bar 150G,https://www.tesco.com/groceries/en-GB/products/310664949,1687616039.263274,"['£2.20', '£1.47/100g']",2.2,£1.47/100g
11085,Kohinoor Lucknowi Adraki Bhuna Sauce 375G,https://www.tesco.com/groceries/en-GB/products/293258166,1687616039.332211,"['£1.95', '£0.52/100g']",1.95,£0.52/100g
11086,Wicked Kitchen Pepper & Smoked Sage Stuffing 130G,https://www.tesco.com/groceries/en-GB/products/307153971,1687616039.404642,"['£1.50', '£11.54/kg']",1.5,£11.54/kg
11087,Eat Natural Raw Fruit & Nut Bar Hazelnut Dates Peanut 45G,https://www.tesco.com/groceries/en-GB/products/310670734,1687616039.47167,"['£1.10', '£2.44/100g']",1.1,£2.44/100g
11088,Rajah Chaat Masala 80G,https://www.tesco.com/groceries/en-GB/products/302304692,1687616039.547353,"['£1.05', '£0.13/10g']",1.05,£0.13/10g
11089,Kind Maple Pecan & Almond Bars 3X30g,https://www.tesco.com/groceries/en-GB/products/311273206,1687616039.613464,"['£3.00', '£3.33/100g']",3.0,£3.33/100g
11090,Bin Bin Original Rice Crackers 150G,https://www.tesco.com/groceries/en-GB/products/273028193,1687616039.7057369,"['£2.00', '£1.33/100g']",2.0,£1.33/100g
11091,Tic Tac Sugar Free Fresh Grapefruit Mint 16.4G,https://www.tesco.com/groceries/en-GB/products/311804979,1687616039.794722,"['£1.00', '£6.10/100g']",1.0,£6.10/100g
11092,Ashoka Punjabi Choley 280G,https://www.tesco.com/groceries/en-GB/products/284128271,1687616039.908882,"['£1.70', '£0.61/100g']",1.7,£0.61/100g
11093,Walkers Max Strong Hot Sauce Blaze Crisps 50G,https://www.tesco.com/groceries/en-GB/products/312107196,1687616039.978266,"['£0.95', '£1.90/100g']",0.95,£1.90/100g
11094,Royal Halal Chilli Chicken With Egg Fried Rice 400G,https://www.tesco.com/groceries/en-GB/products/305971132,1687616040.097019,"['£3.25', '£0.81/100g']",3.25,£0.81/100g
11095,Ktc Blended Olive Pomace Oil 5Ltr,https://www.tesco.com/groceries/en-GB/products/259656466,1687616040.19035,"['£16.75', '£0.34/100ml']",16.75,£0.34/100ml
11096,Linwoods Organic Milled Hemp Flax & Chia Seeds 200G,https://www.tesco.com/groceries/en-GB/products/307159262,1687616040.26282,"['£4.00', '£20.00/kg']",4.0,£20.00/kg
11097,Cawoods Jumbo Salted Cod Cutlets 350G,https://www.tesco.com/groceries/en-GB/products/271832171,1687616040.3306549,"['£5.25', '£1.50/100g']",5.25,£1.50/100g
11098,Crisp & Dry Rapesed Spray Oil 200Ml,https://www.tesco.com/groceries/en-GB/products/313006659,1687616040.4352481,"['£3.15', '£1.58/100ml']",3.15,£1.58/100ml
11099,Blue Dragon Satay Noodle Meal Kit 230G,https://www.tesco.com/groceries/en-GB/products/306657209,1687616040.5077639,"['£3.10', '£13.48/kg']",3.1,£13.48/kg
11100,Kingfisher Dried Shiitake Mushrooms 40G,https://www.tesco.com/groceries/en-GB/products/303646763,1687616040.577474,"['£3.00', '£7.50/100g']",3.0,£7.50/100g
11101,Spoon Cereals Cinnamon & Pecan Granola 400G,https://www.tesco.com/groceries/en-GB/products/312084667,1687616040.6450639,"['£4.20', '£1.05/100g']",4.2,£1.05/100g
11102,The Spice Tailor Hyderabad Biryani 360G,https://www.tesco.com/groceries/en-GB/products/311270912,1687616040.720124,"['£3.75', '£10.42/kg']",3.75,£10.42/kg
11103,Nando's Peri Peri Wrap Kit Medium 261G,https://www.tesco.com/groceries/en-GB/products/308831933,1687616040.810004,"['£3.30', '£1.26/100g']",3.3,£1.26/100g
11104,Dr Oetker Bright & Bold Sprinkles Mix 109G,https://www.tesco.com/groceries/en-GB/products/309787769,1687616040.880415,"['£2.30', '£2.11/100g']",2.3,£2.11/100g
11105,Crespo Pitted Dry Black Olives 110G,https://www.tesco.com/groceries/en-GB/products/262366471,1687616040.9494982,"['£2.20', '£2.00/100g']",2.2,£2.00/100g
11106,Knorr Organic Beef Stock Pot 4X26g,https://www.tesco.com/groceries/en-GB/products/301611744,1687616041.025281,"['£2.25', '£2.16/100g']",2.25,£2.16/100g
11107,Jamie Oliver Curried Chickpeas 250G,https://www.tesco.com/groceries/en-GB/products/280965846,1687616041.096241,"['£2.35', '£9.40/kg']",2.35,£9.40/kg
11108,Miso Tasty Red Miso Soybean Paste 110G,https://www.tesco.com/groceries/en-GB/products/312992943,1687616041.165335,"['£2.60', '£2.36/100g']",2.6,£2.36/100g
11109,Schar Grissini 150G,https://www.tesco.com/groceries/en-GB/products/275560733,1687616041.230925,"['£2.60', '£17.33/kg']",2.6,£17.33/kg
11110,Betty Crocker Carrot Cake Mix 425G,https://www.tesco.com/groceries/en-GB/products/289585112,1687616041.297715,"['£3.00', '£0.71/100g']",3.0,£0.71/100g
11111,Dawtona Dinner Salad 500G,https://www.tesco.com/groceries/en-GB/products/309203593,1687616041.385233,"['£1.75', '£0.70/100g DR.WT']",1.75,£0.70/100g DR.WT
11112,Street Kitchen Kung Pao Chicken Meal Kit 255G,https://www.tesco.com/groceries/en-GB/products/296829114,1687616041.4568162,"['£3.15', '£12.35/kg']",3.15,£12.35/kg
11113,East End Fenugreek Seeds 300G,https://www.tesco.com/groceries/en-GB/products/297490027,1687616041.578239,"['£2.10', '£0.07/10g']",2.1,£0.07/10g
11114,Nando's Extra Extra Hot Peri- Peri Sauce 125G,https://www.tesco.com/groceries/en-GB/products/264466656,1687616041.6445749,"['£2.25', '£1.80/100g']",2.25,£1.80/100g
11115,Urban Fruit Gently/Gentle Baked Mango & Passion Fruit 85G,https://www.tesco.com/groceries/en-GB/products/307151846,1687616041.717129,"['£2.60', '£30.59/kg']",2.6,£30.59/kg
11116,Ben's Plant Powered Spicy Lentil Stew 285G,https://www.tesco.com/groceries/en-GB/products/311787422,1687616041.807466,"['£2.50', '£8.77/kg']",2.5,£8.77/kg
11117,Dr. Oetker Extra Strong Black Food Colour Gel 15G,https://www.tesco.com/groceries/en-GB/products/297357025,1687616041.875328,"['£1.50', '£1.00/10g']",1.5,£1.00/10g
11118,Passage To Asia Teriyaki Chicken Stir Fry Sauce 200G,https://www.tesco.com/groceries/en-GB/products/301372899,1687616041.954067,"['£2.30', '£1.15/100g']",2.3,£1.15/100g
11119,Bisto Spicy Pepper Sauce Pots 2 X 90G,https://www.tesco.com/groceries/en-GB/products/310125678,1687616042.027251,"['£2.50', '£1.39/100g']",2.5,£1.39/100g
11120,Tiger Tiger Pork Luncheon Meat 340G,https://www.tesco.com/groceries/en-GB/products/309205280,1687616042.09566,"['£2.35', '£0.69/100g']",2.35,£0.69/100g
11121,East End Mango Mint Sauce 260G,https://www.tesco.com/groceries/en-GB/products/261161392,1687616042.164487,"['£1.60', '£0.62/100g']",1.6,£0.62/100g
11122,Tesco Currants 1Kg,https://www.tesco.com/groceries/en-GB/products/254915312,1687616042.2309499,"['£2.45', '£2.45/kg']",2.45,£2.45/kg
11123,Old El Paso Mild Fajita Melt Kit 385G,https://www.tesco.com/groceries/en-GB/products/309184182,1687616042.31258,"['£2.49', '£6.47/kg']",2.49,£6.47/kg
11124,Tesco Primary Blue Ready To Roll Icing 250G,https://www.tesco.com/groceries/en-GB/products/293061732,1687616042.382198,"['£1.80', '£0.72/100g']",1.8,£0.72/100g
11125,Flower & White Strawberry & Banana Smoothie Bar 35G,https://www.tesco.com/groceries/en-GB/products/312094399,1687616042.459195,"['£1.30', '£3.71/100g']",1.3,£3.71/100g
11126,Flower & White Mango Passion Fruit Smoothie Mallow Bar 35G,https://www.tesco.com/groceries/en-GB/products/311945564,1687616042.526861,"['£1.30', '£3.71/100g']",1.3,£3.71/100g
11127,Nando's Coat & Cook Hot 120G,https://www.tesco.com/groceries/en-GB/products/284195800,1687616042.5959659,"['£1.00', '£0.83/100g']",1.0,£0.83/100g
11128,Dr.Oetker Vege-Gel Sachets 19.5G,https://www.tesco.com/groceries/en-GB/products/282996040,1687616048.913834,"['£1.40', '£7.18/100g']",1.4,£7.18/100g
11129,Bepps Popped Chickpea Snacks Barbecue 70G,https://www.tesco.com/groceries/en-GB/products/307142120,1687616048.9908311,"['£1.80', '£2.57/100g']",1.8,£2.57/100g
11130,Snickers Triple Treat Fruit Nut & Chocolate Bar 40G,https://www.tesco.com/groceries/en-GB/products/311797646,1687616049.087085,"['£0.65', '£1.62/100g']",0.65,£1.62/100g
11131,Filippo Berio Mild & Light Olive Oil 1Ltr,https://www.tesco.com/groceries/en-GB/products/256692951,1687616049.200693,"['£10.40', '£1.04/100ml']",10.4,£1.04/100ml
11132,Kikkoman Less Salt Soy Sauce 500Ml,https://www.tesco.com/groceries/en-GB/products/303870099,1687616049.2676868,"['£6.90', '£1.38/100ml']",6.9,£1.38/100ml
11133,Lindt Nuxor Dark 165G,https://www.tesco.com/groceries/en-GB/products/304554455,1687616049.341011,"['£7.00', '£4.24/100g']",7.0,£4.24/100g
11134,Pure Via 100% Erythritol Nature Sweet 250G,https://www.tesco.com/groceries/en-GB/products/305438459,1687616049.439285,"['£3.35', '£13.40/kg']",3.35,£13.40/kg
11135,Rude Health Fruity Date Porridge 400G,https://www.tesco.com/groceries/en-GB/products/311959784,1687616049.5110762,"['£2.95', '£0.74/100g']",2.95,£0.74/100g
11136,Tesco Finest Vindaloo Curry Sauce 340G,https://www.tesco.com/groceries/en-GB/products/311251031,1687616049.5781791,"['£2.50', '£0.74/100g']",2.5,£0.74/100g
11137,Cadbury Chocolate Brownie Mix 350G,https://www.tesco.com/groceries/en-GB/products/304414345,1687616049.652577,"['£3.00', '£8.57/kg']",3.0,£8.57/kg
11138,The Spice Tailor Punjabi Tomato Curry 300G,https://www.tesco.com/groceries/en-GB/products/282843008,1687616049.726357,"['£3.75', '£12.50/kg']",3.75,£12.50/kg
11139,Guinness Cooking Paste 200G,https://www.tesco.com/groceries/en-GB/products/309487152,1687616049.815028,"['£3.15', '£0.16/10g']",3.15,£0.16/10g
11140,Tarczynski Geesowska Polish Sausages 300G,https://www.tesco.com/groceries/en-GB/products/288577193,1687616049.886544,"['£3.35', '£1.12/100g']",3.35,£1.12/100g
11141,Krakus Golonka Canned Cured Pork Meat 300G,https://www.tesco.com/groceries/en-GB/products/309205889,1687616049.9578362,"['£2.50', '£0.83/100g']",2.5,£0.83/100g
11142,Princes Wild Pacific Pink Salmon 213G,https://www.tesco.com/groceries/en-GB/products/268285551,1687616050.024287,"['£3.15', '£1.48/100g']",3.15,£1.48/100g
11143,Tesco Garlic Lovers Pepper Grinder 40G,https://www.tesco.com/groceries/en-GB/products/255920494,1687616050.092374,"['£2.30', '£57.50/kg']",2.3,£57.50/kg
11144,Tesco Lemon Drizzle Cake Kit 320G,https://www.tesco.com/groceries/en-GB/products/293103626,1687616050.160544,"['£2.30', '£0.72/100g']",2.3,£0.72/100g
11145,Pamapol Beans With Sausages In Tomato Sauce 500G,https://www.tesco.com/groceries/en-GB/products/265837111,1687616050.2342038,"['£1.95', '£3.90/kg']",1.95,£3.90/kg
11146,House Wasabi Paste 43G,https://www.tesco.com/groceries/en-GB/products/276785707,1687616050.3024929,"['£1.60', '£3.72/100g']",1.6,£3.72/100g
11147,Dr. Oetker Coloured Gel - Violet Extra Strong 15G,https://www.tesco.com/groceries/en-GB/products/297357002,1687616050.3735402,"['£1.50', '£1.00/10g']",1.5,£1.00/10g
11148,John West Skinless & Boneless Pink Salmon Fridge Pot 128G,https://www.tesco.com/groceries/en-GB/products/309489213,1687616050.440177,"['£2.50', '£24.51/kg DR.WT']",2.5,£24.51/kg DR.WT
11149,Alpen Chocolate Swiss Style Muesli 550G,https://www.tesco.com/groceries/en-GB/products/305943074,1687616050.541378,"['£2.70', '£0.49/100g']",2.7,£0.49/100g
11150,Cake Decor Choco Writer Milk Chocolate 80G,https://www.tesco.com/groceries/en-GB/products/295375571,1687616050.608501,"['£1.80', '£2.25/100g']",1.8,£2.25/100g
11151,Tesco Chilli Paste 90G,https://www.tesco.com/groceries/en-GB/products/278393177,1687616050.6846578,"['£1.50', '£16.67/kg']",1.5,£16.67/kg
11152,Old El Paso Gluten Free 518G Enchilada Kit,https://www.tesco.com/groceries/en-GB/products/305199919,1687616050.754841,"['£3.49', '£6.74/kg']",3.49,£6.74/kg
11153,Tesco Organic Whole Almonds 100G,https://www.tesco.com/groceries/en-GB/products/309171208,1687616050.825828,"['£2.10', '£21.00/kg']",2.1,£21.00/kg
11154,Tesco Walnut Oil 250Ml,https://www.tesco.com/groceries/en-GB/products/259028409,1687616050.8918982,"['£2.00', '£0.80/100ml']",2.0,£0.80/100ml
11155,Ashoka Mixed Pickle 500G,https://www.tesco.com/groceries/en-GB/products/275457113,1687616050.9597828,"['£2.00', '£0.40/100g']",2.0,£0.40/100g
11156,Phd Smart Salted Fudge Brownie Bar 64G,https://www.tesco.com/groceries/en-GB/products/301971173,1687616051.026292,"['£2.25', '£3.52/100g']",2.25,£3.52/100g
11157,Tesco Garlic & Thyme Stock Pots 112G,https://www.tesco.com/groceries/en-GB/products/297461051,1687616051.114665,"['£1.40', '£1.25/100g']",1.4,£1.25/100g
11158,Tesco Finest Sicilian Extra Virgin Olive Oil 500Ml,https://www.tesco.com/groceries/en-GB/products/296152194,1687616051.189003,"['£6.50', '£1.30/100ml']",6.5,£1.30/100ml
11159,Tesco Harissa Seasoning 48G,https://www.tesco.com/groceries/en-GB/products/289081610,1687616051.255733,"['£0.90', '£0.19/10g']",0.9,£0.19/10g
11160,Bear Yoyo Banana Fruit Rolls 5X20g,https://www.tesco.com/groceries/en-GB/products/310167196,1687616051.323423,"['£1.50', '£15.00/kg']",1.5,£15.00/kg
11161,Eat Natural Raw Almond Cranberry & Pomegranate Fruit & Nut Bar 45G,https://www.tesco.com/groceries/en-GB/products/311808134,1687616051.4151418,"['£1.10', '£2.44/100g']",1.1,£2.44/100g
11162,Tesco Protein Bites Almond & Raspberry 45G,https://www.tesco.com/groceries/en-GB/products/312352492,1687616051.483762,"['£1.00', '£22.22/kg']",1.0,£22.22/kg
11163,Kohinoor Classic Basmati Rice 5Kg,https://www.tesco.com/groceries/en-GB/products/304400223,1687616051.5588312,"['£13.00', '£2.60/kg']",13.0,£2.60/kg
11164,Rowse Supahoney Manuka & Honey 250G,https://www.tesco.com/groceries/en-GB/products/284845619,1687616051.655749,"['£6.10', '£2.44/100g']",6.1,£2.44/100g
11165,Tesco Finest Tellicherry Pepper Corn Grinder 45G,https://www.tesco.com/groceries/en-GB/products/279683126,1687616051.8070421,"['£4.60', '£1.02/10g']",4.6,£1.02/10g
11166,Tesco Italian Extra Virgin Olive Oil 500Ml,https://www.tesco.com/groceries/en-GB/products/259074328,1687616051.883272,"['£5.30', '£1.06/100ml']",5.3,£1.06/100ml
11167,Tesco Finest Caperberries 280G,https://www.tesco.com/groceries/en-GB/products/307338511,1687616051.9658399,"['£3.45', '£2.46/100g DR.WT']",3.45,£2.46/100g DR.WT
11168,Blue Dragon 3 Step Katsu Curry330g,https://www.tesco.com/groceries/en-GB/products/301064089,1687616052.051587,"['£3.10', '£9.39/kg']",3.1,£9.39/kg
11169,Tesco Square Sandwich Tin 20Cm,https://www.tesco.com/groceries/en-GB/products/309629399,1687616052.1360378,"['£3.00', '£3.00/each']",3.0,£3.00/each
11170,Rude Health 5 Grain 5 Seed Porridge 400G,https://www.tesco.com/groceries/en-GB/products/311805990,1687616052.21232,"['£2.95', '£0.74/100g']",2.95,£0.74/100g
11171,Tesco Stir Fry Oil 250Ml,https://www.tesco.com/groceries/en-GB/products/259180129,1687616052.291358,"['£2.20', '£0.88/100ml']",2.2,£0.88/100ml
11172,Belazu Antipasti Ezme Mezze Paste 165G,https://www.tesco.com/groceries/en-GB/products/308822679,1687616052.3670242,"['£2.95', '£1.79/100g']",2.95,£1.79/100g
11173,Kallo Low Salt Organic Gravy Granules 160G,https://www.tesco.com/groceries/en-GB/products/303695116,1687616052.442142,"['£3.15', '£1.97/100g']",3.15,£1.97/100g
11174,Mary Berry's Blue Cheese Dressing 235Ml,https://www.tesco.com/groceries/en-GB/products/302275258,1687616052.5185852,"['£3.45', '£1.47/100ml']",3.45,£1.47/100ml
11175,John West Spiced Harissa Super Tuna Salad 220G,https://www.tesco.com/groceries/en-GB/products/310656239,1687616052.596394,"['£2.60', '£11.82/kg']",2.6,£11.82/kg
11176,Cofresh Khatta Meetha 325G,https://www.tesco.com/groceries/en-GB/products/301596260,1687616059.72272,"['£1.00', '£0.31/100g']",1.0,£0.31/100g
11177,Kind Salted Caramel Dark Chocolate Bar 40G,https://www.tesco.com/groceries/en-GB/products/307140341,1687616059.8016388,"['£1.30', '£3.25/100g']",1.3,£3.25/100g
11178,Schwartz Loaded Fries Southern Fried 20G,https://www.tesco.com/groceries/en-GB/products/305522866,1687616059.89578,"['£0.95', '£4.75/100g']",0.95,£4.75/100g
11179,Tesco Green Thai Curry Cooking Sauce 340G,https://www.tesco.com/groceries/en-GB/products/307154941,1687616059.9921632,"['£1.20', '£0.35/100g']",1.2,£0.35/100g
11180,Tesco Fruit & Nut Mix With Apricots 300G,https://www.tesco.com/groceries/en-GB/products/271074635,1687616060.065732,"['£3.60', '£12.00/kg']",3.6,£12.00/kg
11181,Purevia Caster Sugar Alternative 370G,https://www.tesco.com/groceries/en-GB/products/308831052,1687616060.132869,"['£4.75', '£12.84/kg']",4.75,£12.84/kg
11182,Royal Rassogulla Dessert 500G,https://www.tesco.com/groceries/en-GB/products/267753166,1687616060.200257,"['£4.00', '£0.80/100g']",4.0,£0.80/100g
11183,Tesco Quesadilla Meal Kit 475G,https://www.tesco.com/groceries/en-GB/products/292743797,1687616060.320641,"['£2.60', '£5.47/kg']",2.6,£5.47/kg
11184,Cruga Chilli Biltong Beef Gluten Free 60G,https://www.tesco.com/groceries/en-GB/products/313008231,1687616060.388756,"['£3.00', '£50.00/kg']",3.0,£50.00/kg
11185,Snaffling Pig Chorizo Bites 50G,https://www.tesco.com/groceries/en-GB/products/308482199,1687616060.4553962,"['£2.00', '£4.00/100g']",2.0,£4.00/100g
11186,Tahira Chicken Sausage With Tikka 500G,https://www.tesco.com/groceries/en-GB/products/302471249,1687616060.536587,"['£2.75', '£0.01/kg']",2.75,£0.01/kg
11187,Marigold Instant Gravy Granules 170G,https://www.tesco.com/groceries/en-GB/products/305054399,1687616060.605956,"['£2.10', '£1.24/100g']",2.1,£1.24/100g
11188,Matthews Flour Organic Super Fine Self Raising Flour 1.5Kg,https://www.tesco.com/groceries/en-GB/products/309450190,1687616060.6747892,"['£2.20', '£1.47/kg']",2.2,£1.47/kg
11189,Kp Nut-Tastic Roasted & Pinch Of Salt Nut Mix4x30g,https://www.tesco.com/groceries/en-GB/products/310679483,1687616060.743424,"['£3.25', '£2.71/100g']",3.25,£2.71/100g
11190,Blue Dragon Plant-Based Beetroot Noodles 125G,https://www.tesco.com/groceries/en-GB/products/309176324,1687616060.810218,"['£1.75', '£14.00/kg']",1.75,£14.00/kg
11191,Tesco Flower Modelling Paste 250G,https://www.tesco.com/groceries/en-GB/products/284952392,1687616060.885779,"['£2.50', '£1.00/100g']",2.5,£1.00/100g
11192,Riso. Scotti Cremoso Risotto Formaggio 210G,https://www.tesco.com/groceries/en-GB/products/312361279,1687616060.953778,"['£2.35', '£11.19/kg']",2.35,£11.19/kg
11193,Salaam Basmati Rice 5Kg,https://www.tesco.com/groceries/en-GB/products/266598898,1687616061.0272481,"['£10.75', '£2.15/kg']",10.75,£2.15/kg
11194,Kallo Organic Stock Paste Chicken & Rosemary 100G,https://www.tesco.com/groceries/en-GB/products/310123692,1687616061.116083,"['£2.50', '£2.50/100g']",2.5,£2.50/100g
11195,Sosu Japanese Teriyaki Cooking Sauce 340Ml,https://www.tesco.com/groceries/en-GB/products/313181703,1687616061.205524,"['£2.65', '£0.78/100ml']",2.65,£0.78/100ml
11196,Clif Bar Crunchy Peanut Butter 68G Bar,https://www.tesco.com/groceries/en-GB/products/275096666,1687616061.272877,"['£1.85', '£2.72/100g']",1.85,£2.72/100g
11197,Clif Bar White Chocolate Macadamia Bar Energy Bar 68G,https://www.tesco.com/groceries/en-GB/products/276288841,1687616061.343717,"['£1.85', '£2.72/100g']",1.85,£2.72/100g
11198,Grace Halal Vienna Sausages Hot & Spicy 200G,https://www.tesco.com/groceries/en-GB/products/282511557,1687616061.412021,"['£1.45', '£1.21/100g DR.WT']",1.45,£1.21/100g DR.WT
11199,Jamie Oliver Chilli Garlic Curry Paste 180G,https://www.tesco.com/groceries/en-GB/products/309472486,1687616061.4822662,"['£2.20', '£1.22/100g']",2.2,£1.22/100g
11200,Herdez Classic Taco Seasoning 25G,https://www.tesco.com/groceries/en-GB/products/311421372,1687616061.578697,"['£1.25', '£5.00/100g']",1.25,£5.00/100g
11201,Tesco Chocolate Fudge Cake Kit 502G,https://www.tesco.com/groceries/en-GB/products/271025366,1687616061.648028,"['£2.30', '£4.58/kg']",2.3,£4.58/kg
11202,Kohinoor Chilli Paneer Cooking Sauce 375G,https://www.tesco.com/groceries/en-GB/products/301556930,1687616061.714335,"['£1.95', '£0.52/100g']",1.95,£0.52/100g
11203,Haribo Halal Soft Jelly Bear 1Kg,https://www.tesco.com/groceries/en-GB/products/283816224,1687616061.7810292,"['£6.60', '£0.66/100g']",6.6,£0.66/100g
11204,Tesco Cajun Seasoning 45G,https://www.tesco.com/groceries/en-GB/products/289081921,1687616061.851153,"['£0.90', '£0.20/10g']",0.9,£0.20/10g
11205,Schwartz Roast It Texan Bbq Seasoning 25G,https://www.tesco.com/groceries/en-GB/products/308837702,1687616061.917692,"['£0.95', '£3.80/100g']",0.95,£3.80/100g
11206,Bip Wacky Monkey 12G,https://www.tesco.com/groceries/en-GB/products/305968839,1687616062.0066712,"['£1.10', '£9.17/100g']",1.1,£9.17/100g
11207,Kind Almond & Coconut Bar 40G,https://www.tesco.com/groceries/en-GB/products/307146127,1687616062.0792398,"['£1.30', '£3.25/100g']",1.3,£3.25/100g
11208,Kind Dark Chocolate Orange Almond Bar 40G,https://www.tesco.com/groceries/en-GB/products/308104959,1687616062.168056,"['£1.30', '£3.25/100g']",1.3,£3.25/100g
11209,Dr Wills Tomato Ketchup Sweetened Naturally 500G,https://www.tesco.com/groceries/en-GB/products/309197126,1687616062.263718,"['£3.15', '£0.63/100g']",3.15,£0.63/100g
11210,Tropical Sun Drink Aloe Vera & Blueberry 500Ml,https://www.tesco.com/groceries/en-GB/products/297003485,1687616062.355305,"['£1.10', '£0.22/100ml']",1.1,£0.22/100ml
11211,Mc Donnells Curry Sauce 250G,https://www.tesco.com/groceries/en-GB/products/257219325,1687616062.478424,"['£3.50', '£1.40/100g']",3.5,£1.40/100g
11212,Cofresh Spicy Roasted Balti Cashews 150G,https://www.tesco.com/groceries/en-GB/products/287593595,1687616062.567699,"['£2.00', '£1.33/100g']",2.0,£1.33/100g
11213,Iliada Kalamata Extra Virgin Olive Oil 500Ml,https://www.tesco.com/groceries/en-GB/products/307351673,1687616062.63728,"['£8.00', '£1.60/100ml']",8.0,£1.60/100ml
11214,Liberty Easy Cook Rice 5Kg,https://www.tesco.com/groceries/en-GB/products/272492432,1687616062.7080681,"['£7.00', '£1.40/kg']",7.0,£1.40/kg
11215,Napolina Light And Mild 1 Litre,https://www.tesco.com/groceries/en-GB/products/267241075,1687616062.793172,"['£7.50', '£0.75/100ml']",7.5,£0.75/100ml
11216,Tesco Rectangular Cake Mould 32Cm X 22Cm,https://www.tesco.com/groceries/en-GB/products/309629452,1687616062.906445,"['£4.00', '£4.00/each']",4.0,£4.00/each
11217,Pure Via Baker's Secret Soft Brown Sugar Alternative 300G,https://www.tesco.com/groceries/en-GB/products/308456899,1687616062.975283,"['£5.00', '£16.67/kg']",5.0,£16.67/kg
11218,Belazu Beldi Green Olive Tapenade 160G,https://www.tesco.com/groceries/en-GB/products/301923974,1687616063.051244,"['£3.60', '£2.25/100g']",3.6,£2.25/100g
11219,Pasieka Multiflower Honey 1Kg,https://www.tesco.com/groceries/en-GB/products/297396122,1687616063.118763,"['£8.40', '£0.84/100g']",8.4,£0.84/100g
11220,Schwartz Szechuan Pepper 15G Jar,https://www.tesco.com/groceries/en-GB/products/255585636,1687616063.191872,"['£2.50', '£1.67/10g']",2.5,£1.67/10g
11221,Nando's Peri Wrap Peri Kit Smokey Bbq 261G,https://www.tesco.com/groceries/en-GB/products/308459084,1687616063.2586,"['£3.30', '£1.26/100g']",3.3,£1.26/100g
11222,Island Sun Cornmeal Coarse 1.5Kg,https://www.tesco.com/groceries/en-GB/products/266303459,1687616063.33162,"['£2.30', '£1.53/kg']",2.3,£1.53/kg
11223,Matthews Flour Stone Ground Dark Rye Flour 1.5Kg,https://www.tesco.com/groceries/en-GB/products/309450495,1687616063.399054,"['£2.50', '£1.67/kg']",2.5,£1.67/kg
11224,Kohinoor Extra Flavour Basmati Rice 5Kg,https://www.tesco.com/groceries/en-GB/products/293258644,1687616071.109278,"['£12.15', '£2.43/kg']",12.15,£2.43/kg
11225,Schwartz Hot Curry Powder 85G,https://www.tesco.com/groceries/en-GB/products/256338306,1687616071.1819131,"['£2.15', '£0.25/10g']",2.15,£0.25/10g
11226,Jim Jams Salted Caramel Dark Chocolate Spread 330G,https://www.tesco.com/groceries/en-GB/products/310112097,1687616071.2792802,"['£2.80', '£0.85/100g']",2.8,£0.85/100g
11227,Baxters Crunchy & Tangy Sliced Gherkins 540G,https://www.tesco.com/groceries/en-GB/products/313175763,1687616071.3519208,"['£3.00', '£1.00/100g DR.WT']",3.0,£1.00/100g DR.WT
11228,Patak's Medium Spice Paste 135G,https://www.tesco.com/groceries/en-GB/products/313004460,1687616071.430465,"['£2.35', '£1.74/100g']",2.35,£1.74/100g
11229,Tahira Chicken Sausage With Peri Peri 500G,https://www.tesco.com/groceries/en-GB/products/302471262,1687616071.504928,"['£2.75', '£0.01/kg']",2.75,£0.01/kg
11230,Ghana Best Shito Mild Chilli Sauce 160G,https://www.tesco.com/groceries/en-GB/products/272125465,1687616071.573378,"['£3.30', '£2.06/100g']",3.3,£2.06/100g
11231,Schwartz Fennel Seed 28G Jar,https://www.tesco.com/groceries/en-GB/products/257511059,1687616071.650846,"['£2.00', '£0.71/10g']",2.0,£0.71/10g
11232,Schwartz Signature Onion Gravy 155G,https://www.tesco.com/groceries/en-GB/products/312088856,1687616071.742224,"['£2.75', '£1.77/100g']",2.75,£1.77/100g
11233,Tropical Sun Black Eye Beans 500G,https://www.tesco.com/groceries/en-GB/products/310651884,1687616071.812568,"['£2.00', '£4.00/kg']",2.0,£4.00/kg
11234,Ufc Velvet Coconut Milk Unsweetened 1L,https://www.tesco.com/groceries/en-GB/products/302715856,1687616071.883015,"['£2.80', '£0.28/100ml']",2.8,£0.28/100ml
11235,Regal Baqar Khani 350G,https://www.tesco.com/groceries/en-GB/products/267830651,1687616071.9603572,"['£2.75', '£0.79/100g']",2.75,£0.79/100g
11236,Kallo Organic Stock Paste Vegetable & Mixed Herbs 100G,https://www.tesco.com/groceries/en-GB/products/310104450,1687616072.0296378,"['£2.50', '£2.50/100g']",2.5,£2.50/100g
11237,Whitworths Fusions Watermelon Papaya 80G,https://www.tesco.com/groceries/en-GB/products/312559501,1687616072.1216671,"['£2.30', '£28.75/kg']",2.3,£28.75/kg
11238,Tesco Medium Chapatti Flour 5Kg,https://www.tesco.com/groceries/en-GB/products/272477762,1687616072.1885262,"['£3.30', '£0.66/kg']",3.3,£0.66/kg
11239,Wicked Kitchen Chunky Chocolate Bar 150G,https://www.tesco.com/groceries/en-GB/products/310168713,1687616072.254195,"['£2.20', '£1.47/100g']",2.2,£1.47/100g
11240,T.F/From 5 Sweet Potato & Red Pepper Corn Strips 150G,https://www.tesco.com/groceries/en-GB/products/300884525,1687616072.322443,"['£2.00', '£1.33/100g']",2.0,£1.33/100g
11241,Phd Smart Bar Dark Chocolate Raspberry 64G,https://www.tesco.com/groceries/en-GB/products/299473385,1687616072.390584,"['£2.25', '£3.52/100g']",2.25,£3.52/100g
11242,Tesco Free From 10 Waffle Cones,https://www.tesco.com/groceries/en-GB/products/307758238,1687616072.4860768,"['£2.00', '£0.20/each']",2.0,£0.20/each
11243,Colman's Ultimate Burger Seasoning Mix 56G,https://www.tesco.com/groceries/en-GB/products/308108857,1687616072.554513,"['£1.00', '£1.79/100g']",1.0,£1.79/100g
11244,Tesco Organic Easy Cook Long Grain Rice 500G,https://www.tesco.com/groceries/en-GB/products/250719194,1687616072.622764,"['£1.60', '£3.20/kg']",1.6,£3.20/kg
11245,Cofresh Spicy Chick Peas 325G,https://www.tesco.com/groceries/en-GB/products/287548068,1687616072.722059,"['£1.00', '£0.31/100g']",1.0,£0.31/100g
11246,Emily Vegetable Thins Barbecue Tortilla Chips 23G,https://www.tesco.com/groceries/en-GB/products/312579984,1687616072.7919948,"['£0.90', '£3.91/100g']",0.9,£3.91/100g
11247,Kind Caramel Almond & Sea Salt 40G,https://www.tesco.com/groceries/en-GB/products/290404747,1687616072.907775,"['£1.30', '£3.25/100g']",1.3,£3.25/100g
11248,Cofresh Roasted & Salted Cashew Nuts 150G,https://www.tesco.com/groceries/en-GB/products/287593572,1687616073.013525,"['£2.00', '£13.33/kg']",2.0,£13.33/kg
11249,Osu Apple Cider Vinegar With The Mother & Apple Juice 500Ml,https://www.tesco.com/groceries/en-GB/products/304798114,1687616073.0922399,"['£7.50', '£1.50/100ml']",7.5,£1.50/100ml
11250,Island Sun Easy Cook Rice 5Kg,https://www.tesco.com/groceries/en-GB/products/267315606,1687616073.1608949,"['£7.00', '£1.40/kg']",7.0,£1.40/kg
11251,Tesco Round Loose Base Cake Tin 20Cm,https://www.tesco.com/groceries/en-GB/products/309629439,1687616073.227517,"['£4.50', '£4.50/each']",4.5,£4.50/each
11252,Gran Luchito Chipotle Chilli Paste 100G,https://www.tesco.com/groceries/en-GB/products/301413322,1687616073.299134,"['£4.00', '£4.00/100g']",4.0,£4.00/100g
11253,Naturya Super Food Breakfast Berries 150G,https://www.tesco.com/groceries/en-GB/products/300423041,1687616073.366455,"['£4.80', '£32.00/kg']",4.8,£32.00/kg
11254,Dr Oetker Brookie Cookies Baking Mix 390G,https://www.tesco.com/groceries/en-GB/products/311270394,1687616073.455173,"['£2.75', '£7.05/kg']",2.75,£7.05/kg
11255,The Spice Tailor Punjabi Chickpea Masala 400G,https://www.tesco.com/groceries/en-GB/products/311429487,1687616073.527615,"['£3.75', '£9.38/kg']",3.75,£9.38/kg
11256,Nielsen Massey Almond Extract 60Ml,https://www.tesco.com/groceries/en-GB/products/281184150,1687616073.616796,"['£4.00', '£6.67/100ml']",4.0,£6.67/100ml
11257,Doves Farm Organic White Rye Flour 1Kg,https://www.tesco.com/groceries/en-GB/products/304368779,1687616073.721185,"['£2.40', '£2.40/kg']",2.4,£2.40/kg
11258,Cadbury Chocolate Cookie Mix 265G,https://www.tesco.com/groceries/en-GB/products/304396935,1687616073.789,"['£3.00', '£11.32/kg']",3.0,£11.32/kg
11259,Dr Oetker Melt In The Middle Chocolate Pudding Baking Mix 140G,https://www.tesco.com/groceries/en-GB/products/311672569,1687616073.857457,"['£1.90', '£13.57/kg']",1.9,£13.57/kg
11260,Tesco Ready To Roll Coloured Icing Pink 250G,https://www.tesco.com/groceries/en-GB/products/278585324,1687616073.931844,"['£1.80', '£0.72/100g']",1.8,£0.72/100g
11262,Peppa Pig Muddy Puddle Cupcake Mix 175G,https://www.tesco.com/groceries/en-GB/products/312102754,1687616074.115621,"['£2.25', '£12.86/kg']",2.25,£12.86/kg
11263,Seerys Porter Cake 500G,https://www.tesco.com/groceries/en-GB/products/272228919,1687616074.187101,"['£3.30', '£0.66/100g']",3.3,£0.66/100g
11264,La Festa Classico Hot Chocolate 250G,https://www.tesco.com/groceries/en-GB/products/309168109,1687616074.276376,"['£2.20', '£0.88/100g']",2.2,£0.88/100g
11265,Cake Angels Hey Duggee Chocolate Cup Cake Kit 176G,https://www.tesco.com/groceries/en-GB/products/308111081,1687616074.347748,"['£2.10', '£11.93/kg']",2.1,£11.93/kg
11267,Lowicz Kashkaval Cheese 300G,https://www.tesco.com/groceries/en-GB/products/307742994,1687616074.517519,"['£2.95', '£9.83/kg']",2.95,£9.83/kg
11268,Tesco Ciabatta Bread Mix 500G 500G,https://www.tesco.com/groceries/en-GB/products/311791416,1687616074.5972328,"['£1.20', '£2.40/kg']",1.2,£2.40/kg
11269,Phd Smart Bar White Chocolate Blondie 64G,https://www.tesco.com/groceries/en-GB/products/299804444,1687616074.6751602,"['£2.25', '£3.52/100g']",2.25,£3.52/100g
11270,Tesco Multi Colourd Unicorn Sprinkles 45G,https://www.tesco.com/groceries/en-GB/products/301392005,1687616074.766227,"['£1.15', '£2.56/100g']",1.15,£2.56/100g
11271,Natco Chana Dal 2Kg,https://www.tesco.com/groceries/en-GB/products/254869268,1687616074.835448,"['£3.50', '£1.75/kg']",3.5,£1.75/kg
11272,Rajah Chicken Masala 80G,https://www.tesco.com/groceries/en-GB/products/302287872,1687616081.733925,"['£1.05', '£0.13/10g']",1.05,£0.13/10g
11273,Quorn Chilli Bean Bowl 300G,https://www.tesco.com/groceries/en-GB/products/312226878,1687616081.812921,"['£1.99', '£6.63/kg']",1.99,£6.63/kg
11274,Tropical Sun Jamaican Jerk Seasoning 280G,https://www.tesco.com/groceries/en-GB/products/279818487,1687616081.884769,"['£2.50', '£0.89/100g']",2.5,£0.89/100g
11275,Nature Valley Crunchy Canadian Maple Syrup Bar 42G,https://www.tesco.com/groceries/en-GB/products/267708169,1687616081.958139,"['£0.65', '£1.55/100g']",0.65,£1.55/100g
11276,Tesco Free From Carbonara Sauce 485G,https://www.tesco.com/groceries/en-GB/products/311688545,1687616082.083401,"['£1.20', '£0.25/100g']",1.2,£0.25/100g
11277,Britannia Punjabi Cookies 620G,https://www.tesco.com/groceries/en-GB/products/292943802,1687616082.153124,"['£3.25', '£0.52/100g']",3.25,£0.52/100g
11278,Tesco 6 Cup Muffin Tray,https://www.tesco.com/groceries/en-GB/products/309629481,1687616082.228416,"['£4.00', '£4.00/each']",4.0,£4.00/each
11279,Forest Feast Whole Canadian Cranberries 170G,https://www.tesco.com/groceries/en-GB/products/309755745,1687616082.299802,"['£3.50', '£20.59/kg']",3.5,£20.59/kg
11280,Dr. Wills All Natural Sriracha Hot Sauce 525G,https://www.tesco.com/groceries/en-GB/products/311225754,1687616082.367566,"['£3.90', '£0.74/100g']",3.9,£0.74/100g
11281,Belazu Smoked Chilli Harissa Paste 130G,https://www.tesco.com/groceries/en-GB/products/307756079,1687616082.434786,"['£3.85', '£0.30/10g']",3.85,£0.30/10g
11282,Superfood Bakery Organic Pancake Mix 200G,https://www.tesco.com/groceries/en-GB/products/305039586,1687616082.5078132,"['£3.00', '£15.00/kg']",3.0,£15.00/kg
11283,Sosu Korean Bibimbap Rice Meal Kit 237G,https://www.tesco.com/groceries/en-GB/products/313008317,1687616082.575215,"['£3.70', '£15.61/kg']",3.7,£15.61/kg
11284,Yarden Red Cabbage Mayonnaise 250G,https://www.tesco.com/groceries/en-GB/products/250442416,1687616082.664267,"['£2.65', '£1.06/100g']",2.65,£1.06/100g
11285,Herdez Salsa Casera 240G,https://www.tesco.com/groceries/en-GB/products/311440435,1687616082.7337248,"['£2.65', '£1.10/100g']",2.65,£1.10/100g
11286,Dr Wills Avocado Oil Mayonnaise Sugar Free 175G,https://www.tesco.com/groceries/en-GB/products/309471717,1687616082.800931,"['£3.90', '£2.23/100g']",3.9,£2.23/100g
11287,Kp Nut-Tastic Fruit & Nut Mix 4 X 30G,https://www.tesco.com/groceries/en-GB/products/310657739,1687616082.878325,"['£3.25', '£2.71/100g']",3.25,£2.71/100g
11288,Tesco Finest Chocolate & Brazilian Orange Frosting 400G,https://www.tesco.com/groceries/en-GB/products/306953354,1687616082.945751,"['£2.50', '£0.62/100g']",2.5,£0.62/100g
11289,Lee Kum Kee Chilli Garlic Sauce 190G,https://www.tesco.com/groceries/en-GB/products/276730675,1687616083.012497,"['£2.10', '£1.10/100g']",2.1,£1.10/100g
11290,Yutaka Black Sesame Seeds 100G,https://www.tesco.com/groceries/en-GB/products/296869164,1687616083.08097,"['£2.10', '£2.10/100g']",2.1,£2.10/100g
11291,Simply Cook Kit Creamy Tuscan Sausages Pasta Recipe 40G,https://www.tesco.com/groceries/en-GB/products/310684706,1687616083.157695,"['£2.50', '£62.50/kg']",2.5,£62.50/kg
11292,Tesco Firepit Memphis Inspired Bbq Rub & Glaze Kit 68G,https://www.tesco.com/groceries/en-GB/products/310664241,1687616083.225766,"['£1.60', '£2.35/100g']",1.6,£2.35/100g
11293,Wagamama Firecracker Mayonnaise 240G,https://www.tesco.com/groceries/en-GB/products/311225633,1687616083.292806,"['£2.25', '£0.94/100g']",2.25,£0.94/100g
11294,Cake Angel Disney Frozen 2 Chocolate Cupcakes Kit 176G,https://www.tesco.com/groceries/en-GB/products/304380182,1687616083.3896692,"['£2.10', '£11.93/kg']",2.1,£11.93/kg
11295,Dr. Oetker Chocolate Hearts 40G,https://www.tesco.com/groceries/en-GB/products/276084385,1687616083.456656,"['£1.80', '£4.50/100g']",1.8,£4.50/100g
11296,Healthy Boy Thick Oyster Sauce 350G,https://www.tesco.com/groceries/en-GB/products/303889187,1687616083.530143,"['£1.90', '£0.54/100g']",1.9,£0.54/100g
11297,Riso. Scotti Buona Idea Risotto With Truffle 210G,https://www.tesco.com/groceries/en-GB/products/312346436,1687616083.6017349,"['£2.35', '£11.19/kg']",2.35,£11.19/kg
11298,Create A Cake Spotty Cupcake Cases 50,https://www.tesco.com/groceries/en-GB/products/309783544,1687616083.6698618,"['£1.50', '£0.03/each']",1.5,£0.03/each
11299,Pez Fruit Flavour Candy With Dispenser 2 X 8.5G,https://www.tesco.com/groceries/en-GB/products/311275325,1687616083.7368572,"['£1.60', '£9.41/100g']",1.6,£9.41/100g
11300,Ayam Nasi Goreng Malay Paste For Stir Fry Rice 185G,https://www.tesco.com/groceries/en-GB/products/303888666,1687616083.805946,"['£1.95', '£1.05/100g']",1.95,£1.05/100g
11301,Tesco Red Velvet Dusting 60G,https://www.tesco.com/groceries/en-GB/products/306950403,1687616083.8763928,"['£1.15', '£1.92/100g']",1.15,£1.92/100g
11302,Ayam Rendang Curry Paste 185G,https://www.tesco.com/groceries/en-GB/products/303880974,1687616083.942882,"['£1.95', '£1.05/100g']",1.95,£1.05/100g
11303,Bucegi Chicken Liver Pate 200G,https://www.tesco.com/groceries/en-GB/products/301602369,1687616084.014602,"['£1.60', '£0.80/100g']",1.6,£0.80/100g
11304,Good4u Salad Topper Caesar Crumb 130G,https://www.tesco.com/groceries/en-GB/products/311421337,1687616084.082716,"['£2.00', '£1.60/100g']",2.0,£1.60/100g
11305,Emily Vegetable Thins Sour Cream & Onion Tortilla Chips 23G,https://www.tesco.com/groceries/en-GB/products/312232147,1687616084.149628,"['£0.90', '£3.91/100g']",0.9,£3.91/100g
11306,Shayona Kenya Style Chevdo 350G,https://www.tesco.com/groceries/en-GB/products/293236457,1687616084.2645278,"['£3.30', '£0.94/100g']",3.3,£0.94/100g
11307,Tesco Beef Gravy Pot 4 Pack 112G,https://www.tesco.com/groceries/en-GB/products/289037088,1687616084.3384519,"['£1.05', '£0.94/100g']",1.05,£0.94/100g
11308,Belazu Early Harvest Extra Virgin Olive Oil 500Ml,https://www.tesco.com/groceries/en-GB/products/282150459,1687616084.4616718,"['£8.80', '£1.76/100ml']",8.8,£1.76/100ml
11309,Naturya Organic Maca Powder 125G,https://www.tesco.com/groceries/en-GB/products/301882508,1687616084.553175,"['£4.00', '£32.00/kg']",4.0,£32.00/kg
11310,Tesco Finest Vindaloo Curry Paste 180G,https://www.tesco.com/groceries/en-GB/products/310683068,1687616084.645028,"['£2.65', '£1.47/100g']",2.65,£1.47/100g
11311,Belazu Apricot Harissa 130G,https://www.tesco.com/groceries/en-GB/products/309786368,1687616084.715891,"['£3.85', '£0.30/10g']",3.85,£0.30/10g
11312,Betty Crocker Salted Caramel Icing 400G,https://www.tesco.com/groceries/en-GB/products/302174913,1687616084.790306,"['£3.00', '£0.75/100g']",3.0,£0.75/100g
11313,Grenade Carb Killa Dark Chocolate Raspberry Bar 60G,https://www.tesco.com/groceries/en-GB/products/303183181,1687616084.893683,"['£2.70', '£4.50/100g']",2.7,£4.50/100g
11314,Dr Oetker 12 White Chocolatey Flavoured Carrots 13G,https://www.tesco.com/groceries/en-GB/products/311796895,1687616084.962092,"['£2.15', '£16.54/100g']",2.15,£16.54/100g
11315,Tesco Finest Strawberry & Cream Flavour Frosting 400G,https://www.tesco.com/groceries/en-GB/products/309474357,1687616085.040067,"['£2.50', '£0.62/100g']",2.5,£0.62/100g
11316,Funktional Foods Cacao Powder 100G,https://www.tesco.com/groceries/en-GB/products/300423029,1687616085.106963,"['£3.15', '£31.50/kg']",3.15,£31.50/kg
11317,Dr Oetker Unicorn Confetti Sprinkles 110G,https://www.tesco.com/groceries/en-GB/products/302143311,1687616085.202383,"['£2.60', '£2.36/100g']",2.6,£2.36/100g
11318,Attis Gourmet Ionian Olives In Olive Oil 400G,https://www.tesco.com/groceries/en-GB/products/293398570,1687616085.269082,"['£2.50', '£0.62/100g']",2.5,£0.62/100g
11319,Tropical Sun Gari 1.5Kg,https://www.tesco.com/groceries/en-GB/products/310698454,1687616085.335767,"['£3.30', '£2.20/kg']",3.3,£2.20/kg
11320,Africa's Finest Plantain Fufu 680G,https://www.tesco.com/groceries/en-GB/products/310653202,1687616091.79439,"['£4.40', '£0.65/100g']",4.4,£0.65/100g
11321,Graal Sprats In In Tomato Sauce 170G,https://www.tesco.com/groceries/en-GB/products/297490309,1687616091.867977,"['£1.55', '£0.91/100g']",1.55,£0.91/100g
11322,Potts Enchilada Cooking Sauce 330G,https://www.tesco.com/groceries/en-GB/products/309190789,1687616091.938197,"['£2.10', '£0.64/100g']",2.1,£0.64/100g
11323,Opies Mini Silverskin Onions 227G,https://www.tesco.com/groceries/en-GB/products/258193657,1687616092.008497,"['£1.35', '£0.60/100g']",1.35,£0.60/100g
11324,Tesco Finest Belgian Chocolate Ganache 400G,https://www.tesco.com/groceries/en-GB/products/306937443,1687616092.0831811,"['£2.95', '£0.74/100g']",2.95,£0.74/100g
11326,Natco Chana Dal 1Kg,https://www.tesco.com/groceries/en-GB/products/287651072,1687616092.260532,"['£2.45', '£2,450.00/kg']",2.45,"£2,450.00/kg"
11327,Quaker Vibrant Oats Summer Fruits Porridge 233G,https://www.tesco.com/groceries/en-GB/products/309467101,1687616092.329937,"['£3.00', '£1.29/100g']",3.0,£1.29/100g
11328,Tesco Finest Fresine 500G,https://www.tesco.com/groceries/en-GB/products/308468292,1687616092.443264,"['£1.90', '£3.80/kg']",1.9,£3.80/kg
11329,Tesco Pink & Red Heart Sprinkles 65G,https://www.tesco.com/groceries/en-GB/products/306820955,1687616092.514634,"['£1.15', '£1.77/100g']",1.15,£1.77/100g
11330,Mieszko Pralines Michaszki Original Peanut Chocolate 220G,https://www.tesco.com/groceries/en-GB/products/310662767,1687616092.583759,"['£1.60', '£0.73/100g']",1.6,£0.73/100g
11331,De Vina Sparkling Red Grape Juice 750Ml,https://www.tesco.com/groceries/en-GB/products/272125246,1687616092.653835,"['£2.10', '£0.28/100ml']",2.1,£0.28/100ml
11332,Star Finest Lager Beer Bottle 600Ml,https://www.tesco.com/groceries/en-GB/products/271233678,1687616092.7229068,"['£3.00', '£5.00/litre']",3.0,£5.00/litre
11333,Quorn Spiced Chickpea & Lentil Bowl 300G,https://www.tesco.com/groceries/en-GB/products/312368911,1687616092.791074,"['£1.99', '£0.66/100g']",1.99,£0.66/100g
11334,Bip Dino Friends Pop Ups Lollipop Strawberry 10G,https://www.tesco.com/groceries/en-GB/products/311445983,1687616092.8578188,"['£1.10', '£11.00/100g']",1.1,£11.00/100g
11335,Natco Luxury Fruit & Nut Mix 750G,https://www.tesco.com/groceries/en-GB/products/275523467,1687616092.928013,"['£6.80', '£9.07/kg']",6.8,£9.07/kg
11336,The Groovy Food Organic Creamed Coconut 500G,https://www.tesco.com/groceries/en-GB/products/301510754,1687616092.9952052,"['£5.00', '£1.00/100g']",5.0,£1.00/100g
11337,Doves Farm Organic Oat Flour 450G,https://www.tesco.com/groceries/en-GB/products/309462262,1687616093.0642712,"['£4.00', '£8.89/kg']",4.0,£8.89/kg
11338,Mazzetti Family Choice Balsamic Vinegar 250Ml,https://www.tesco.com/groceries/en-GB/products/313011399,1687616093.138599,"['£5.75', '£2.30/100ml']",5.75,£2.30/100ml
11339,Naturya Super Food Breakfast Seed Crunch 150G,https://www.tesco.com/groceries/en-GB/products/300422825,1687616093.2038138,"['£4.80', '£32.00/kg']",4.8,£32.00/kg
11340,Tesco Katsu Curry Paste 200G,https://www.tesco.com/groceries/en-GB/products/312207740,1687616093.292416,"['£2.40', '£1.20/100g']",2.4,£1.20/100g
11341,Tesco Laksa Curry Paste 200G,https://www.tesco.com/groceries/en-GB/products/312221906,1687616093.357653,"['£2.40', '£1.20/100g']",2.4,£1.20/100g
11342,Al'fez Smoky Harissa Tagine Sauce 450G,https://www.tesco.com/groceries/en-GB/products/311785729,1687616093.458268,"['£2.65', '£0.59/100g']",2.65,£0.59/100g
11343,Thai Taste Palm Sugar 200G,https://www.tesco.com/groceries/en-GB/products/277615062,1687616093.532507,"['£2.60', '£1.30/100g']",2.6,£1.30/100g
11344,Betty Crocker Chocolate Chunk Muffin Mix 335G,https://www.tesco.com/groceries/en-GB/products/260509940,1687616093.601939,"['£3.00', '£8.96/kg']",3.0,£8.96/kg
11345,Pure Via Sugar Free Demerara Alternative 200G,https://www.tesco.com/groceries/en-GB/products/311262916,1687616093.670974,"['£3.60', '£18.00/kg']",3.6,£18.00/kg
11346,Superfood Bakery Chocolate Cookie Mix 245G,https://www.tesco.com/groceries/en-GB/products/311780182,1687616093.760312,"['£3.00', '£12.24/kg']",3.0,£12.24/kg
11347,Tesco Za'atar Seasoning 45G,https://www.tesco.com/groceries/en-GB/products/304378773,1687616093.8284101,"['£2.15', '£0.48/10g']",2.15,£0.48/10g
11348,Tesco Baharat Seasoning 53G,https://www.tesco.com/groceries/en-GB/products/304386423,1687616093.895943,"['£2.15', '£0.41/10g']",2.15,£0.41/10g
11349,Funktional Foods Hemp Protein Powder 100G,https://www.tesco.com/groceries/en-GB/products/301956710,1687616093.963722,"['£3.15', '£31.50/kg']",3.15,£31.50/kg
11350,Schwartz Forfish Dark Soy/Sesame Ginger Sauce 300G,https://www.tesco.com/groceries/en-GB/products/261097404,1687616094.0705569,"['£2.40', '£0.80/100g']",2.4,£0.80/100g
11351,Schwartz For Fish Classic Hollandaise 300G,https://www.tesco.com/groceries/en-GB/products/258111963,1687616094.144094,"['£2.40', '£0.80/100g']",2.4,£0.80/100g
11352,Tesco Finest Portobello Mushrooms 280G,https://www.tesco.com/groceries/en-GB/products/307364600,1687616094.217473,"['£3.45', '£2.30/100g DR.WT']",3.45,£2.30/100g DR.WT
11353,Patak's Mild Spice Paste 135G,https://www.tesco.com/groceries/en-GB/products/313011042,1687616094.290617,"['£2.35', '£1.74/100g']",2.35,£1.74/100g
11354,Funktional Foods Spirulina Powder 100G,https://www.tesco.com/groceries/en-GB/products/300422899,1687616094.3629289,"['£3.15', '£31.50/kg']",3.15,£31.50/kg
11355,Wagamama House Dressing 265G,https://www.tesco.com/groceries/en-GB/products/312358877,1687616094.4658308,"['£2.50', '£0.94/100g']",2.5,£0.94/100g
11356,Risotto Gallo Pronto Milanese 175G,https://www.tesco.com/groceries/en-GB/products/282719782,1687616094.590415,"['£2.65', '£15.14/kg']",2.65,£15.14/kg
11357,Quaker Ultimate Hearty & Rich Porridge Oats 750G,https://www.tesco.com/groceries/en-GB/products/309208115,1687616094.700285,"['£2.60', '£0.35/100g']",2.6,£0.35/100g
11358,Tesco Ingredients Dukkah 50G,https://www.tesco.com/groceries/en-GB/products/285197439,1687616094.7694259,"['£1.80', '£0.36/10g']",1.8,£0.36/10g
11359,Snickers Dessert Sauce 270G,https://www.tesco.com/groceries/en-GB/products/311936287,1687616094.8435268,"['£2.10', '£0.78/100g']",2.1,£0.78/100g
11360,Potts Fajita & Taco Pibil Cooking Sauce 330G,https://www.tesco.com/groceries/en-GB/products/309173598,1687616094.916079,"['£2.10', '£0.64/100g']",2.1,£0.64/100g
11361,Tesco Gold And Silver Candles 12 Pack Assortment,https://www.tesco.com/groceries/en-GB/products/288615258,1687616095.009737,"['£1.50', '£0.12/each']",1.5,£0.12/each
11362,Tesco Oat & Linseed Bread Mix 500G,https://www.tesco.com/groceries/en-GB/products/311695467,1687616095.207169,"['£1.20', '£2.40/kg']",1.2,£2.40/kg
11363,Epicure Crinkle Cut Pickles +Hot Red Chilli 530G,https://www.tesco.com/groceries/en-GB/products/309754464,1687616095.2769861,"['£2.10', '£0.72/100g DR.WT']",2.1,£0.72/100g DR.WT
11364,Natures Finest Mango In Juice 400G,https://www.tesco.com/groceries/en-GB/products/264095908,1687616095.343779,"['£1.90', '£9.05/kg DR.WT']",1.9,£9.05/kg DR.WT
11365,Betty Crocker Chocolate Swirl Cake Mix 425G,https://www.tesco.com/groceries/en-GB/products/289585227,1687616095.4131808,"['£3.00', '£0.71/100g']",3.0,£0.71/100g
11366,Dr. Oetker Number 1 Candle,https://www.tesco.com/groceries/en-GB/products/304402388,1687616095.5162308,"['£1.10', '£1.10/each']",1.1,£1.10/each
11367,Urban Fruit Wellness Strength 85G,https://www.tesco.com/groceries/en-GB/products/309455674,1687616095.589747,"['£3.00', '£35.29/kg']",3.0,£35.29/kg
11368,Tesco Pink And Gold Sprinkles 80G,https://www.tesco.com/groceries/en-GB/products/306946265,1687616101.723961,"['£1.15', '£1.44/100g']",1.15,£1.44/100g
11369,Colman's Season 7 Shake Piri Piri Chicken Mix 29G,https://www.tesco.com/groceries/en-GB/products/271584607,1687616101.797438,"['£1.25', '£0.43/10g']",1.25,£0.43/10g
11370,Ashoka Bombay Biryani 280G,https://www.tesco.com/groceries/en-GB/products/284128392,1687616101.914356,"['£1.70', '£0.61/100g']",1.7,£0.61/100g
11371,Schwartz Roast It Mexican Chipotle Chilli Lime 25G,https://www.tesco.com/groceries/en-GB/products/308865789,1687616102.004318,"['£0.95', '£3.80/100g']",0.95,£3.80/100g
11372,Fulfil Vitamin & Protein Bars 10 Mixed Pack 550G,https://www.tesco.com/groceries/en-GB/products/308485599,1687616102.095018,"['£24.15', '£4.39/100g']",24.15,£4.39/100g
11373,Lindt Swiss Luxury Selection Chocolates 195G,https://www.tesco.com/groceries/en-GB/products/289489212,1687616102.217184,"['£9.50', '£4.87/100g']",9.5,£4.87/100g
11374,Santa Maria Chilli Explosion Grinder 70G,https://www.tesco.com/groceries/en-GB/products/280035041,1687616102.306397,"['£3.50', '£0.50/10g']",3.5,£0.50/10g
11375,Naturya Super Boost Breakfast Cacao 150G,https://www.tesco.com/groceries/en-GB/products/300423064,1687616102.375252,"['£4.80', '£32.00/kg']",4.8,£32.00/kg
11376,Pure Via Baker's Secret Icing Sugar Alternative 220G,https://www.tesco.com/groceries/en-GB/products/308869831,1687616102.46633,"['£4.00', '£18.18/kg']",4.0,£18.18/kg
11377,Betty Crocker Low Fat Blueberry Muffin Mix 335G,https://www.tesco.com/groceries/en-GB/products/307760056,1687616102.533073,"['£3.00', '£8.96/kg']",3.0,£8.96/kg
11378,Cake Decor Rainbow Cake Colours Kit 50G,https://www.tesco.com/groceries/en-GB/products/304402601,1687616102.604129,"['£2.85', '£0.57/10g']",2.85,£0.57/10g
11379,Dr Oetker Solar System Baking Cupcake Kit 360G,https://www.tesco.com/groceries/en-GB/products/309781811,1687616102.672537,"['£2.70', '£7.50/kg']",2.7,£7.50/kg
11380,Tesco Nasi Goreng Paste 185G,https://www.tesco.com/groceries/en-GB/products/278432506,1687616102.742662,"['£2.20', '£1.19/100g']",2.2,£1.19/100g
11381,Tabasco Sweet & Spicy Pepper Sauce 256Ml,https://www.tesco.com/groceries/en-GB/products/311276981,1687616102.820241,"['£3.15', '£1.23/100ml']",3.15,£1.23/100ml
11382,Canderel Caster Sugar & Sweetener Blend 370G,https://www.tesco.com/groceries/en-GB/products/312093164,1687616102.888302,"['£2.75', '£7.43/kg']",2.75,£7.43/kg
11383,Sosu Japanese Donburi Rice Meal Kit 237G,https://www.tesco.com/groceries/en-GB/products/312986916,1687616102.9580579,"['£3.70', '£15.61/kg']",3.7,£15.61/kg
11384,Forest Feast Orchard Prunes 200G,https://www.tesco.com/groceries/en-GB/products/310684087,1687616103.0478961,"['£3.50', '£17.50/kg']",3.5,£17.50/kg
11385,Sosu Korean Bbq Noodle Meal Kit 212G,https://www.tesco.com/groceries/en-GB/products/313166342,1687616103.1155431,"['£3.70', '£17.45/kg']",3.7,£17.45/kg
11386,Flahavans High Fibre Prdge Oats 320G,https://www.tesco.com/groceries/en-GB/products/310139817,1687616103.213897,"['£3.30', '£1.03/100g']",3.3,£1.03/100g
11387,Funktional Foods Green Superblend Powder 100G,https://www.tesco.com/groceries/en-GB/products/300422860,1687616103.3085902,"['£3.15', '£31.50/kg']",3.15,£31.50/kg
11388,Tesco Sumac 52G .. ..,https://www.tesco.com/groceries/en-GB/products/300456226,1687616103.3977878,"['£0.90', '£17.31/kg']",0.9,£17.31/kg
11389,Schwartz Saffron 0.4G Jar,https://www.tesco.com/groceries/en-GB/products/257512922,1687616103.463551,"['£4.50', '£112.50/10g']",4.5,£112.50/10g
11390,Pimlico Halal Fizzy Bears 450G,https://www.tesco.com/groceries/en-GB/products/282223299,1687616103.527889,"['£2.50', '£0.56/100g']",2.5,£0.56/100g
11391,Whitworths Fusions Coconut Pineapple 80G,https://www.tesco.com/groceries/en-GB/products/312699438,1687616103.593982,"['£2.30', '£28.75/kg']",2.3,£28.75/kg
11392,Regal Almond Cookies 12 Pack,https://www.tesco.com/groceries/en-GB/products/305941145,1687616103.663601,"['£1.80', '£0.15/each']",1.8,£0.15/each
11393,Regal Sliced Madeira Cake 10 Pieces,https://www.tesco.com/groceries/en-GB/products/313960375,1687616103.736641,"['£2.60', '£0.26/each']",2.6,£0.26/each
11394,Kohinoor Sambar 300G,https://www.tesco.com/groceries/en-GB/products/301556976,1687616103.807339,"['£1.85', '£0.62/100g']",1.85,£0.62/100g
11395,Tesco Patterned Candle Blue 12 Pack,https://www.tesco.com/groceries/en-GB/products/290724161,1687616103.873775,"['£1.50', '£0.12/each']",1.5,£0.12/each
11396,Lee Kum Kee Seasoned Rice Vinegar 120Ml,https://www.tesco.com/groceries/en-GB/products/309192304,1687616103.964235,"['£1.50', '£1.25/100ml']",1.5,£1.25/100ml
11397,Colman's Korean Barbeque Recipe Mix 45G,https://www.tesco.com/groceries/en-GB/products/311796716,1687616104.030425,"['£1.00', '£2.22/100g']",1.0,£2.22/100g
11398,Rajah Fish Masala 80G,https://www.tesco.com/groceries/en-GB/products/302276672,1687616104.0965471,"['£1.05', '£0.13/10g']",1.05,£0.13/10g
11399,Urban Fruit Wellness Immune 85G,https://www.tesco.com/groceries/en-GB/products/309467654,1687616104.1639209,"['£3.00', '£35.29/kg']",3.0,£35.29/kg
11400,Rajah Chana Masala 80G,https://www.tesco.com/groceries/en-GB/products/302312561,1687616104.293823,"['£1.05', '£0.13/10g']",1.05,£0.13/10g
11401,Stripe Candles 12 Pack,https://www.tesco.com/groceries/en-GB/products/309732761,1687616104.4134212,"['£2.00', '£0.17/each']",2.0,£0.17/each
11402,Schwartz Loaded Fries Paprika Garlic Pepper Seasoning Mix 20G,https://www.tesco.com/groceries/en-GB/products/305256553,1687616104.506047,"['£0.95', '£4.75/100g']",0.95,£4.75/100g
11403,Rowse Cut Comb In Acacia Honey 340G,https://www.tesco.com/groceries/en-GB/products/271531020,1687616104.599317,"['£8.00', '£2.35/100g']",8.0,£2.35/100g
11404,Good Oil Hemp Seed Oil 500Ml,https://www.tesco.com/groceries/en-GB/products/258443915,1687616104.666626,"['£6.65', '£1.33/100ml']",6.65,£1.33/100ml
11405,Tesco Finest Karahi Curry Paste 180G,https://www.tesco.com/groceries/en-GB/products/311255902,1687616104.734305,"['£2.65', '£1.47/100g']",2.65,£1.47/100g
11406,Tesco Finest Makhani Curry Paste 180G,https://www.tesco.com/groceries/en-GB/products/311253599,1687616104.807148,"['£2.65', '£1.47/100g']",2.65,£1.47/100g
11407,Nielsen Massey Rose Water 60Ml,https://www.tesco.com/groceries/en-GB/products/274662793,1687616104.888493,"['£4.00', '£0.67/10ml']",4.0,£0.67/10ml
11408,Herdez Barbacoa Taco Kit 497G,https://www.tesco.com/groceries/en-GB/products/311668431,1687616104.9582112,"['£3.53', '£7.10/kg']",3.53,£7.10/kg
11409,Certo Apple Pectin 250Gml,https://www.tesco.com/groceries/en-GB/products/254914198,1687616105.030706,"['£2.75', '£1.10/100ml']",2.75,£1.10/100ml
11410,Spichlerz Kielbasa Lekko Czosnkowa 280G,https://www.tesco.com/groceries/en-GB/products/305965353,1687616105.102601,"['£2.85', '£1.02/100g']",2.85,£1.02/100g
11411,Kikkoman Sushi & Sashimi Soy Sauce 250Ml,https://www.tesco.com/groceries/en-GB/products/276786038,1687616105.17067,"['£3.00', '£1.20/100ml']",3.0,£1.20/100ml
11412,Al'fez Moroccan Style Lemon Tagine Meal Kit 370G,https://www.tesco.com/groceries/en-GB/products/311789593,1687616105.2503538,"['£3.00', '£0.81/100g']",3.0,£0.81/100g
11413,Dr Oetker Happy Birthday Candles,https://www.tesco.com/groceries/en-GB/products/275974883,1687616105.346296,"['£1.95', '£1.95/each']",1.95,£1.95/each
11414,Ufc 100% Watermelon Drink 1L,https://www.tesco.com/groceries/en-GB/products/301596225,1687616105.413321,"['£4.20', '£0.42/100ml']",4.2,£0.42/100ml
11415,Tesco Firepit Cuban Inspired Citrus & Garlic Rub & Glaze Kit 68G,https://www.tesco.com/groceries/en-GB/products/310688316,1687616105.480237,"['£1.60', '£2.35/100g']",1.6,£2.35/100g
11416,Olympia Tomato Pulp Passata 750G,https://www.tesco.com/groceries/en-GB/products/309758189,1687616110.98089,"['£2.35', '£0.31/100g']",2.35,£0.31/100g
11417,Nielsen Massey Vanilla Bean Paste 60Ml,https://www.tesco.com/groceries/en-GB/products/310185577,1687616111.055765,"['£5.75', '£95.83/litre']",5.75,£95.83/litre
11418,Funktional Foods Vegan Protein Blend Berry 100G,https://www.tesco.com/groceries/en-GB/products/307140829,1687616111.126347,"['£3.15', '£31.50/kg']",3.15,£31.50/kg
11419,Newman's Own Smoky Onion Mayonnaise 280Ml,https://www.tesco.com/groceries/en-GB/products/311683268,1687616111.219986,"['£1.85', '£0.66/100ml']",1.85,£0.66/100ml
11420,Tesco Flapjack Mix 300G,https://www.tesco.com/groceries/en-GB/products/309192235,1687616111.287625,"['£1.70', '£5.67/kg']",1.7,£5.67/kg
11421,Tesco Patterned Candles Pink 12 Pack,https://www.tesco.com/groceries/en-GB/products/295491450,1687616111.359978,"['£1.50', '£0.12/each']",1.5,£0.12/each
11422,Encona Moroccan Harissa Marinade 220Ml,https://www.tesco.com/groceries/en-GB/products/311278875,1687616111.455162,"['£1.85', '£0.84/100ml']",1.85,£0.84/100ml
11423,Herdez Barbacoa Seasoning 25G,https://www.tesco.com/groceries/en-GB/products/311444569,1687616111.521245,"['£1.25', '£5.00/100g']",1.25,£5.00/100g
11424,Lipton Yellow Label 100 Tea Bags 200G,https://www.tesco.com/groceries/en-GB/products/303705112,1687616111.588463,"['£3.30', '£1.65/100g']",3.3,£1.65/100g
11425,Kohinoor Bombay Egg Curry Cooking Sauce 375G,https://www.tesco.com/groceries/en-GB/products/293258258,1687616111.654811,"['£1.95', '£0.52/100g']",1.95,£0.52/100g
11426,Kohinoor Mumbai Kolhapuri Masala Cooking Sauce 375G,https://www.tesco.com/groceries/en-GB/products/293257858,1687616111.727713,"['£1.95', '£0.52/100g']",1.95,£0.52/100g
11427,Tesco Chervil 9G,https://www.tesco.com/groceries/en-GB/products/304412779,1687616111.804759,"['£0.90', '£1.00/10g']",0.9,£1.00/10g
11428,Colman's Argentinian Steak Mix 21G,https://www.tesco.com/groceries/en-GB/products/311254051,1687616111.875165,"['£1.00', '£4.76/100g']",1.0,£4.76/100g
11429,Dr. Oetker Party Candles 18'S,https://www.tesco.com/groceries/en-GB/products/271188921,1687616111.945612,"['£1.05', '£0.06/each']",1.05,£0.06/each
11430,Schwartz Wrap It Smoky Spanish 30G,https://www.tesco.com/groceries/en-GB/products/307751741,1687616112.018222,"['£0.95', '£3.17/100g']",0.95,£3.17/100g
11431,Naturya Organic Hemp Protein Powder 300G,https://www.tesco.com/groceries/en-GB/products/301956779,1687616112.107697,"['£12.00', '£40.00/kg']",12.0,£40.00/kg
11432,Pure Via 100% Xylitol Plant Based 900G,https://www.tesco.com/groceries/en-GB/products/309451534,1687616112.19923,"['£10.00', '£11.11/kg']",10.0,£11.11/kg
11433,Pure Via 100% Erythritol 900G,https://www.tesco.com/groceries/en-GB/products/312704537,1687616112.270431,"['£10.00', '£11.11/kg']",10.0,£11.11/kg
11434,Tesco Spanish Extra Virgin Olive Oil 500Ml,https://www.tesco.com/groceries/en-GB/products/259074624,1687616112.335683,"['£5.30', '£1.06/100ml']",5.3,£1.06/100ml
11435,Tropical Sun Golden Sella Pure Basmati Rice 5Kg,https://www.tesco.com/groceries/en-GB/products/310178724,1687616112.401883,"['£11.55', '£2.31/kg']",11.55,£2.31/kg
11436,Osu Apple Cider Vinegar Blueberry & Pomegranate Juice 500Ml,https://www.tesco.com/groceries/en-GB/products/306804065,1687616112.467873,"['£7.50', '£1.50/100ml']",7.5,£1.50/100ml
11437,Naturya Organic Spirulina Powder 100G,https://www.tesco.com/groceries/en-GB/products/301956819,1687616112.5365078,"['£5.00', '£50.00/kg']",5.0,£50.00/kg
11438,Herdez Mexico City Taco Kit 497G,https://www.tesco.com/groceries/en-GB/products/312087546,1687616112.625909,"['£4.20', '£8.45/kg']",4.2,£8.45/kg
11439,Herdez Yucatan Taco Kit 497G,https://www.tesco.com/groceries/en-GB/products/312097839,1687616112.722754,"['£3.53', '£7.10/kg']",3.53,£7.10/kg
11440,Forest Feast Tropical Dried Pineapple 120G,https://www.tesco.com/groceries/en-GB/products/305733737,1687616112.793396,"['£3.50', '£29.17/kg DR.WT']",3.5,£29.17/kg DR.WT
11441,Wicked Kitchen Bbq Beef Flavour Seasoning 55G,https://www.tesco.com/groceries/en-GB/products/310126775,1687616112.861971,"['£1.50', '£0.27/10g']",1.5,£0.27/10g
11442,Dr Oetker Jelly Bubbles Baking Cupcake Kit 325G,https://www.tesco.com/groceries/en-GB/products/309790224,1687616112.928693,"['£2.70', '£8.31/kg']",2.7,£8.31/kg
11443,Dr Oetker Slime Baking Cupcake Kit 400G,https://www.tesco.com/groceries/en-GB/products/309463157,1687616112.9986901,"['£2.70', '£6.75/kg']",2.7,£6.75/kg
11444,Tesco Loose Base Cake Tin 12Cm,https://www.tesco.com/groceries/en-GB/products/309629417,1687616113.0640562,"['£3.00', '£3.00/each']",3.0,£3.00/each
11445,Dr. Oetker Candy Mix Sprinkles 90G,https://www.tesco.com/groceries/en-GB/products/311784609,1687616113.129757,"['£2.30', '£2.56/100g']",2.3,£2.56/100g
11446,Al'fez Harissa Chicken Tagine Meal Kit 370G,https://www.tesco.com/groceries/en-GB/products/311685341,1687616113.197433,"['£3.00', '£8.11/kg']",3.0,£8.11/kg
11447,Tesco Hot Chilli Grinder 30G,https://www.tesco.com/groceries/en-GB/products/255919266,1687616113.284996,"['£2.30', '£76.67/kg']",2.3,£76.67/kg
11448,Al'fez Moroccan Style Meatball Tagine Kit 370G,https://www.tesco.com/groceries/en-GB/products/311780470,1687616113.351586,"['£3.00', '£8.11/kg']",3.0,£8.11/kg
11449,Dr Oetker Letters&Number Colour 40G,https://www.tesco.com/groceries/en-GB/products/304723814,1687616113.44151,"['£2.85', '£7.12/100g']",2.85,£7.12/100g
11450,Funktional Foods Wheatgrass Powder 100G,https://www.tesco.com/groceries/en-GB/products/301803696,1687616113.562906,"['£3.15', '£31.50/kg']",3.15,£31.50/kg
11451,Creative Nature Free From Brownie Baking Mix 250G,https://www.tesco.com/groceries/en-GB/products/305251155,1687616113.653449,"['£3.00', '£12.00/kg']",3.0,£12.00/kg
11452,Creative Nature Wholegrain Banana Bread Baking Mix 250G,https://www.tesco.com/groceries/en-GB/products/305435877,1687616113.7454011,"['£3.00', '£12.00/kg']",3.0,£12.00/kg
11453,Dr Oetker Lemon Drizzle Traybake Kit 375G,https://www.tesco.com/groceries/en-GB/products/304724151,1687616113.835283,"['£2.65', '£7.07/kg']",2.65,£7.07/kg
11454,Dr. Oetker 36 White Chocolatey Mini Flowers 13G,https://www.tesco.com/groceries/en-GB/products/311935173,1687616113.900466,"['£2.15', '£16.54/100g']",2.15,£16.54/100g
11455,Dr Oetker 12 White Chocolatey Dinosaurs 20G,https://www.tesco.com/groceries/en-GB/products/311678471,1687616113.969603,"['£2.15', '£10.75/100g']",2.15,£10.75/100g
11456,Flahaven's Porridge Immunity Boost Raspberry 320G,https://www.tesco.com/groceries/en-GB/products/310100327,1687616114.05039,"['£3.30', '£1.03/100g']",3.3,£1.03/100g
11457,Dr Oetker Wafer Flowers 40'S,https://www.tesco.com/groceries/en-GB/products/288659839,1687616114.1437,"['£1.80', '£0.04/each']",1.8,£0.04/each
11458,Funktional Foods Vegan Protein Blend Banana 100G,https://www.tesco.com/groceries/en-GB/products/307144779,1687616114.212476,"['£3.15', '£31.50/kg']",3.15,£31.50/kg
11459,Forest Feast Slow Roasted Nut Mix 120G,https://www.tesco.com/groceries/en-GB/products/306807027,1687616114.308306,"['£3.20', '£26.67/kg']",3.2,£26.67/kg
11460,Dr.Oetker Wafer Daisies 10 X 2G 12 Daisies,https://www.tesco.com/groceries/en-GB/products/270887372,1687616114.4101849,"['£1.80', '£9.00/100g']",1.8,£9.00/100g
11461,Tesco Zhoug Paste 180G,https://www.tesco.com/groceries/en-GB/products/311208913,1687616114.476049,"['£1.70', '£0.94/100g']",1.7,£0.94/100g
11462,Kohinoor Kashmiri Dum Aloo 300G,https://www.tesco.com/groceries/en-GB/products/293258575,1687616114.5407739,"['£1.85', '£0.62/100g']",1.85,£0.62/100g
11463,Tesco Chermoula Paste 180G,https://www.tesco.com/groceries/en-GB/products/311220984,1687616120.181098,"['£1.70', '£0.94/100g']",1.7,£0.94/100g
11464,Tesco Happy Birthday Candle Pink,https://www.tesco.com/groceries/en-GB/products/302172725,1687616120.253257,"['£1.50', '£1.50/each']",1.5,£1.50/each
11465,Herdez Yucatan Seasoning 25G,https://www.tesco.com/groceries/en-GB/products/311262640,1687616120.345037,"['£1.25', '£5.00/100g']",1.25,£5.00/100g
11466,Dr. Oetker Tall Metallic Candles 18 Pack,https://www.tesco.com/groceries/en-GB/products/302143569,1687616120.4134212,"['£1.50', '£0.08/each']",1.5,£0.08/each
11467,Wicked Kitchen Garlic & Herb Nooch Season 80G,https://www.tesco.com/groceries/en-GB/products/307157765,1687616120.481938,"['£2.50', '£0.31/10g']",2.5,£0.31/10g
11468,Tropical Sun Farina 500G,https://www.tesco.com/groceries/en-GB/products/310104323,1687616120.547913,"['£1.20', '£2.40/kg']",1.2,£2.40/kg
11469,Tesco Nutty Bites Mocha Flavour 45G,https://www.tesco.com/groceries/en-GB/products/311685214,1687616120.616579,"['£1.00', '£22.22/kg']",1.0,£22.22/kg
11470,Naturya Organic Greens Blend 250G,https://www.tesco.com/groceries/en-GB/products/302419579,1687616120.692657,"['£15.00', '£60.00/kg']",15.0,£60.00/kg
11471,Naturya Organic Turmeric Blend 250G,https://www.tesco.com/groceries/en-GB/products/302306275,1687616120.7851038,"['£8.00', '£32.00/kg']",8.0,£32.00/kg
11472,Tesco Round Fluted Cake Tin 23Cm,https://www.tesco.com/groceries/en-GB/products/309629446,1687616120.875425,"['£4.50', '£4.50/each']",4.5,£4.50/each
11473,Cake Decor Blue Glitter Spray 4G,https://www.tesco.com/groceries/en-GB/products/302142237,1687616120.9762602,"['£3.60', '£90.00/100g']",3.6,£90.00/100g
11474,Cake Decor Pink Glitter Spray 4G,https://www.tesco.com/groceries/en-GB/products/302142197,1687616121.0540092,"['£3.60', '£90.00/100g']",3.6,£90.00/100g
11475,Cake Decor Unicorn Frosting Striped 275G,https://www.tesco.com/groceries/en-GB/products/302293242,1687616121.126168,"['£3.10', '£1.13/100g']",3.1,£1.13/100g
11476,Piccolo Organic Cupcake Mix Carrot Cake 250G,https://www.tesco.com/groceries/en-GB/products/312234436,1687616121.199958,"['£4.00', '£16.00/kg']",4.0,£16.00/kg
11477,Piccolo Organic Cupcake Mix Cocoa Kids 250G,https://www.tesco.com/groceries/en-GB/products/312587093,1687616121.267464,"['£4.00', '£16.00/kg']",4.0,£16.00/kg
11478,Dr. Oetker Adventure Mix Sprinkles 90G,https://www.tesco.com/groceries/en-GB/products/312094261,1687616121.3394828,"['£2.30', '£2.56/100g']",2.3,£2.56/100g
11479,Nielsen Massey Lemon Extract 60Ml,https://www.tesco.com/groceries/en-GB/products/281197716,1687616121.4056692,"['£4.00', '£6.67/100ml']",4.0,£6.67/100ml
11480,Dr. Oetker Peanut Butter Cups Cookie Mix 240G,https://www.tesco.com/groceries/en-GB/products/311932118,1687616121.477376,"['£2.75', '£11.46/kg']",2.75,£11.46/kg
11481,Superfood Bakery Organic Banana Loaf Mix 250G,https://www.tesco.com/groceries/en-GB/products/311443743,1687616121.5481012,"['£3.00', '£12.00/kg']",3.0,£12.00/kg
11482,Tesco Chocolate Drip Icing 120G,https://www.tesco.com/groceries/en-GB/products/309490913,1687616121.615793,"['£2.50', '£2.08/100g']",2.5,£2.08/100g
11483,Tesco Blue Drip Icing 120G,https://www.tesco.com/groceries/en-GB/products/309484610,1687616121.683451,"['£2.50', '£2.08/100g']",2.5,£2.08/100g
11484,Tesco Finest Raspberry Flavour Frosting 400G,https://www.tesco.com/groceries/en-GB/products/309457228,1687616121.7487261,"['£2.50', '£0.62/100g']",2.5,£0.62/100g
11485,Tesco Pink Drip Icing 120G,https://www.tesco.com/groceries/en-GB/products/309496325,1687616121.814261,"['£2.50', '£2.08/100g']",2.5,£2.08/100g
11486,Tesco Finest Mango & Passion Fruit Frosting 400G,https://www.tesco.com/groceries/en-GB/products/309467579,1687616121.881993,"['£2.50', '£0.62/100g']",2.5,£0.62/100g
11487,Patak's Hot Spice Paste 135G,https://www.tesco.com/groceries/en-GB/products/312717378,1687616121.994714,"['£2.35', '£1.74/100g']",2.35,£1.74/100g
11488,Dr Oetker 11 White Chocolate Unicorns & Rainbows 18G,https://www.tesco.com/groceries/en-GB/products/311674193,1687616122.065537,"['£2.15', '£11.94/100g']",2.15,£11.94/100g
11489,Belazu Zhoug Paste 130G,https://www.tesco.com/groceries/en-GB/products/309749908,1687616122.135128,"['£2.70', '£0.21/10g']",2.7,£0.21/10g
11490,Dr Oetker Carrot Cake Traybake Kit 425G,https://www.tesco.com/groceries/en-GB/products/304724295,1687616122.202256,"['£2.65', '£6.24/kg']",2.65,£6.24/kg
11491,Dr Oetker 11 White Chocolate Flowers & Leaves 11G,https://www.tesco.com/groceries/en-GB/products/311255378,1687616122.273108,"['£2.15', '£19.54/100g']",2.15,£19.54/100g
11492,Cake Decor Galaxy Cupcake Kit 263G,https://www.tesco.com/groceries/en-GB/products/308480218,1687616122.340183,"['£2.40', '£9.12/kg']",2.4,£9.12/kg
11493,Dr. Oetker 6 Celebration Candles,https://www.tesco.com/groceries/en-GB/products/275960323,1687616122.408426,"['£2.00', '£0.33/each']",2.0,£0.33/each
11494,Sweetpea Banana & Chocolate Gluten Free Muffin Mix 220G,https://www.tesco.com/groceries/en-GB/products/306942488,1687616122.4740841,"['£2.75', '£12.50/kg']",2.75,£12.50/kg
11495,Funktional Foodsmaca Powder 100G,https://www.tesco.com/groceries/en-GB/products/300420539,1687616122.5405812,"['£3.15', '£31.50/kg']",3.15,£31.50/kg
11496,Newman's Own Roasted Tomato & Chilli Mayonnaise 280Ml,https://www.tesco.com/groceries/en-GB/products/311955379,1687616122.630024,"['£1.85', '£0.66/100ml']",1.85,£0.66/100ml
11497,Dr. Oetker Number 3 Candle,https://www.tesco.com/groceries/en-GB/products/304384615,1687616122.703579,"['£1.10', '£1.10/each']",1.1,£1.10/each
11498,Dr. Oetker Number 2 Candle,https://www.tesco.com/groceries/en-GB/products/304404213,1687616122.777751,"['£1.10', '£1.10/each']",1.1,£1.10/each
11499,Dr. Oetker Number 7 Candle,https://www.tesco.com/groceries/en-GB/products/304367999,1687616122.8491578,"['£1.10', '£1.10/each']",1.1,£1.10/each
11500,Dr. Oetker Number 6 Candle,https://www.tesco.com/groceries/en-GB/products/304382404,1687616122.92047,"['£1.10', '£1.10/each']",1.1,£1.10/each
11501,Canderel On The Go Liquid Sweetener 50Ml,https://www.tesco.com/groceries/en-GB/products/312360476,1687616122.9981089,"['£2.40', '£0.48/10ml']",2.4,£0.48/10ml
11502,Urban Fruit Wellness Glow 85G,https://www.tesco.com/groceries/en-GB/products/309496589,1687616123.132587,"['£3.00', '£35.29/kg']",3.0,£35.29/kg
11503,Shayona Bhusu 350G,https://www.tesco.com/groceries/en-GB/products/293236584,1687616123.224261,"['£2.75', '£0.79/100g']",2.75,£0.79/100g
11504,Tesco Free From Nut Free Satay Sauce 120G,https://www.tesco.com/groceries/en-GB/products/311204756,1687616123.302272,"['£0.80', '£0.67/100g']",0.8,£0.67/100g
11505,Akash Gold Basmati Rice 5Kg,https://www.tesco.com/groceries/en-GB/products/311789247,1687616123.37886,"['£11.00', '£2.20/kg']",11.0,£2.20/kg
11506,Naturya Organic Blend Cognition Chocolate Flavoured 250G,https://www.tesco.com/groceries/en-GB/products/307154411,1687616123.445833,"['£12.00', '£48.00/kg']",12.0,£48.00/kg
11507,Mazzetti Organic Balsamic Vinegar Of Modena 250Ml,https://www.tesco.com/groceries/en-GB/products/312834437,1687616123.536858,"['£6.50', '£2.60/100ml']",6.5,£2.60/100ml
11508,Mazzetti Gold Label Balsamic Vinegar Of Modena 250Ml,https://www.tesco.com/groceries/en-GB/products/312856506,1687616123.603737,"['£9.90', '£3.96/100ml']",9.9,£3.96/100ml
11509,Superfood Bakery Plant Power Protein Pancake Mix 200G,https://www.tesco.com/groceries/en-GB/products/307136750,1687616123.705076,"['£5.00', '£25.00/kg']",5.0,£25.00/kg
11510,Lotte Choco Pies 28Gx6,https://www.tesco.com/groceries/en-GB/products/301518711,1687616123.77129,"['£3.50', '£2.08/100g']",3.5,£2.08/100g
11511,Tesco Char Siu Paste 200G,https://www.tesco.com/groceries/en-GB/products/312364408,1687616132.131157,"['£2.40', '£1.20/100g']",2.4,£1.20/100g
11512,Kikkoman Seasoning For Sushi 300Ml,https://www.tesco.com/groceries/en-GB/products/276786073,1687616132.2479842,"['£3.20', '£1.07/100ml']",3.2,£1.07/100ml
11513,Tesco Mild Fajita Kit 470G,https://www.tesco.com/groceries/en-GB/products/302420513,1687616132.3179479,"['£2.60', '£2.60/each']",2.6,£2.60/each
11514,Schwartz Paprika & Onion Chicken Seasoning 42G,https://www.tesco.com/groceries/en-GB/products/302276073,1687616132.380969,"['£1.75', '£0.42/10g']",1.75,£0.42/10g
11515,Sweetpea Pantry Buckwheat & Flax Pancake Mix 220G,https://www.tesco.com/groceries/en-GB/products/294937542,1687616132.4416761,"['£2.75', '£12.50/kg']",2.75,£12.50/kg
11516,Dr. Oetker 6 Unicorn & Rainbow Birthday Candles,https://www.tesco.com/groceries/en-GB/products/302276044,1687616132.504693,"['£2.00', '£0.33/each']",2.0,£0.33/each
11517,Dr Oetker Chocolate Salted Caramel Tray Kit 425G,https://www.tesco.com/groceries/en-GB/products/304724358,1687616132.564192,"['£2.65', '£6.24/kg']",2.65,£6.24/kg
11518,Natco Walnut Halves 200G,https://www.tesco.com/groceries/en-GB/products/282191669,1687616132.630659,"['£3.15', '£15.75/kg']",3.15,£15.75/kg
11519,Dr Oetker Star Candles 6 Pack,https://www.tesco.com/groceries/en-GB/products/302143582,1687616132.707037,"['£1.95', '£0.32/each']",1.95,£0.32/each
11520,Tesco Spiced Yogurt Drizzle 270G,https://www.tesco.com/groceries/en-GB/products/311276975,1687616132.770431,"['£1.65', '£0.61/100g']",1.65,£0.61/100g
11521,Dr. Oetker Number 9 Candle,https://www.tesco.com/groceries/en-GB/products/304410073,1687616132.835938,"['£1.10', '£1.10/each']",1.1,£1.10/each
11522,Dr. Oetker Number 4 Candle,https://www.tesco.com/groceries/en-GB/products/304371694,1687616132.906025,"['£1.10', '£1.10/each']",1.1,£1.10/each
11523,Dr. Oetker Number 8 Candle,https://www.tesco.com/groceries/en-GB/products/304409421,1687616132.975383,"['£1.10', '£1.10/each']",1.1,£1.10/each
11524,Dr. Oetker Number 0 Candle,https://www.tesco.com/groceries/en-GB/products/304373006,1687616133.0421638,"['£1.10', '£1.10/each']",1.1,£1.10/each
11525,Dr. Oetker Number 5 Candle,https://www.tesco.com/groceries/en-GB/products/304407819,1687616133.149972,"['£1.10', '£1.10/each']",1.1,£1.10/each
11526,Wicked Kitchen Smoky Bbq Nooch Season 80G,https://www.tesco.com/groceries/en-GB/products/307350714,1687616133.22097,"['£2.50', '£0.31/10g']",2.5,£0.31/10g
11527,Slush Puppie Squeezee Fruit Pops 10 X 60Ml,https://www.tesco.com/groceries/en-GB/products/310120637,1687616133.290709,"['£1.25', '£0.21/100ml']",1.25,£0.21/100ml
11528,Yarden Houmous Reduced Calories 250G,https://www.tesco.com/groceries/en-GB/products/262524077,1687616133.361848,"['£2.65', '£1.06/100g']",2.65,£1.06/100g
11529,Tesco Medium Taco Kit 275G,https://www.tesco.com/groceries/en-GB/products/251795098,1687616133.436275,"['£2.60', '£9.46/kg']",2.6,£9.46/kg
11530,Raureni Plum Jam 350G,https://www.tesco.com/groceries/en-GB/products/301576572,1687616133.508147,"['£3.15', '£0.90/100g']",3.15,£0.90/100g
11531,Tesco Nachos Meal Kit Mild 500G,https://www.tesco.com/groceries/en-GB/products/251794888,1687616133.5794282,"['£2.60', '£5.20/kg']",2.6,£5.20/kg
11532,Tesco Cornflour 500G,https://www.tesco.com/groceries/en-GB/products/301392869,1687616133.6533241,"['£1.75', '£3.50/kg']",1.75,£3.50/kg
11533,Providence Deli Lightly Spiced Iberian Salad 200G,https://www.tesco.com/groceries/en-GB/products/302291031,1687616133.7271612,"['£2.05', '£1.02/100g']",2.05,£1.02/100g
11534,Bolands Lemon Puff 200G,https://www.tesco.com/groceries/en-GB/products/272323138,1687616133.796454,"['£1.50', '£0.75/100g']",1.5,£0.75/100g
11535,Naturos Beans With Bacon 300G,https://www.tesco.com/groceries/en-GB/products/309785133,1687616133.863723,"['£1.55', '£5.17/kg']",1.55,£5.17/kg
11536,Grace Tropical Rhythms Fruit Punch 475Ml,https://www.tesco.com/groceries/en-GB/products/255779768,1687616133.932319,"['£1.90', '£0.40/100ml']",1.9,£0.40/100ml
11537,Heinz Beanz Snap Pots 4X200g,https://www.tesco.com/groceries/en-GB/products/262713166,1687616133.99897,"['£2.49', '£3.11/kg']",2.49,£3.11/kg
11538,Olympia Classic Mustard 300G,https://www.tesco.com/groceries/en-GB/products/309764659,1687616134.067838,"['£1.30', '£0.43/100g']",1.3,£0.43/100g
11539,Maryland Chocolate Orange Mini Cookies 6Pack 118.8G,https://www.tesco.com/groceries/en-GB/products/309169673,1687616134.139414,"['£1.25', '£1.05/100g']",1.25,£1.05/100g
11540,Maryland Caramel Crisp Mini Cookies 6 Pack 118.8G,https://www.tesco.com/groceries/en-GB/products/311669050,1687616134.232152,"['£1.25', '£1.05/100g']",1.25,£1.05/100g
11541,Tesco Baked Beans & Vegetarian Sausages 395G,https://www.tesco.com/groceries/en-GB/products/250372297,1687616134.336797,"['£1.05', '£2.66/kg']",1.05,£2.66/kg
11542,Tesco Dark Chocolate Digestives 300G,https://www.tesco.com/groceries/en-GB/products/273420511,1687616134.409374,"['£0.85', '£0.28/100g']",0.85,£0.28/100g
11543,Tesco Finest Cocoa Powder 200G,https://www.tesco.com/groceries/en-GB/products/309486942,1687616134.477654,"['£2.75', '£1.38/100g']",2.75,£1.38/100g
11544,Kings British Beef Jerky Bbq Flavour 60G,https://www.tesco.com/groceries/en-GB/products/312987881,1687616134.5464802,"['£2.75', '£45.83/kg']",2.75,£45.83/kg
11547,Tesco Peach Slices In Light Syrup 410G,https://www.tesco.com/groceries/en-GB/products/254899877,1687616134.752964,"['£1.00', '£4.00/kg DR.WT']",1.0,£4.00/kg DR.WT
11548,Easy Chef Doner Kebabs 2S 340G,https://www.tesco.com/groceries/en-GB/products/259244018,1687616134.8750138,"['£2.50', '£7.35/kg']",2.5,£7.35/kg
11549,Easy Chef Lamb Sausages 600G,https://www.tesco.com/groceries/en-GB/products/287741173,1687616134.9455519,"['£2.90', '£4.83/kg']",2.9,£4.83/kg
11550,Maggi Masala Chilli Sauce 400G,https://www.tesco.com/groceries/en-GB/products/254298768,1687616135.014561,"['£2.25', '£0.56/100g']",2.25,£0.56/100g
11551,Aishas Value Chicken Nuggets 500G,https://www.tesco.com/groceries/en-GB/products/256943160,1687616135.084297,"['£2.35', '£4.70/kg']",2.35,£4.70/kg
11552,Chevington Oak Smoked Cheddar Slices 120G,https://www.tesco.com/groceries/en-GB/products/284065802,1687616135.191322,"['£1.70', '£0.01/kg']",1.7,£0.01/kg
11553,Tesco 50% Less Sodium Salt 350G,https://www.tesco.com/groceries/en-GB/products/260298744,1687616135.25904,"['£1.30', '£3.71/kg']",1.3,£3.71/kg
11554,Tesco Poppy & Sesame Thins 150G,https://www.tesco.com/groceries/en-GB/products/254925346,1687616135.325956,"['£1.10', '£0.73/100g']",1.1,£0.73/100g
11555,Rajah Biryani Masala 80G,https://www.tesco.com/groceries/en-GB/products/302275696,1687616135.393145,"['£1.05', '£0.13/10g']",1.05,£0.13/10g
11556,Tesco Cheese Thins 150G,https://www.tesco.com/groceries/en-GB/products/265201247,1687616135.460937,"['£1.10', '£0.73/100g']",1.1,£0.73/100g
11557,Tesco Glace Rainbow Cherries 200G,https://www.tesco.com/groceries/en-GB/products/312094946,1687616135.527906,"['£2.50', '£12.50/kg']",2.5,£12.50/kg
11558,Delikat Chicken Seasoning 200G,https://www.tesco.com/groceries/en-GB/products/309742046,1687616135.595596,"['£2.10', '£10.50/kg']",2.1,£10.50/kg
11559,Gulder Extra Mature Beer 600Ml,https://www.tesco.com/groceries/en-GB/products/271330494,1687616141.3936498,"['£2.40', '£4.00/litre']",2.4,£4.00/litre
11560,Olympia Sour Soup Seasoning 750Ml,https://www.tesco.com/groceries/en-GB/products/310124967,1687616141.469036,"['£1.70', '£0.23/100ml']",1.7,£0.23/100ml
11561,Tesco Reduced Sugar & Salt Brown Sauce 425G,https://www.tesco.com/groceries/en-GB/products/305830340,1687616141.541023,"['£1.05', '£0.25/100g']",1.05,£0.25/100g
11562,Tesco Brown Sauce 435G,https://www.tesco.com/groceries/en-GB/products/305836161,1687616141.609867,"['£1.05', '£0.24/100g']",1.05,£0.24/100g
11563,Tesco Triple Chocolate Cook 200G,https://www.tesco.com/groceries/en-GB/products/301052380,1687616141.680168,"['£1.20', '£0.60/100g']",1.2,£0.60/100g
11564,Tesco Fruity Brown Sauce 445G,https://www.tesco.com/groceries/en-GB/products/305835801,1687616141.7565482,"['£1.05', '£0.24/100g']",1.05,£0.24/100g
11565,Stockwell & Co Brown Sauce 530G,https://www.tesco.com/groceries/en-GB/products/305736325,1687616141.834249,"['£0.99', '£0.19/100g']",0.99,£0.19/100g
11566,The Skinny Cookie Sugar Free Chocolate Chip Cookies 200G,https://www.tesco.com/groceries/en-GB/products/311952250,1687616141.903142,"['£0.90', '£0.45/100g']",0.9,£0.45/100g
11567,Dobrogea Eugenia Biscuit With Cocoa Cream 10X36g,https://www.tesco.com/groceries/en-GB/products/310172707,1687616142.0032089,"['£3.55', '£0.99/100g']",3.55,£0.99/100g
11568,Schwartz Celery Salt 72G Jar,https://www.tesco.com/groceries/en-GB/products/257504523,1687616142.0735621,"['£2.00', '£0.28/10g']",2.0,£0.28/10g
11569,Moldova Stuffed Cabbage With Pork Meat 430G,https://www.tesco.com/groceries/en-GB/products/301576439,1687616142.171341,"['£3.65', '£0.85/100g']",3.65,£0.85/100g
11570,Tesco Fire Pit Smoky Onion Relish 300G,https://www.tesco.com/groceries/en-GB/products/308484773,1687616142.240745,"['£1.80', '£0.60/100g']",1.8,£0.60/100g
11571,Jacobs Butter Puffs 200G,https://www.tesco.com/groceries/en-GB/products/254925219,1687616142.310635,"['£2.00', '£1.00/100g']",2.0,£1.00/100g
11572,Tesco Fire Pit Habanero Relish 310G,https://www.tesco.com/groceries/en-GB/products/310156027,1687616142.377293,"['£1.80', '£0.58/100g']",1.8,£0.58/100g
11573,Thai Taste Tamarind Paste 130G,https://www.tesco.com/groceries/en-GB/products/304368710,1687616142.44239,"['£1.75', '£1.35/100g']",1.75,£1.35/100g
11574,Jacobs High Fibre Cream Crackers 200G,https://www.tesco.com/groceries/en-GB/products/259031923,1687616142.508778,"['£1.70', '£0.85/100g']",1.7,£0.85/100g
11575,Jacobs Cream Crackers 2X300g,https://www.tesco.com/groceries/en-GB/products/307743519,1687616142.57838,"['£2.70', '£0.45/100g']",2.7,£0.45/100g
11576,Tesco Finest Dark Chocolate Ginger Cookies 200G,https://www.tesco.com/groceries/en-GB/products/270916621,1687616142.648684,"['£2.00', '£1.00/100g']",2.0,£1.00/100g
11577,Bucegi Pork Liver Pate 200G,https://www.tesco.com/groceries/en-GB/products/301602346,1687616142.7153122,"['£1.60', '£0.80/100g']",1.6,£0.80/100g
11578,Tesco Light Mayonnaise 450Ml,https://www.tesco.com/groceries/en-GB/products/305046243,1687616142.787744,"['£1.15', '£0.26/100ml']",1.15,£0.26/100ml
11579,Tesco Salted Caramel Sprinkles 60G,https://www.tesco.com/groceries/en-GB/products/312566544,1687616142.8546402,"['£1.15', '£1.92/100g']",1.15,£1.92/100g
11580,Nissin Cup Noodles Katsu Curry 67G,https://www.tesco.com/groceries/en-GB/products/311665912,1687616142.921102,"['£1.70', '£25.37/kg']",1.7,£25.37/kg
11581,Plantastic Bolognese Pasta In Tomato Sauce 65G,https://www.tesco.com/groceries/en-GB/products/312578311,1687616142.9925408,"['£1.15', '£17.69/kg']",1.15,£17.69/kg
11582,Batchelors Super Noodles Chow Mein 90G,https://www.tesco.com/groceries/en-GB/products/303646509,1687616143.0851562,"['£0.99', '£11.00/kg']",0.99,£11.00/kg
11583,Batchelors Super Noodles Southern Fried Chicken 90G,https://www.tesco.com/groceries/en-GB/products/303646227,1687616143.158915,"['£0.99', '£11.00/kg']",0.99,£11.00/kg
11584,Storck Knoppers Milk And Nut Wafers 25G,https://www.tesco.com/groceries/en-GB/products/301603028,1687616143.2303429,"['£0.60', '£2.40/100g']",0.6,£2.40/100g
11585,Stockwell & Co Salad Cream 450Ml,https://www.tesco.com/groceries/en-GB/products/305040105,1687616143.297343,"['£0.78', '£0.17/100ml']",0.78,£0.17/100ml
11586,Tesco Cream Crackers 300G,https://www.tesco.com/groceries/en-GB/products/300112569,1687616143.367439,"['£0.52', '£0.17/100g']",0.52,£0.17/100g
11587,Stockwell & Co Mayonnaise 450Ml,https://www.tesco.com/groceries/en-GB/products/305431904,1687616143.4445708,"['£0.65', '£0.14/100ml']",0.65,£0.14/100ml
11588,Rowse Organic Squeezy Honey 680G,https://www.tesco.com/groceries/en-GB/products/313752132,1687616143.5147362,"['£5.75', '£0.85/100g']",5.75,£0.85/100g
11589,Capsicana Full-On Feisty Salsa 285G,https://www.tesco.com/groceries/en-GB/products/313182869,1687616143.581163,"['£2.85', '£1.00/100g']",2.85,£1.00/100g
11590,Napolina Rigatoni Pasta 1Kg,https://www.tesco.com/groceries/en-GB/products/312848925,1687616143.647415,"['£2.50', '£2.50/kg']",2.5,£2.50/kg
11591,Atora Shredded Vegetable Suet 200G,https://www.tesco.com/groceries/en-GB/products/314099828,1687616143.714803,"['£2.50', '£12.50/kg']",2.5,£12.50/kg
11592,Atora Shredded Beef Suet 200G,https://www.tesco.com/groceries/en-GB/products/313952828,1687616143.784246,"['£2.50', '£12.50/kg']",2.5,£12.50/kg
11593,Bisto 25% Less Salt Cheese Sauce Mix 185G,https://www.tesco.com/groceries/en-GB/products/313181496,1687616143.910222,"['£3.00', '£1.62/100g']",3.0,£1.62/100g
11594,Capsicana Mexican Burrito Tomato & Chipotle Paste 60G,https://www.tesco.com/groceries/en-GB/products/313746232,1687616143.9800892,"['£1.60', '£2.67/100g']",1.6,£2.67/100g
11595,Capsicana Chilli & Lemon Peruvian Wrap Paste 60G,https://www.tesco.com/groceries/en-GB/products/313623222,1687616144.049328,"['£1.60', '£2.67/100g']",1.6,£2.67/100g
11596,Capsicana Chilli & Tomato Brazilian Wrap Paste 60G,https://www.tesco.com/groceries/en-GB/products/313947259,1687616144.119136,"['£1.60', '£2.67/100g']",1.6,£2.67/100g
11597,Tesco Beef Bolognese 392G,https://www.tesco.com/groceries/en-GB/products/307755898,1687616144.236473,"['£2.40', '£6.12/kg']",2.4,£6.12/kg
11598,Doritos Flamegrilled Whopper Tortilla Chips 180G,https://www.tesco.com/groceries/en-GB/products/313861348,1687616144.30295,"['£2.10', '£1.17/100g']",2.1,£1.17/100g
11599,Capsicana Mexican Fajita Chilli & Honey Paste 60G,https://www.tesco.com/groceries/en-GB/products/313515189,1687616144.3919349,"['£1.60', '£2.67/100g']",1.6,£2.67/100g
11600,Dawtona Tomato Paste 190G,https://www.tesco.com/groceries/en-GB/products/313360647,1687616144.4617128,"['£1.10', '£0.58/100g']",1.1,£0.58/100g
11601,Rubicon Deluxe Passion 1L,https://www.tesco.com/groceries/en-GB/products/314584692,1687616144.536716,"['£1.90', '£0.19/100ml']",1.9,£0.19/100ml
11603,New Kenji Microwaveable Sushi Rice 250G,https://www.tesco.com/groceries/en-GB/products/311221349,1687616144.682994,"['£1.80', '£7.20/kg']",1.8,£7.20/kg
11604,Capsicana Mexican Guacamole Mix 25G,https://www.tesco.com/groceries/en-GB/products/313172651,1687616144.781311,"['£0.75', '£3.00/100g']",0.75,£3.00/100g
11605,Tesco Honey Nut Corn Flakes 500G,https://www.tesco.com/groceries/en-GB/products/313175187,1687616144.848585,"['£1.50', '£0.30/100g']",1.5,£0.30/100g
11606,Cadbury Milk Tray Boxed Chocolates 360G,https://www.tesco.com/groceries/en-GB/products/290504888,1687616144.921955,"['£4.00', '£1.11/100g']",4.0,£1.11/100g
11607,Kit Kat Bites Lotus Biscoff Chocolate Sharing Bag 90G,https://www.tesco.com/groceries/en-GB/products/313740716,1687616150.725934,"['£1.35', '£1.50/100g']",1.35,£1.50/100g
11608,Aero Share A Bubble Golden Honeycomb Chocolate 90G,https://www.tesco.com/groceries/en-GB/products/313738576,1687616150.798388,"['£1.25', '£1.39/100g']",1.25,£1.39/100g
11609,Munchies Gold Caramel Flavoured Pieces Soft Caramel 94G,https://www.tesco.com/groceries/en-GB/products/313756548,1687616150.878444,"['£1.25', '£1.33/100g']",1.25,£1.33/100g
11610,Cadbury Dairy Milk Salted Caramel Nibbles Chocolate Bag 120G,https://www.tesco.com/groceries/en-GB/products/313738484,1687616150.9484391,"['£1.35', '£1.12/100g']",1.35,£1.12/100g
11611,Milkybar Gold Giant Caramel White Chocolate Pieces 86G,https://www.tesco.com/groceries/en-GB/products/313516925,1687616151.023338,"['£1.25', '£1.45/100g']",1.25,£1.45/100g
11612,Cadbury Fudge 5 Pack 110G,https://www.tesco.com/groceries/en-GB/products/313966403,1687616151.093746,"['£1.25', '£1.14/100g']",1.25,£1.14/100g
11613,Hilltop Everyday Blossom Honey 680G,https://www.tesco.com/groceries/en-GB/products/313006544,1687616151.160699,"['£4.20', '£0.62/100g']",4.2,£0.62/100g
11614,Bisto Best Meat Free Chicken Flavour Gravy 230G,https://www.tesco.com/groceries/en-GB/products/313515419,1687616151.2286441,"['£4.00', '£1.74/100g']",4.0,£1.74/100g
11615,Bisto Best Meat Free Beef Flavour Gravy 230G,https://www.tesco.com/groceries/en-GB/products/313520303,1687616151.296561,"['£4.00', '£1.74/100g']",4.0,£1.74/100g
11616,Rowse Squeezy Greek Honey 250G,https://www.tesco.com/groceries/en-GB/products/284832750,1687616151.364924,"['£3.75', '£1.50/100g']",3.75,£1.50/100g
11617,Sacla Chargrilled Aubergine & Roasted Garlic Pesto 190G,https://www.tesco.com/groceries/en-GB/products/250703051,1687616151.465454,"['£3.35', '£1.76/100g']",3.35,£1.76/100g
11618,Sacla Coriander & Chilli Pesto 190G,https://www.tesco.com/groceries/en-GB/products/283053878,1687616151.541162,"['£3.35', '£1.76/100g']",3.35,£1.76/100g
11619,Nuts About Nature 100% Peanut Butter Crunchy No Added Sugar 1Kg,https://www.tesco.com/groceries/en-GB/products/312718400,1687616151.616469,"['£4.50', '£0.45/100g']",4.5,£0.45/100g
11620,Tesco Pitted Black Olives 900G,https://www.tesco.com/groceries/en-GB/products/313382805,1687616151.693224,"['£2.90', '£0.64/100g DR.WT']",2.9,£0.64/100g DR.WT
11621,Tesco Pitted Green Olives 900G,https://www.tesco.com/groceries/en-GB/products/313522347,1687616151.762238,"['£2.90', '£0.64/100g DR.WT']",2.9,£0.64/100g DR.WT
11622,Rowse Clear Honey 340G,https://www.tesco.com/groceries/en-GB/products/274192801,1687616151.8347032,"['£3.00', '£0.88/100g']",3.0,£0.88/100g
11623,Pip & Nut Sweet & Salty Crunchy Peanut Butter 300G,https://www.tesco.com/groceries/en-GB/products/313159604,1687616151.9113789,"['£3.00', '£1.00/100g']",3.0,£1.00/100g
11624,Polli Garlic Cloves In Brine 190G,https://www.tesco.com/groceries/en-GB/products/313607081,1687616151.9866529,"['£2.35', '£1.24/100g']",2.35,£1.24/100g
11625,Pip & Nut Sweet & Salty Smooth Peanut Butter 300G,https://www.tesco.com/groceries/en-GB/products/312997523,1687616152.060931,"['£3.00', '£1.00/100g']",3.0,£1.00/100g
11626,Meridian Chocca Chocolate Spread 240G,https://www.tesco.com/groceries/en-GB/products/313734102,1687616152.1338549,"['£3.00', '£1.25/100g']",3.0,£1.25/100g
11627,Tesco Finest Sun Dried Tomato & Red Wine Concentrated Sauce 265G,https://www.tesco.com/groceries/en-GB/products/313008663,1687616152.199222,"['£1.75', '£0.66/100g']",1.75,£0.66/100g
11628,Tesco Finest Tomato & Calabrian Chilli Concentrated Sauce 265G,https://www.tesco.com/groceries/en-GB/products/312992661,1687616152.276483,"['£1.75', '£0.66/100g']",1.75,£0.66/100g
11629,Tesco Pitted Amfissa Olives 290G,https://www.tesco.com/groceries/en-GB/products/312339877,1687616152.350689,"['£1.85', '£1.28/100g DR.WT']",1.85,£1.28/100g DR.WT
11630,Meridian High Fibre Smooth Peanut Butter 160G,https://www.tesco.com/groceries/en-GB/products/312700490,1687616152.473366,"['£2.20', '£1.38/100g']",2.2,£1.38/100g
11631,Meridian Energy Release Smooth Peanut Butter 160G,https://www.tesco.com/groceries/en-GB/products/313163190,1687616152.5835059,"['£2.20', '£1.38/100g']",2.2,£1.38/100g
11632,Meridian Vitamin C Smooth Peanut Butter With B/Crn 160G,https://www.tesco.com/groceries/en-GB/products/312998384,1687616152.708437,"['£2.20', '£1.38/100g']",2.2,£1.38/100g
11633,Tesco Microwave Jasmine Rice 250G,https://www.tesco.com/groceries/en-GB/products/300594972,1687616152.798068,"['£0.85', '£3.40/kg']",0.85,£3.40/kg
11634,Fragata Halkidiki Olives With Garlic & Thyme 50G,https://www.tesco.com/groceries/en-GB/products/313513865,1687616152.864819,"['£1.00', '£2.00/100g']",1.0,£2.00/100g
11636,Gummy Zone Pizza 21G,https://www.tesco.com/groceries/en-GB/products/313848117,1687616152.997089,"['£0.30', '£1.43/100g']",0.3,£1.43/100g
11638,Capsicana The Ultimate Refried Black Beans 200G,https://www.tesco.com/groceries/en-GB/products/313944049,1687616153.1361501,"['£2.45', '£1.22/100g']",2.45,£1.22/100g
11639,Jimjams Hazelnut Chocolate Spread 350G,https://www.tesco.com/groceries/en-GB/products/292991583,1687616153.225184,"['£2.80', '£0.80/100g']",2.8,£0.80/100g
11640,Tesco Bbq Pizza Topper 190G,https://www.tesco.com/groceries/en-GB/products/312984544,1687616153.351237,"['£1.65', '£0.87/100g']",1.65,£0.87/100g
11641,Very Lazy Jerk Paste 120G,https://www.tesco.com/groceries/en-GB/products/313185584,1687616153.416558,"['£2.00', '£0.17/10g']",2.0,£0.17/10g
11642,Dr. Oetker Make Your Own Pizza Baking Kit 440G,https://www.tesco.com/groceries/en-GB/products/314601016,1687616153.5171251,"['£3.00', '£6.82/kg']",3.0,£6.82/kg
11643,Tony's Chocolonely Milk Chocolate Caramel Biscuit 180G,https://www.tesco.com/groceries/en-GB/products/312855147,1687616153.587832,"['£3.00', '£1.67/100g']",3.0,£1.67/100g
11644,Capsicana The Ultimate Refried Pinto Beans 200G,https://www.tesco.com/groceries/en-GB/products/313961092,1687616153.655838,"['£2.45', '£1.22/100g']",2.45,£1.22/100g
11645,Tesco 8 Plain Dough Sticks 320G,https://www.tesco.com/groceries/en-GB/products/312850927,1687616153.746271,"['£2.35', '£0.73/100g']",2.35,£0.73/100g
11646,Cadbury Milk Chocolate Puddings 2X95g,https://www.tesco.com/groceries/en-GB/products/286581530,1687616153.8179898,"['£2.35', '£1.24/100g']",2.35,£1.24/100g
11647,"Tesco Finest Tomato, Aubergine & Ricotta Pasta Sauce 340G",https://www.tesco.com/groceries/en-GB/products/312996236,1687616153.915189,"['£1.85', '£0.54/100g']",1.85,£0.54/100g
11648,Costa Mediterranean Sea Salt Fine 750G,https://www.tesco.com/groceries/en-GB/products/313851850,1687616153.991328,"['£1.85', '£2.47/kg']",1.85,£2.47/kg
11649,Nerds Candy Rainbow Fruit Flavour 141.7G,https://www.tesco.com/groceries/en-GB/products/313376767,1687616154.059529,"['£2.50', '£1.76/100g']",2.5,£1.76/100g
11650,Cornish Sea Salt Pinch Salt Chilli 50G,https://www.tesco.com/groceries/en-GB/products/279533276,1687616154.1523058,"['£1.75', '£35.00/kg']",1.75,£35.00/kg
11651,Tesco 4 Mini Pizza Bases,https://www.tesco.com/groceries/en-GB/products/312577928,1687616154.241408,"['£1.60', '£1.60/each']",1.6,£1.60/each
11652,Oxo Reduced Salt Beef Stock Pots With Rosemary 4X20g,https://www.tesco.com/groceries/en-GB/products/312998467,1687616154.314183,"['£2.00', '£2.50/100g']",2.0,£2.50/100g
11653,Dole Tropical Fruit In Juice 4X113g,https://www.tesco.com/groceries/en-GB/products/302170860,1687616154.403119,"['£2.20', '£0.49/100g DR.WT']",2.2,£0.49/100g DR.WT
11654,Dole Mangoes In Fruit Juice 4 X 113G,https://www.tesco.com/groceries/en-GB/products/312578567,1687616161.7401469,"['£2.20', '£0.81/100g DR.WT']",2.2,£0.81/100g DR.WT
11655,Oxo Chicken Reduced Salt Stock Pot 4 Pack 80G,https://www.tesco.com/groceries/en-GB/products/313625485,1687616161.815721,"['£2.00', '£2.50/100g']",2.0,£2.50/100g
11656,Oxo Beef Onion & Rosemary Stock Pot 4 Pack 80G,https://www.tesco.com/groceries/en-GB/products/313162951,1687616161.907928,"['£2.00', '£2.50/100g']",2.0,£2.50/100g
11657,Haribo Super Mix 400G,https://www.tesco.com/groceries/en-GB/products/296527327,1687616161.997117,"['£2.50', '£0.62/100g']",2.5,£0.62/100g
11658,Loyd Grossman Flame Baked Pizza Bases 2 Pack 220G,https://www.tesco.com/groceries/en-GB/products/313501545,1687616162.0706098,"['£2.50', '£1.14/100g']",2.5,£1.14/100g
11659,Cadbury Dairy Milk Giant Buttons 184.8G,https://www.tesco.com/groceries/en-GB/products/313383355,1687616162.167124,"['£2.00', '£1.08/100g']",2.0,£1.08/100g
11660,The Natural Confectionery Company Jelly Snakes 130G,https://www.tesco.com/groceries/en-GB/products/313954204,1687616162.236038,"['£1.25', '£0.96/100g']",1.25,£0.96/100g
11661,Milkybar Gold Chocolate Sharing Bar 85G,https://www.tesco.com/groceries/en-GB/products/313378454,1687616162.3024058,"['£1.25', '£1.47/100g']",1.25,£1.47/100g
11662,Squashies Drumstick Sour Cherry & Apple 160G,https://www.tesco.com/groceries/en-GB/products/286975519,1687616162.3694222,"['£1.15', '£0.72/100g']",1.15,£0.72/100g
11663,Fruitella Berries & Cherry Sweets 170G,https://www.tesco.com/groceries/en-GB/products/311952549,1687616162.4458601,"['£1.50', '£0.88/100g']",1.5,£0.88/100g
11664,Tesco Tomato & Garlic Stir In Sauce 155G,https://www.tesco.com/groceries/en-GB/products/312697607,1687616162.525734,"['£0.95', '£0.61/100g']",0.95,£0.61/100g
11665,Tesco Tomato & Basil Stir In Sauce 155G,https://www.tesco.com/groceries/en-GB/products/312720431,1687616162.5933409,"['£0.95', '£0.61/100g']",0.95,£0.61/100g
11666,Rowntree's Berry Hearts Sweets Sharing Bag 115G,https://www.tesco.com/groceries/en-GB/products/313623815,1687616162.661027,"['£1.25', '£1.09/100g']",1.25,£1.09/100g
11667,Cadbury Dairy Milk Salted Caramel Chocolate Bar 120G,https://www.tesco.com/groceries/en-GB/products/313523847,1687616162.727863,"['£1.35', '£1.12/100g']",1.35,£1.12/100g
11668,Rowntree's Jelly Snakes Sweets Sharing Bag 115G,https://www.tesco.com/groceries/en-GB/products/312835284,1687616162.8009632,"['£1.25', '£1.09/100g']",1.25,£1.09/100g
11669,Rowntree's Gummy Bears Sharing Bag 115G,https://www.tesco.com/groceries/en-GB/products/313605181,1687616162.866875,"['£1.25', '£1.09/100g']",1.25,£1.09/100g
11670,Rowntree's Safari Mix Sweets 115G,https://www.tesco.com/groceries/en-GB/products/313625525,1687616162.937438,"['£1.25', '£1.09/100g']",1.25,£1.09/100g
11671,Nerdsd Candy Grape & Strawberry 46.7G,https://www.tesco.com/groceries/en-GB/products/313751527,1687616163.009256,"['£1.30', '£2.78/100g']",1.3,£2.78/100g
11672,Nerds Candy Watermelon & Cherry 46.7G,https://www.tesco.com/groceries/en-GB/products/313854150,1687616163.0987468,"['£1.30', '£2.78/100g']",1.3,£2.78/100g
11673,"UFC VELVET DAIRY FREE COCONUT MILK DRINK, CHOCOLATE 1L",https://www.tesco.com/groceries/en-GB/products/314696260,1687616163.189219,"['£3.90', '£0.39/100ml']",3.9,£0.39/100ml
11675,Napolina Fusilli Pasta 1Kg,https://www.tesco.com/groceries/en-GB/products/313387967,1687616163.3501298,"['£2.50', '£2.50/kg']",2.5,£2.50/kg
11676,Homepride No Added Sugar Tomato Cheddar Pasta Bake Sauce 485G,https://www.tesco.com/groceries/en-GB/products/313369920,1687616163.419752,"['£2.80', '£0.58/100g']",2.8,£0.58/100g
11677,Filippo Berio Arrabbiata Pasta Sauce 340G,https://www.tesco.com/groceries/en-GB/products/313607582,1687616163.5401778,"['£2.65', '£0.78/100g']",2.65,£0.78/100g
11678,Filippo Berio Olive Pasta Sauce 340G,https://www.tesco.com/groceries/en-GB/products/313615612,1687616163.6095219,"['£2.65', '£0.78/100g']",2.65,£0.78/100g
11679,Filippo Berio Basilico Pasta Sauce 340G,https://www.tesco.com/groceries/en-GB/products/313617691,1687616163.677695,"['£2.65', '£0.78/100g']",2.65,£0.78/100g
11680,Filippo Berio Chargrilled Vegetables Pasta Sauce 340G,https://www.tesco.com/groceries/en-GB/products/313627108,1687616163.7443058,"['£2.65', '£0.78/100g']",2.65,£0.78/100g
11681,Tic Tac Mint 4 X 18G,https://www.tesco.com/groceries/en-GB/products/313627157,1687616163.812862,"['£1.60', '£1.60/each']",1.6,£1.60/each
11682,Kellogg's Frosties Cereal 470G,https://www.tesco.com/groceries/en-GB/products/313748178,1687616163.887159,"['£3.30', '£0.70/100g']",3.3,£0.70/100g
11683,Jaldee Halal Turkey Deli Sticks 160g,https://www.tesco.com/groceries/en-GB/products/314844347,1687616163.981728,"['£2.25', '£1.41/100g']",2.25,£1.41/100g
11684,Doves Farm Organic White Self Raising Flour 1Kg,https://www.tesco.com/groceries/en-GB/products/302174124,1687616164.047852,"['£2.40', '£2.40/kg']",2.4,£2.40/kg
11685,Tesco Finest Sun Dried Tomato & Roasted Garlic Concentrated Sauce 265G,https://www.tesco.com/groceries/en-GB/products/313167082,1687616164.117146,"['£1.75', '£0.66/100g']",1.75,£0.66/100g
11686,Plantastic Pasta Sauce Sweet Potato & Caramelised Onion 350G,https://www.tesco.com/groceries/en-GB/products/313161802,1687616164.185318,"['£2.80', '£0.80/100g']",2.8,£0.80/100g
11687,Maynards Bassetts Liquorice Allsorts 350G,https://www.tesco.com/groceries/en-GB/products/313840304,1687616164.2532501,"['£2.00', '£0.57/100g']",2.0,£0.57/100g
11688,Oxo Stock Pots Red Wine 4 X 20G,https://www.tesco.com/groceries/en-GB/products/313520580,1687616164.3245382,"['£2.00', '£2.50/100g']",2.0,£2.50/100g
11689,Nairn's Gluten Free Oaties Chocolate Chip Biscuits 160G,https://www.tesco.com/groceries/en-GB/products/313511602,1687616164.4122372,"['£1.40', '£0.88/100g']",1.4,£0.88/100g
11690,Nairn's Gluten Free Oaties Biscuits 160G,https://www.tesco.com/groceries/en-GB/products/313617593,1687616164.5572622,"['£1.40', '£0.88/100g']",1.4,£0.88/100g
11692,Tesco Pesto Pasta 200G,https://www.tesco.com/groceries/en-GB/products/312703924,1687616164.719291,"['£1.20', '£6.00/kg']",1.2,£6.00/kg
11693,Carrs Self Raising Flour 1Kg,https://www.tesco.com/groceries/en-GB/products/264883892,1687616164.791244,"['£1.07', '£1.07/kg']",1.07,£1.07/kg
11694,Frank's Red Hot Smoked Chipotle Sauce 135Ml,https://www.tesco.com/groceries/en-GB/products/311437987,1687616164.870124,"['£2.20', '£16.30/litre']",2.2,£16.30/litre
11695,Sweet Zone Halal Candy Floss 50G,https://www.tesco.com/groceries/en-GB/products/282249211,1687616164.9641569,"['£1.00', '£2.00/100g']",1.0,£2.00/100g
11696,Mug Shot Pasta Chicken & Mushroom 64G,https://www.tesco.com/groceries/en-GB/products/314093587,1687616165.0454998,"['£0.85', '£13.28/kg']",0.85,£13.28/kg
11697,Batchelors Pasta & Sauce Creamy Four Cheese 99G,https://www.tesco.com/groceries/en-GB/products/314114466,1687616165.1124349,"['£1.10', '£11.11/kg']",1.1,£11.11/kg
11698,Very Lazy Zingy Chilli Boost 180G,https://www.tesco.com/groceries/en-GB/products/313520925,1687616165.20649,"['£3.00', '£0.17/10g']",3.0,£0.17/10g
11699,Very Lazy Smokey Chilli Boost 180G,https://www.tesco.com/groceries/en-GB/products/313502567,1687616165.276337,"['£3.00', '£0.17/10g']",3.0,£0.17/10g
11700,Cadbury Dairy Milk Freddo Caramel 5 Pack 97.5G,https://www.tesco.com/groceries/en-GB/products/313748938,1687616165.343263,"['£1.25', '£1.28/100g']",1.25,£1.28/100g
11701,Mr Kipling Cherry Bakewell Spng Puddings 2X95g,https://www.tesco.com/groceries/en-GB/products/286581835,1687616165.410033,"['£2.35', '£12.37/kg']",2.35,£12.37/kg
11702,Betty Crocker Peanut Butter Cookie Mix 310G,https://www.tesco.com/groceries/en-GB/products/313832297,1687616172.074267,"['£3.00', '£9.68/kg']",3.0,£9.68/kg
11703,Very Lazy Umami Paste 125G,https://www.tesco.com/groceries/en-GB/products/313512624,1687616172.1576,"['£2.00', '£0.16/10g']",2.0,£0.16/10g
11704,Very Lazy Cajun Paste 130G,https://www.tesco.com/groceries/en-GB/products/313384319,1687616172.240643,"['£2.00', '£0.15/10g']",2.0,£0.15/10g
11705,M/Bassets Liquorice Allsorts 350G,https://www.tesco.com/groceries/en-GB/products/313754216,1687616172.336452,"['£3.00', '£0.86/100g']",3.0,£0.86/100g
11706,Maynards Bassetts Wine Gums 350G,https://www.tesco.com/groceries/en-GB/products/313612840,1687616172.478998,"['£3.00', '£0.86/100g']",3.0,£0.86/100g
11707,Maynards Bassetts Jelly Babies 350G,https://www.tesco.com/groceries/en-GB/products/313607553,1687616172.551222,"['£3.00', '£0.86/100g']",3.0,£0.86/100g
11708,Cake Decor Pizza Biscuit Kit 236G,https://www.tesco.com/groceries/en-GB/products/314596418,1687616172.6276858,"['£2.40', '£10.17/kg']",2.4,£10.17/kg
11709,Warburtons Gluten Free Cinnamon & Raisin Sliced Fruity Buns 4 Pack,https://www.tesco.com/groceries/en-GB/products/313601381,1687616172.70171,"['£2.90', '£0.72/each']",2.9,£0.72/each
11710,Aunty's Chocolate Melt In The Middle Steamed Puddings 2X100g,https://www.tesco.com/groceries/en-GB/products/312367526,1687616172.770561,"['£1.90', '£0.95/100g']",1.9,£0.95/100g
11711,Aunty's Melt In The Middle Salted Caramel Pudding 2 X 100G,https://www.tesco.com/groceries/en-GB/products/312842298,1687616172.8383439,"['£1.90', '£0.95/100g']",1.9,£0.95/100g
11712,Celebrations Chocolates 300G,https://www.tesco.com/groceries/en-GB/products/313521210,1687616172.907867,"['£4.00', '£1.33/100g']",4.0,£1.33/100g
11713,Cadbury Dairy Milk Freddo 5 Pack 90G,https://www.tesco.com/groceries/en-GB/products/305529064,1687616172.9987142,"['£1.25', '£1.39/100g']",1.25,£1.39/100g
11714,Toffifee 15 Pack 125G,https://www.tesco.com/groceries/en-GB/products/313525246,1687616173.065799,"['£1.80', '£1.44/100g']",1.8,£1.44/100g
11715,Mikado Milk 75G,https://www.tesco.com/groceries/en-GB/products/264396691,1687616173.158459,"['£1.25', '£1.67/100g']",1.25,£1.67/100g
11716,Village Pride Jasmine Fragrant Rice 10kg,https://www.tesco.com/groceries/en-GB/products/314300009,1687616173.231151,"['£18.50', '£1.85/kg']",18.5,£1.85/kg
11717,Nuts About Nature 100% Peanut Butter Smooth No Added Sugar 1Kg,https://www.tesco.com/groceries/en-GB/products/313176785,1687616173.300777,"['£4.50', '£0.45/100g']",4.5,£0.45/100g
11718,Tesco Fruit Muesli 750G,https://www.tesco.com/groceries/en-GB/products/313186237,1687616173.37435,"['£2.60', '£0.35/100g']",2.6,£0.35/100g
11719,Tony's Chocolonely Milk Chocolate Creamy Hazelnut Crunch 180G,https://www.tesco.com/groceries/en-GB/products/313843059,1687616173.441586,"['£3.00', '£1.67/100g']",3.0,£1.67/100g
11720,Tony's Chocolonely Milk Chocolate Chip Cookie 180G,https://www.tesco.com/groceries/en-GB/products/313752725,1687616173.5085561,"['£3.00', '£1.67/100g']",3.0,£1.67/100g
11721,Montezuma's Happiccino Milk Chocolate Coffee 90G,https://www.tesco.com/groceries/en-GB/products/313844784,1687616173.584437,"['£2.75', '£3.06/100g']",2.75,£3.06/100g
11722,Tony's Chocolonely Dark Milk Chocolate Bar With Brwnie Pieces 180G,https://www.tesco.com/groceries/en-GB/products/312852142,1687616173.716511,"['£3.00', '£3.00/each']",3.0,£3.00/each
11723,Tony's Ben&Jerry White Chocolate Strawberry Cheesecake 180G,https://www.tesco.com/groceries/en-GB/products/312834348,1687616173.784265,"['£3.00', '£3.00/each']",3.0,£3.00/each
11724,Stagg Vegetable Garden Chilli 400G,https://www.tesco.com/groceries/en-GB/products/266523066,1687616173.849798,"['£2.20', '£5.50/kg']",2.2,£5.50/kg
11725,Regal Soonfi Cake Rusks 18 Pieces,https://www.tesco.com/groceries/en-GB/products/281280773,1687616173.927104,"['£2.50', '£0.68/100g']",2.5,£0.68/100g
11726,Maynards Bassetts Jelly Babies 350G,https://www.tesco.com/groceries/en-GB/products/313966288,1687616173.995283,"['£2.00', '£0.57/100g']",2.0,£0.57/100g
11727,Tesco Strawberry Granola 1Kg,https://www.tesco.com/groceries/en-GB/products/313160291,1687616174.0608299,"['£2.25', '£0.22/100g']",2.25,£0.22/100g
11728,Wagamama Korean Style Bbq Stir Fry Sauce Medium 120G,https://www.tesco.com/groceries/en-GB/products/313848428,1687616174.127481,"['£1.25', '£1.04/100g']",1.25,£1.04/100g
11729,Laila Chilli & Lemon grills 80g,https://www.tesco.com/groceries/en-GB/products/313847769,1687616174.2179909,"['£0.80', '£1.00/100g']",0.8,£1.00/100g
11730,Old Bay Seasoning 75G,https://www.tesco.com/groceries/en-GB/products/312989896,1687616174.2880142,"['£3.00', '£0.40/10g']",3.0,£0.40/10g
11731,Kellogg's Crunchy Nut Chocolate Clusters Cereal 400G,https://www.tesco.com/groceries/en-GB/products/313842469,1687616174.379928,"['£3.30', '£0.82/100g']",3.3,£0.82/100g
11732,Hellmann's Light Mayonnaise 600G Jar,https://www.tesco.com/groceries/en-GB/products/257202581,1687616174.446861,"['£3.75', '£0.62/100g']",3.75,£0.62/100g
11733,Kellogg's Crunchy Nut Honey & Nut Clusters Cereal 400G,https://www.tesco.com/groceries/en-GB/products/313737865,1687616174.51364,"['£3.30', '£0.82/100g']",3.3,£0.82/100g
11734,Hellmann's Real Mayonnaise 600G Jar,https://www.tesco.com/groceries/en-GB/products/254884595,1687616174.579916,"['£3.75', '£0.62/100g']",3.75,£0.62/100g
11735,Wedel Vanilla Marshmallow in Dark Chocolate 340g,https://www.tesco.com/groceries/en-GB/products/313752846,1687616174.656566,"['£4.50', '£1.32/100g']",4.5,£1.32/100g
11736,Kellogg's Krave Milk Chocolate Cereal 750G,https://www.tesco.com/groceries/en-GB/products/313602267,1687616174.726502,"['£4.00', '£0.53/100g']",4.0,£0.53/100g
11737,Kellogg's Krave Chocolate Hazelnut Flavour Cereal 750G,https://www.tesco.com/groceries/en-GB/products/313177260,1687616174.848139,"['£4.00', '£0.53/100g']",4.0,£0.53/100g
11738,The Foraging Fox Spiced Turmeric Mayonnaise 240G,https://www.tesco.com/groceries/en-GB/products/314425651,1687616174.915189,"['£3.50', '£1.46/100g']",3.5,£1.46/100g
11739,Hilltop Maple Flavoured Syrup 230G,https://www.tesco.com/groceries/en-GB/products/313504818,1687616175.011903,"['£2.00', '£0.87/100g']",2.0,£0.87/100g
11740,Itsu Chick-N Ramen Rice Noodle Cup 64G,https://www.tesco.com/groceries/en-GB/products/312212407,1687616175.0776598,"['£1.85', '£28.91/kg']",1.85,£28.91/kg
11741,Dawtona Tomato Juice 300Ml,https://www.tesco.com/groceries/en-GB/products/313736152,1687616175.1504881,"['£0.95', '£0.32/100ml']",0.95,£0.32/100ml
11743,TUSKER KENYAN LAGER 500ML,https://www.tesco.com/groceries/en-GB/products/272429768,1687616175.328029,"['£2.50', '£5.00/litre']",2.5,£5.00/litre
11744,Nissin Soba Instant Japanese Curry Cup Noodles 90G,https://www.tesco.com/groceries/en-GB/products/313964676,1687616175.4036858,"['£1.70', '£18.89/kg']",1.7,£18.89/kg
11745,Pot Noodle Fusions Katsu Curry 100G,https://www.tesco.com/groceries/en-GB/products/313622091,1687616175.4716742,"['£1.40', '£14.00/kg']",1.4,£14.00/kg
11746,Pot Noodle Fusions Thai Green Curry 117G,https://www.tesco.com/groceries/en-GB/products/313512526,1687616175.539477,"['£1.40', '£11.97/kg']",1.4,£11.97/kg
11747,Pot Noodle Fusions Chilli Chicken 100G,https://www.tesco.com/groceries/en-GB/products/313611956,1687616175.606148,"['£1.40', '£14.00/kg']",1.4,£14.00/kg
11748,Plantastic Satay Noodles With Sweet Pepper 68G,https://www.tesco.com/groceries/en-GB/products/312346557,1687616175.678952,"['£1.15', '£16.91/kg']",1.15,£16.91/kg
11749,Popworks Sweet Bbq Popped Crisps 28G,https://www.tesco.com/groceries/en-GB/products/312085257,1687616175.7678132,"['£0.95', '£3.39/100g']",0.95,£3.39/100g
11750,Maggi Juicy Butter Chicken 41g,https://www.tesco.com/groceries/en-GB/products/314311394,1687616181.274173,"['£0.70', '£1.71/100g']",0.7,£1.71/100g
11751,Tesco Chargrilled Mixed Antipasti 280G,https://www.tesco.com/groceries/en-GB/products/312700757,1687616181.345205,"['£3.15', '£1.12/100g']",3.15,£1.12/100g
11752,Ambrosia Chocolate Flavour Devon Custard 4X120g,https://www.tesco.com/groceries/en-GB/products/312843648,1687616181.435213,"['£2.95', '£0.62/100g']",2.95,£0.62/100g
11753,Tesco Slow Roasted Tomatoes 285G,https://www.tesco.com/groceries/en-GB/products/313004270,1687616181.5064309,"['£3.15', '£1.10/100g']",3.15,£1.10/100g
11754,Polli Sundried Sliced Tomatoes In Oil 190G,https://www.tesco.com/groceries/en-GB/products/313622937,1687616181.603404,"['£2.35', '£1.24/100g']",2.35,£1.24/100g
11755,Fragata Pimiento Piquillo Peppers 230G,https://www.tesco.com/groceries/en-GB/products/313504487,1687616181.678693,"['£2.30', '£1.00/100g']",2.3,£1.00/100g
11756,Ambrosia Light Less Sugar & Fat Rice Pudding 4X125g,https://www.tesco.com/groceries/en-GB/products/312997840,1687616181.745089,"['£2.95', '£0.59/100g']",2.95,£0.59/100g
11757,Tesco Spicy Pizza Topper 190G,https://www.tesco.com/groceries/en-GB/products/312697285,1687616181.811698,"['£1.65', '£0.87/100g']",1.65,£0.87/100g
11758,Mr Kipling Sponge Pudding Raspberry 2X95g,https://www.tesco.com/groceries/en-GB/products/282662922,1687616181.877943,"['£2.35', '£1.24/100g']",2.35,£1.24/100g
11759,Tesco Cream Cheese Stuffed Peppers 290G,https://www.tesco.com/groceries/en-GB/products/312999325,1687616181.947003,"['£3.15', '£1.09/100g']",3.15,£1.09/100g
11760,Very Lazy Smoked Garlic Paste 120G,https://www.tesco.com/groceries/en-GB/products/313374815,1687616182.0385,"['£2.00', '£0.17/10g']",2.0,£0.17/10g
11761,Tic Tac Fruit Adventure 4 Pack 72G,https://www.tesco.com/groceries/en-GB/products/313757806,1687616182.1128361,"['£2.00', '£2.78/100g']",2.0,£2.78/100g
11762,Capsicana 6 Large Tortilla Wheat Flour Wraps 390G,https://www.tesco.com/groceries/en-GB/products/313949317,1687616182.183051,"['£2.25', '£0.58/100g']",2.25,£0.58/100g
11763,Angel Delight Butterscotch Flavour Dessert Pots 4X70g,https://www.tesco.com/groceries/en-GB/products/312836594,1687616182.25197,"['£3.00', '£1.07/100g']",3.0,£1.07/100g
11764,Schwartz Sesame Seeds 43G,https://www.tesco.com/groceries/en-GB/products/313749148,1687616182.31882,"['£2.00', '£0.46/10g']",2.0,£0.46/10g
11765,Capsicana 8 Mini Tortilla Wheat Flour Wraps 240G,https://www.tesco.com/groceries/en-GB/products/313950220,1687616182.409656,"['£1.85', '£0.77/100g']",1.85,£0.77/100g
11766,Knorr Chicken Gravy Pot 4X28g,https://www.tesco.com/groceries/en-GB/products/314596194,1687616182.47762,"['£2.00', '£1.79/100g']",2.0,£1.79/100g
11767,Tesco American Inspired Mustard 310G,https://www.tesco.com/groceries/en-GB/products/311676974,1687616182.556525,"['£1.70', '£0.55/100g']",1.7,£0.55/100g
11768,Cadbury Dairy Milk Crunchie Chocolate Barsx9 235G,https://www.tesco.com/groceries/en-GB/products/292215328,1687616182.6240482,"['£2.50', '£1.06/100g']",2.5,£1.06/100g
11769,Knorr Onion Gravy Pot 4X28g,https://www.tesco.com/groceries/en-GB/products/314587406,1687616182.691972,"['£2.00', '£1.79/100g']",2.0,£1.79/100g
11770,Peppadew Sweet Piquante Peppers Mild Chopped 280G,https://www.tesco.com/groceries/en-GB/products/313519594,1687616182.757596,"['£2.05', '£1.58/100g DR.WT']",2.05,£1.58/100g DR.WT
11772,Fragata Piri Piri 99G,https://www.tesco.com/groceries/en-GB/products/272749752,1687616182.9161391,"['£1.50', '£2.63/100g DR.WT']",1.5,£2.63/100g DR.WT
11773,Cadbury Twirl Chocolate Bars 10 Pack Multipack 215G,https://www.tesco.com/groceries/en-GB/products/313377417,1687616182.9902961,"['£2.50', '£1.16/100g']",2.5,£1.16/100g
11774,Cadbury Dairy Milk 9 Pack 244.8G,https://www.tesco.com/groceries/en-GB/products/309498248,1687616183.056055,"['£2.50', '£1.02/100g']",2.5,£1.02/100g
11775,Mr Freeze Sugar Free Freeze Pops 20 X 45Ml,https://www.tesco.com/groceries/en-GB/products/313164413,1687616183.1578162,"['£1.50', '£0.17/100ml']",1.5,£0.17/100ml
11777,Ambrosia Dessert Pots Chocolate & Salted Caramel Sauce 2X110g,https://www.tesco.com/groceries/en-GB/products/312987351,1687616183.3200471,"['£1.60', '£0.73/100g']",1.6,£0.73/100g
11778,Ambrosia Chocolate & Mint Fondant Sauce Dessert Pots 2X110g,https://www.tesco.com/groceries/en-GB/products/312845992,1687616183.388809,"['£1.60', '£0.73/100g']",1.6,£0.73/100g
11779,Angel Delight Chocolate Mint Flavour 59G,https://www.tesco.com/groceries/en-GB/products/297502270,1687616183.462511,"['£0.90', '£1.52/100g']",0.9,£1.52/100g
11780,Growers Harvest Microwave Wholegrain Rice 250G,https://www.tesco.com/groceries/en-GB/products/312717891,1687616183.528642,"['£0.42', '£1.68/kg']",0.42,£1.68/kg
11781,Krupnik Clear Vodka 500ml,https://www.tesco.com/groceries/en-GB/products/313750278,1687616183.597066,"['£14.00', '£28.00/litre']",14.0,£28.00/litre
11782,Bunting Cake Topper,https://www.tesco.com/groceries/en-GB/products/313245462,1687616183.6636019,"['£3.00', '£3.00/each']",3.0,£3.00/each
11783,Krupnik Cherry Vodka Liqueur 500ml,https://www.tesco.com/groceries/en-GB/products/313523876,1687616183.7529302,"['£11.00', '£22.00/litre']",11.0,£22.00/litre
11784,The Spice Tailor Indonesian Peanut Satay Sauce 275G,https://www.tesco.com/groceries/en-GB/products/314313288,1687616183.817803,"['£3.75', '£1.36/100g']",3.75,£1.36/100g
11785,Krupnik Nut Vodka Liqueur 500ml,https://www.tesco.com/groceries/en-GB/products/313843606,1687616183.888729,"['£11.00', '£22.00/litre']",11.0,£22.00/litre
11786,Wagamama Yaki Soba Meal Kit 170G,https://www.tesco.com/groceries/en-GB/products/313361168,1687616183.95484,"['£3.50', '£20.59/kg']",3.5,£20.59/kg
11787,Very Lazy Shawarma Paste 120G,https://www.tesco.com/groceries/en-GB/products/313166526,1687616184.077739,"['£2.00', '£0.17/10g']",2.0,£0.17/10g
11788,Cake Decor Green Food Colouring 60Ml,https://www.tesco.com/groceries/en-GB/products/313739362,1687616184.18529,"['£1.50', '£0.25/10ml']",1.5,£0.25/10ml
11789,Cake Decor Yellow Food Colouring 60Ml,https://www.tesco.com/groceries/en-GB/products/313626616,1687616184.2521951,"['£1.50', '£0.25/10ml']",1.5,£0.25/10ml
11790,We Love Cake Free From 4 Sticky Toffee Slices 158G,https://www.tesco.com/groceries/en-GB/products/311214139,1687616184.320992,"['£2.00', '£1.27/100g']",2.0,£1.27/100g
11791,Tilda Microwave Sticky Medium Grain Rice 250G,https://www.tesco.com/groceries/en-GB/products/313612241,1687616184.4038022,"['£0.95', '£3.80/kg']",0.95,£3.80/kg
11792,Kellogg's Variety Cereal 8 Pack 196G,https://www.tesco.com/groceries/en-GB/products/313372218,1687616184.476685,"['£3.00', '£1.53/100g']",3.0,£1.53/100g
11793,Cake Decor Fudge Chunks 100G,https://www.tesco.com/groceries/en-GB/products/313753056,1687616184.5459998,"['£1.50', '£1.50/100g']",1.5,£1.50/100g
11794,Cake Decor Honeycomb Pieces 100G,https://www.tesco.com/groceries/en-GB/products/313860067,1687616184.614848,"['£1.50', '£1.50/100g']",1.5,£1.50/100g
11795,Sharwood's Japanese Katsu Curry Sauce 415G,https://www.tesco.com/groceries/en-GB/products/313958880,1687616184.685067,"['£2.80', '£0.68/100g']",2.8,£0.68/100g
11796,Wagamama Firecracker Stir Fry Sauce 120G,https://www.tesco.com/groceries/en-GB/products/313851429,1687616184.7852921,"['£1.25', '£1.04/100g']",1.25,£1.04/100g
11797,Wagamama Pad Thai Stir Fry Mild Sauce 120G,https://www.tesco.com/groceries/en-GB/products/313842247,1687616184.879659,"['£1.25', '£1.04/100g']",1.25,£1.04/100g
11798,Wagamama Sweet Cherry Hoisin Mild Stir Fry Sauce 120G,https://www.tesco.com/groceries/en-GB/products/313622085,1687616190.0368152,"['£1.25', '£1.04/100g']",1.25,£1.04/100g
11799,Wagamama Teriyaki Stir Fry Sauce Mild 120G,https://www.tesco.com/groceries/en-GB/products/313733374,1687616190.26669,"['£1.25', '£1.04/100g']",1.25,£1.04/100g
11800,Tilda Microwave Golden Vegetable Rice 250G,https://www.tesco.com/groceries/en-GB/products/313508365,1687616190.365061,"['£0.95', '£3.80/kg']",0.95,£3.80/kg
11802,Batchelors Potatoes In Water 400G,https://www.tesco.com/groceries/en-GB/products/313730567,1687616190.538404,"['£0.85', '£0.32/100g DR.WT']",0.85,£0.32/100g DR.WT
11803,Growers Harvest Microwave Long Grain Rice 250G,https://www.tesco.com/groceries/en-GB/products/312844780,1687616190.612291,"['£0.42', '£1.68/kg']",0.42,£1.68/kg
11804,Hilltop Premium Manuka Honey 800+Mgo 225G,https://www.tesco.com/groceries/en-GB/products/313174087,1687616190.6869388,"['£35.00', '£15.56/100g']",35.0,£15.56/100g
11805,Hilltop Premium Manuka Honey 500+ Mgo 225G,https://www.tesco.com/groceries/en-GB/products/312988851,1687616190.75403,"['£20.00', '£8.89/100g']",20.0,£8.89/100g
11806,Hilltop Manuka 350+Mgo New Zealand Honey 225G,https://www.tesco.com/groceries/en-GB/products/312827098,1687616190.819943,"['£17.00', '£7.56/100g']",17.0,£7.56/100g
11807,Hilltop Premium Manuka Honey 250+ Mgo 225G,https://www.tesco.com/groceries/en-GB/products/313005263,1687616190.886391,"['£12.00', '£5.33/100g']",12.0,£5.33/100g
11808,Hilltop Premium Manuka 100+ Mgo Honey Of New Zealand 225G,https://www.tesco.com/groceries/en-GB/products/312363939,1687616190.955901,"['£8.00', '£3.56/100g']",8.0,£3.56/100g
11809,Naturya Menopause Support Mixed Berry Flavour 175g,https://www.tesco.com/groceries/en-GB/products/314430834,1687616191.025737,"['£8.00', '£45.71/kg']",8.0,£45.71/kg
11810,Naturya Collagen Support Vivid Vanilla 140g,https://www.tesco.com/groceries/en-GB/products/313850603,1687616191.095573,"['£8.00', '£57.14/kg']",8.0,£57.14/kg
11811,Go Cook Round Springform Cake Tin 23Cm,https://www.tesco.com/groceries/en-GB/products/312814856,1687616191.1742551,"['£7.00', '£7.00/each']",7.0,£7.00/each
11812,Go Cook Marble 12 Cup Muffin Tray,https://www.tesco.com/groceries/en-GB/products/312814833,1687616191.242039,"['£7.00', '£7.00/each']",7.0,£7.00/each
11813,Go Cook Loose Base Cake Tin 21Cm,https://www.tesco.com/groceries/en-GB/products/312814862,1687616191.313262,"['£6.00', '£6.00/each']",6.0,£6.00/each
11814,Go Cook Marble Sqaure Cake Tin 20Cm,https://www.tesco.com/groceries/en-GB/products/312814847,1687616191.380883,"['£5.00', '£5.00/each']",5.0,£5.00/each
11815,Tesco Free From Stripey Caterpillar Cake,https://www.tesco.com/groceries/en-GB/products/313846563,1687616191.4491332,"['£7.00', '£7.00/each']",7.0,£7.00/each
11816,Naturya Gut Feel Flaxseed Blend Mixed Berry 240g,https://www.tesco.com/groceries/en-GB/products/314581188,1687616191.515871,"['£5.00', '£20.83/kg']",5.0,£20.83/kg
11817,Naturya Chia+ Chocolate Organic 175g,https://www.tesco.com/groceries/en-GB/products/314590776,1687616191.586931,"['£5.00', '£28.57/kg']",5.0,£28.57/kg
11818,Naturya Chia+ Strawberry Organic 175g,https://www.tesco.com/groceries/en-GB/products/313955036,1687616191.65677,"['£5.00', '£28.57/kg']",5.0,£28.57/kg
11819,Aussie Bonza Colour Hair Conditioner 350Ml,https://www.tesco.com/groceries/en-GB/products/311681040,1687616191.758702,"['£6.00', '£1.71/100ml']",6.0,£1.71/100ml
11820,Go Cook Marble Loaf Tin 23Cm,https://www.tesco.com/groceries/en-GB/products/312814827,1687616191.824822,"['£4.00', '£4.00/each']",4.0,£4.00/each
11821,Hellmann's Vegan Mayonnaise 475G,https://www.tesco.com/groceries/en-GB/products/313503088,1687616191.891055,"['£3.80', '£0.80/100g']",3.8,£0.80/100g
11822,Fulfil Chocolate Hazelnut Whip Vitamin & Protein Bar 40G,https://www.tesco.com/groceries/en-GB/products/313731606,1687616191.9904692,"['£2.00', '£5.00/100g']",2.0,£5.00/100g
11823,Pantene Pro-V Miracles Colour Gloss Conditioner 275Ml,https://www.tesco.com/groceries/en-GB/products/313606341,1687616192.102165,"['£6.00', '£2.18/100ml']",6.0,£2.18/100ml
11824,Tresemme Revitalise Colour Conditioner 300Ml,https://www.tesco.com/groceries/en-GB/products/313604746,1687616192.192037,"['£2.00', '£0.67/100ml']",2.0,£0.67/100ml
11825,Blue Dragon Wok Ready Wide Noodles 300G,https://www.tesco.com/groceries/en-GB/products/312575017,1687616192.280118,"['£1.80', '£6.00/kg']",1.8,£6.00/kg
11826,Blue Dragon Wok Ready Chilli Noodles 300G,https://www.tesco.com/groceries/en-GB/products/313011762,1687616192.368356,"['£1.80', '£6.00/kg']",1.8,£6.00/kg
11827,Cake Decor Madagascan Vanilla Extract 60Ml,https://www.tesco.com/groceries/en-GB/products/313611242,1687616192.4592419,"['£2.15', '£0.36/10ml']",2.15,£0.36/10ml
11828,Cake Decor Blue Food Colouring 60Ml,https://www.tesco.com/groceries/en-GB/products/313613096,1687616192.5460758,"['£1.50', '£0.25/10ml']",1.5,£0.25/10ml
11829,Blue Dragon Wok Ready Medium Noodles 300G,https://www.tesco.com/groceries/en-GB/products/312999550,1687616192.6126258,"['£1.80', '£6.00/kg']",1.8,£6.00/kg
11830,Heinz Plant-Based Vegan Creamy Tomato Soup 400G,https://www.tesco.com/groceries/en-GB/products/313002024,1687616192.700711,"['£1.70', '£0.42/100g']",1.7,£0.42/100g
11831,Kabuto Mac N' Cheese Sriracha Chilli 85G,https://www.tesco.com/groceries/en-GB/products/314097721,1687616192.7960541,"['£1.50', '£17.65/kg']",1.5,£17.65/kg
11832,Kabuto Mac N' Cheese Original 85G,https://www.tesco.com/groceries/en-GB/products/314102060,1687616192.8900878,"['£1.50', '£17.65/kg']",1.5,£17.65/kg
11833,Plantastic Cajun Rice With Tomato & Pepper 68G,https://www.tesco.com/groceries/en-GB/products/312702390,1687616193.030636,"['£1.15', '£16.91/kg']",1.15,£16.91/kg
11834,Cake Decor Vanilla Flavour 38Ml,https://www.tesco.com/groceries/en-GB/products/313844398,1687616193.120675,"['£0.59', '£0.16/10ml']",0.59,£0.16/10ml
11835,Growers Harvest Microwave Pilau Rice 250Ml,https://www.tesco.com/groceries/en-GB/products/312110462,1687616193.19892,"['£0.42', '£1.68/kg']",0.42,£1.68/kg
11837,Royal Chai Elaichi Tea With Sugar 220G,https://www.tesco.com/groceries/en-GB/products/260667014,1687616193.34589,"['£2.90', '£1.32/100g']",2.9,£1.32/100g
11838,Pukka Organic Peppermint & Licorice 20 Tea Bags 30G,https://www.tesco.com/groceries/en-GB/products/274530914,1687616202.0751538,"['£4.00', '£13.33/100g']",4.0,£13.33/100g
11839,Pukka Organic 3 Ginger 20 Tea Bags 36G,https://www.tesco.com/groceries/en-GB/products/264766979,1687616202.153389,"['£4.00', '£11.11/100g']",4.0,£11.11/100g
11840,Pepsi Max 24 X 330Ml,https://www.tesco.com/groceries/en-GB/products/282774907,1687616202.225246,"['£10.00', '£0.13/100ml']",10.0,£0.13/100ml
11841,Coca Cola Coke Zero 24X330ml,https://www.tesco.com/groceries/en-GB/products/281926402,1687616202.298391,"['£10.75', '£0.14/100ml']",10.75,£0.14/100ml
11842,Diet Coke 24 X 330 Ml Pack,https://www.tesco.com/groceries/en-GB/products/273824391,1687616202.3727942,"['£10.75', '£0.14/100ml']",10.75,£0.14/100ml
11843,Tesco Finest Prosecco Doc 75Cl,https://www.tesco.com/groceries/en-GB/products/262309747,1687616202.441364,"['£8.50', '£8.50/75cl']",8.5,£8.50/75cl
11844,Schweppes Slimline Tonic Water 1 Litre,https://www.tesco.com/groceries/en-GB/products/254857478,1687616202.507995,"['£1.75', '£0.18/100ml']",1.75,£0.18/100ml
11845,Pepsi Max Cola Bottle,https://www.tesco.com/groceries/en-GB/products/258056066,1687616202.573996,"['£1.99', '£0.10/100ml']",1.99,£0.10/100ml
11846,Tesco Semi Skimmed Longlife Milk 1 Litre,https://www.tesco.com/groceries/en-GB/products/254278040,1687616202.662657,"['£1.20', '£1.20/litre']",1.2,£1.20/litre
11847,Tesco Elmhurst English Still Water 6 X 2 Litre,https://www.tesco.com/groceries/en-GB/products/306657722,1687616202.760127,"['£2.50', '£0.02/100ml']",2.5,£0.02/100ml
11848,Cravendale Semi Skimmed Milk 2 Litre,https://www.tesco.com/groceries/en-GB/products/257264875,1687616202.831081,"['£2.60', '£1.30/litre']",2.6,£1.30/litre
11849,Diet Coke 2L,https://www.tesco.com/groceries/en-GB/products/297132631,1687616202.920064,"['£1.99', '£0.10/100ml']",1.99,£0.10/100ml
11850,Tesco Diet Lemonade 330Ml,https://www.tesco.com/groceries/en-GB/products/310169847,1687616203.0215192,"['£0.55', '£0.17/100ml']",0.55,£0.17/100ml
11851,Tesco Pure Apple Juice 1 Litre,https://www.tesco.com/groceries/en-GB/products/254859580,1687616203.112559,"['£1.15', '£0.12/100ml']",1.15,£0.12/100ml
11852,Tesco Skimmed Milk 1.136L/2 Pints,https://www.tesco.com/groceries/en-GB/products/252208041,1687616203.205138,"['£1.25', '£1.10/litre']",1.25,£1.10/litre
11853,Tesco Filtered Semi Skimmed Milk 1 Litre,https://www.tesco.com/groceries/en-GB/products/260388246,1687616203.275594,"['£1.35', '£1.35/litre']",1.35,£1.35/litre
11854,Tesco Semi Skimmed Milk 1.13L/2 Pints,https://www.tesco.com/groceries/en-GB/products/252207537,1687616203.343338,"['£1.25', '£1.11/litre']",1.25,£1.11/litre
11855,Tesco 100% Pure Squeezed Orange Juice Smooth Not From Concentrate 1L,https://www.tesco.com/groceries/en-GB/products/259151850,1687616203.41947,"['£1.70', '£0.17/100ml']",1.7,£0.17/100ml
11856,Tesco Filtered Semi Skimmed Milk 2 Litre,https://www.tesco.com/groceries/en-GB/products/253737115,1687616203.487392,"['£1.90', '£0.95/litre']",1.9,£0.95/litre
11857,Tesco Whole Milk 2 Pints/1.13L,https://www.tesco.com/groceries/en-GB/products/252207566,1687616203.5539541,"['£1.25', '£1.11/litre']",1.25,£1.11/litre
11858,Tesco Orange Zero 330Ml,https://www.tesco.com/groceries/en-GB/products/309748351,1687616203.6242461,"['£0.55', '£0.17/100ml']",0.55,£0.17/100ml
11859,Plaza Prosecco Rose 75Cl,https://www.tesco.com/groceries/en-GB/products/309757265,1687616203.71265,"['£7.50', '£7.50/75cl']",7.5,£7.50/75cl
11860,Tesco Sparkling Diet Lemonade 2L,https://www.tesco.com/groceries/en-GB/products/250654868,1687616203.806564,"['£0.60', '£0.03/100ml']",0.6,£0.03/100ml
11861,Tesco Pure Orange Juice Smooth 1 Litre,https://www.tesco.com/groceries/en-GB/products/254859516,1687616203.879602,"['£1.15', '£0.12/100ml']",1.15,£0.12/100ml
11862,Growers Harvest Pure Apple Juice 1 Litre,https://www.tesco.com/groceries/en-GB/products/300473931,1687616203.9711308,"['£0.85', '£0.08/100ml']",0.85,£0.08/100ml
11863,Tesco Skimmed Milk 2.272L/4 Pints,https://www.tesco.com/groceries/en-GB/products/254656508,1687616204.043461,"['£1.55', '£0.68/litre']",1.55,£0.68/litre
11864,Tesco British Semi Skimmed Milk 2.272L 4 Pints,https://www.tesco.com/groceries/en-GB/products/254656543,1687616204.111707,"['£1.55', '£0.68/litre']",1.55,£0.68/litre
11865,Tesco Sparkling Lemonade 2L Bottle,https://www.tesco.com/groceries/en-GB/products/250617625,1687616204.185324,"['£0.60', '£0.03/100ml']",0.6,£0.03/100ml
11866,Growers Harvest Orange Juice Smooth 1L,https://www.tesco.com/groceries/en-GB/products/300473499,1687616204.25526,"['£0.95', '£0.10/100ml']",0.95,£0.10/100ml
11867,Plaza Centro Prosecco 75Cl,https://www.tesco.com/groceries/en-GB/products/273884670,1687616204.327478,"['£7.50', '£7.50/75cl']",7.5,£7.50/75cl
11868,Tesco Whole Milk 2.272L/4 Pints,https://www.tesco.com/groceries/en-GB/products/254656399,1687616204.414999,"['£1.55', '£0.68/litre']",1.55,£0.68/litre
11869,Baileys Original Irish Cream Liqueur 1L,https://www.tesco.com/groceries/en-GB/products/255249782,1687616204.483785,"['£22.00', '£22.00/litre']",22.0,£22.00/litre
11870,Tesco Finest Pinot Grigio 75Cl,https://www.tesco.com/groceries/en-GB/products/254844107,1687616204.549678,"['£7.00', '£7.00/75cl']",7.0,£7.00/75cl
11871,Trivento Reserve Malbec 75Cl,https://www.tesco.com/groceries/en-GB/products/278363743,1687616204.643811,"['£8.00', '£8.00/75cl']",8.0,£8.00/75cl
11872,Tesco Skimmed Longlife Milk 1L,https://www.tesco.com/groceries/en-GB/products/254277997,1687616204.8250299,"['£1.20', '£1.20/litre']",1.2,£1.20/litre
11873,Tesco Lactose Free Semi Skimmed Milk 1 Litre,https://www.tesco.com/groceries/en-GB/products/300118011,1687616204.9157472,"['£1.35', '£1.35/litre']",1.35,£1.35/litre
11874,Cravendale Filtered Whole Milk 2 Litre,https://www.tesco.com/groceries/en-GB/products/257265436,1687616204.9824839,"['£2.60', '£1.30/litre']",2.6,£1.30/litre
11875,Tesco Low Calorie Indian Tonic Water 1 Litre,https://www.tesco.com/groceries/en-GB/products/255877562,1687616205.073455,"['£0.75', '£0.08/100ml']",0.75,£0.08/100ml
11876,Coca Cola Zero 2 Litre,https://www.tesco.com/groceries/en-GB/products/260507026,1687616205.1532001,"['£1.99', '£0.10/100ml']",1.99,£0.10/100ml
11877,Arla Bob Skimmed Milk 2 Litre,https://www.tesco.com/groceries/en-GB/products/291631643,1687616205.245225,"['£2.60', '£1.30/litre']",2.6,£1.30/litre
11878,Cravendale Pure Filtered Semi Skimmed Milk 1L,https://www.tesco.com/groceries/en-GB/products/260086626,1687616205.343724,"['£1.60', '£1.60/litre']",1.6,£1.60/litre
11879,Nestle Pure Life Water 12X500ml,https://www.tesco.com/groceries/en-GB/products/259738623,1687616205.409137,"['£2.10', '£0.04/100ml']",2.1,£0.04/100ml
11880,Tesco Soda Water 1 Litre,https://www.tesco.com/groceries/en-GB/products/254857357,1687616205.480782,"['£0.80', '£0.08/100ml']",0.8,£0.08/100ml
11881,Tesco Pressed Apple Juice Not From Concentrate 1 Litre,https://www.tesco.com/groceries/en-GB/products/276956270,1687616205.549115,"['£1.70', '£0.17/100ml']",1.7,£0.17/100ml
11882,Wairau Cove Sauvignon Blanc 75Cl,https://www.tesco.com/groceries/en-GB/products/259738433,1687616205.621755,"['£8.00', '£8.00/75cl']",8.0,£8.00/75cl
11883,Tesco Organic Semi- Skimmed Milk 2.272L/4 Pints,https://www.tesco.com/groceries/en-GB/products/251499998,1687616205.724233,"['£2.15', '£0.95/litre']",2.15,£0.95/litre
11884,Tesco No Added Sugar Ginger Beer 330Ml,https://www.tesco.com/groceries/en-GB/products/310171835,1687616205.805894,"['£0.55', '£0.17/100ml']",0.55,£0.17/100ml
11885,Mulled Wine 75Cl,https://www.tesco.com/groceries/en-GB/products/250291225,1687616205.906626,"['£3.00', '£3.00/75cl']",3.0,£3.00/75cl
11886,Tesco Lemonade 330Ml,https://www.tesco.com/groceries/en-GB/products/310125966,1687616205.985174,"['£0.55', '£0.17/100ml']",0.55,£0.17/100ml
11887,Tesco Low Calorie Indian Tonic Water With Lemon 1 Litre,https://www.tesco.com/groceries/en-GB/products/255934011,1687616206.0807629,"['£0.75', '£0.08/100ml']",0.75,£0.08/100ml
11888,Shloer White Grape 750Ml,https://www.tesco.com/groceries/en-GB/products/259907078,1687616212.6707158,"['£2.65', '£0.35/100ml']",2.65,£0.35/100ml
11890,Creamfields Uht Skimmed Milk 1 Litre,https://www.tesco.com/groceries/en-GB/products/299914291,1687616212.837962,"['£0.69', '£0.69/litre']",0.69,£0.69/litre
11891,Vineyards Bucks Fizz 75Cl,https://www.tesco.com/groceries/en-GB/products/257222292,1687616212.9112241,"['£2.75', '£2.75/75cl']",2.75,£2.75/75cl
11892,Tesco Semi Skimmed Milk 568Ml/1 Pint,https://www.tesco.com/groceries/en-GB/products/251314158,1687616212.978506,"['£0.90', '£1.58/litre']",0.9,£1.58/litre
11893,Tesco Orange Juice With Bits Not From Concentrate 1L,https://www.tesco.com/groceries/en-GB/products/258997144,1687616213.046986,"['£1.70', '£0.17/100ml']",1.7,£0.17/100ml
11894,Pepsi Max Mango 2L,https://www.tesco.com/groceries/en-GB/products/313848097,1687616213.121699,"['£1.99', '£0.10/100ml']",1.99,£0.10/100ml
11895,Schweppes Lemonade 2Litre Bottle,https://www.tesco.com/groceries/en-GB/products/256458008,1687616213.218863,"['£1.35', '£0.07/100ml']",1.35,£0.07/100ml
11896,Tesco No Added Sugar Cream Soda 330Ml,https://www.tesco.com/groceries/en-GB/products/310107101,1687616213.28761,"['£0.55', '£0.17/100ml']",0.55,£0.17/100ml
11897,Schweppes Diet Lemonade 2 Litre Bottle,https://www.tesco.com/groceries/en-GB/products/256457960,1687616213.3766,"['£1.35', '£0.07/100ml']",1.35,£0.07/100ml
11898,Coca-Cola Coke 1.75L,https://www.tesco.com/groceries/en-GB/products/282822189,1687616213.47191,"['£2.25', '£0.13/100ml']",2.25,£0.13/100ml
11899,Growers Harvest Pure Apple Juice 1 Litre,https://www.tesco.com/groceries/en-GB/products/301219495,1687616213.552752,"['£0.85', '£0.08/100ml']",0.85,£0.08/100ml
11900,Tesco Quadruple Strength Apple & Blackcurrant Squash No Added Sugar 1.5L,https://www.tesco.com/groceries/en-GB/products/309761858,1687616213.626146,"['£1.80', '£0.12/100ml']",1.8,£0.12/100ml
11901,Tesco Lemon & Lime Zero 330Ml,https://www.tesco.com/groceries/en-GB/products/310119317,1687616213.699452,"['£0.55', '£0.17/100ml']",0.55,£0.17/100ml
11902,Tesco Xero Cola 2L,https://www.tesco.com/groceries/en-GB/products/271050824,1687616213.791338,"['£0.65', '£0.03/100ml']",0.65,£0.03/100ml
11903,Grower's Harvest Orange Juice Smooth 1 Litre,https://www.tesco.com/groceries/en-GB/products/299914924,1687616213.85873,"['£0.85', '£0.08/100ml']",0.85,£0.08/100ml
11904,Smirnoff Red Label Vodka 1 Litre,https://www.tesco.com/groceries/en-GB/products/255248898,1687616213.9283059,"['£22.50', '£22.50/litre']",22.5,£22.50/litre
11905,Villa Maria Private Bin Sauvignon Blanc 75Cl,https://www.tesco.com/groceries/en-GB/products/251182290,1687616213.9956129,"['£10.00', '£10.00/75cl']",10.0,£10.00/75cl
11906,Tesco Finest Marlborough Sauvignon Blanc 75Cl,https://www.tesco.com/groceries/en-GB/products/251108915,1687616214.0675552,"['£8.50', '£8.50/75cl']",8.5,£8.50/75cl
11907,Carling Lager 18X440ml,https://www.tesco.com/groceries/en-GB/products/295220887,1687616214.134465,"['£13.99', '£1.77/litre']",13.99,£1.77/litre
11908,Budweiser 20 Pack 300Ml,https://www.tesco.com/groceries/en-GB/products/299970666,1687616214.205385,"['£15.99', '£2.66/litre']",15.99,£2.66/litre
11909,19 Crimes Red Wine 75Cl,https://www.tesco.com/groceries/en-GB/products/299531340,1687616214.2748642,"['£9.00', '£9.00/75cl']",9.0,£9.00/75cl
11910,Oatly Oat Drink Whole 1 Litre,https://www.tesco.com/groceries/en-GB/products/302330090,1687616214.363368,"['£2.10', '£2.10/litre']",2.1,£2.10/litre
11912,Schweppes Tonic Water 1 Litre,https://www.tesco.com/groceries/en-GB/products/254857432,1687616214.544155,"['£1.75', '£0.18/100ml']",1.75,£0.18/100ml
11913,Appletiser 100% Apple Juice Lightly Sparkling 6X250ml,https://www.tesco.com/groceries/en-GB/products/297413040,1687616214.633759,"['£4.10', '£0.27/100ml']",4.1,£0.27/100ml
11914,Cadbury Hot Chocolate Cocoa Powder 500G,https://www.tesco.com/groceries/en-GB/products/254890316,1687616214.7309818,"['£3.70', '£0.74/100g']",3.7,£0.74/100g
11915,19 Crimes The Banished Red 75Cl,https://www.tesco.com/groceries/en-GB/products/299531363,1687616214.806384,"['£9.00', '£9.00/75cl']",9.0,£9.00/75cl
11916,Coca Cola Regular 8X330ml,https://www.tesco.com/groceries/en-GB/products/266798828,1687616214.881919,"['£4.79', '£0.18/100ml']",4.79,£0.18/100ml
11917,Diet Coke Caffeine Free 2 Litre,https://www.tesco.com/groceries/en-GB/products/299919487,1687616214.9560971,"['£1.99', '£0.10/100ml']",1.99,£0.10/100ml
11918,Lactofree Fresh Semi Skimmed Milk 1L,https://www.tesco.com/groceries/en-GB/products/258877943,1687616215.06107,"['£2.00', '£2.00/litre']",2.0,£2.00/litre
11919,Tesco Ashbeck Still Water 2Ltr,https://www.tesco.com/groceries/en-GB/products/258016425,1687616215.1568398,"['£0.70', '£0.04/100ml']",0.7,£0.04/100ml
11920,Tesco Sparkling Water Lemon & Lime 1 Litre,https://www.tesco.com/groceries/en-GB/products/256604971,1687616215.230221,"['£0.70', '£0.07/100ml']",0.7,£0.07/100ml
11921,Tesco Sparkling Water 6X500ml,https://www.tesco.com/groceries/en-GB/products/252389954,1687616215.357483,"['£1.25', '£0.04/100ml']",1.25,£0.04/100ml
11922,Tesco No Added Sugar Cloudy Lemonade 330Ml,https://www.tesco.com/groceries/en-GB/products/310135453,1687616215.431867,"['£0.55', '£0.17/100ml']",0.55,£0.17/100ml
11923,Creamfields Uht Semi Skimmed Milk 1 Litre,https://www.tesco.com/groceries/en-GB/products/299914279,1687616215.540031,"['£0.69', '£0.69/litre']",0.69,£0.69/litre
11924,Tesco Orange Zero 2L,https://www.tesco.com/groceries/en-GB/products/271983538,1687616215.608336,"['£0.80', '£0.04/100ml']",0.8,£0.04/100ml
11925,Tesco Elmhurst Natural Mineral Sparkling Water 4X2ltr,https://www.tesco.com/groceries/en-GB/products/309478537,1687616215.682515,"['£1.80', '£0.02/100ml']",1.8,£0.02/100ml
11926,Tesco Sparkling Water Apple & Raspberry 1L,https://www.tesco.com/groceries/en-GB/products/252895619,1687616215.755938,"['£0.70', '£0.07/100ml']",0.7,£0.07/100ml
11927,Tesco Apple Juice From Concentrate 200Ml,https://www.tesco.com/groceries/en-GB/products/312848689,1687616215.851548,"['£0.40', '£0.20/100ml']",0.4,£0.20/100ml
11928,Tesco Sparkling Water White Grape & Blackberry 1 Litre,https://www.tesco.com/groceries/en-GB/products/258833736,1687616216.014967,"['£0.70', '£0.07/100ml']",0.7,£0.07/100ml
11929,Tesco Quadruple Strength Orange & Mango Squash 1.5L,https://www.tesco.com/groceries/en-GB/products/310139915,1687616216.123769,"['£1.80', '£0.12/100ml']",1.8,£0.12/100ml
11930,Growers Harvest Orange Juice Smooth 2L,https://www.tesco.com/groceries/en-GB/products/300474469,1687616216.1957078,"['£1.79', '£0.09/100ml']",1.79,£0.09/100ml
11932,Stockwell & Co Apple & Blackcurrant No Added Sugar Squash 750Ml,https://www.tesco.com/groceries/en-GB/products/301107437,1687616216.336067,"['£0.50', '£0.07/100ml']",0.5,£0.07/100ml
11933,Yellow Tail Shiraz 75Cl,https://www.tesco.com/groceries/en-GB/products/262272190,1687616216.4123259,"['£7.25', '£7.25/75cl']",7.25,£7.25/75cl
11934,Isla Negra Sauvignon Blanc/Px 75Cl,https://www.tesco.com/groceries/en-GB/products/261735917,1687616216.483325,"['£5.50', '£5.50/75cl']",5.5,£5.50/75cl
11935,I Heart Prosecco 75Cl,https://www.tesco.com/groceries/en-GB/products/294957011,1687616216.548945,"['£9.50', '£9.50/75cl']",9.5,£9.50/75cl
11936,Freixenet Prosecco Doc 75Cl,https://www.tesco.com/groceries/en-GB/products/296735680,1687616222.63187,"['£12.00', '£12.00/75cl']",12.0,£12.00/75cl
11937,Coca Cola Regular 24 X 330 Ml Pack,https://www.tesco.com/groceries/en-GB/products/273867627,1687616222.72844,"['£12.95', '£0.16/100ml']",12.95,£0.16/100ml
11939,Tesco Finest Prosecco Rose 75Cl,https://www.tesco.com/groceries/en-GB/products/306655269,1687616222.8956501,"['£8.50', '£8.50/75cl']",8.5,£8.50/75cl
11940,Pepsi Max Cherry 2L,https://www.tesco.com/groceries/en-GB/products/274172128,1687616222.9641159,"['£1.99', '£0.10/100ml']",1.99,£0.10/100ml
11941,Campo Viejo Rioja Tempranillo 75Cl,https://www.tesco.com/groceries/en-GB/products/250218971,1687616223.051998,"['£8.00', '£8.00/75cl']",8.0,£8.00/75cl
11942,Isla Negra Merlot 75Cl,https://www.tesco.com/groceries/en-GB/products/252954913,1687616223.140067,"['£5.50', '£5.50/75cl']",5.5,£5.50/75cl
11943,Oatly Oat Drink Semi 1 Litre,https://www.tesco.com/groceries/en-GB/products/300661962,1687616223.210314,"['£2.10', '£2.10/litre']",2.1,£2.10/litre
11944,Tesco Whole Longlife Milk 1L,https://www.tesco.com/groceries/en-GB/products/254277974,1687616223.276501,"['£1.20', '£1.20/litre']",1.2,£1.20/litre
11945,Tesco Gold Instant Coffee 200G,https://www.tesco.com/groceries/en-GB/products/257705936,1687616223.365288,"['£3.00', '£1.50/100g']",3.0,£1.50/100g
11946,Old Jamaica Ginger Beer 330Ml,https://www.tesco.com/groceries/en-GB/products/258519168,1687616223.434593,"['£0.60', '£0.18/100ml']",0.6,£0.18/100ml
11947,Fanta Orange Zero 2L,https://www.tesco.com/groceries/en-GB/products/254940581,1687616223.508075,"['£2.00', '£0.10/100ml']",2.0,£0.10/100ml
11948,Pepsi Max 1.25L Bottle,https://www.tesco.com/groceries/en-GB/products/303836792,1687616223.600363,"['£1.50', '£0.12/100ml']",1.5,£0.12/100ml
11949,Tropicana Smooth Orange Juice 900Ml,https://www.tesco.com/groceries/en-GB/products/311268187,1687616223.692501,"['£3.25', '£0.36/100ml']",3.25,£0.36/100ml
11950,Robinsons Double Concentrate Blackcurrant & Apple No Added Sugar 1.75L,https://www.tesco.com/groceries/en-GB/products/268345446,1687616223.7614179,"['£3.50', '£0.20/100ml']",3.5,£0.20/100ml
11952,7Up Zero Sugar 500Ml,https://www.tesco.com/groceries/en-GB/products/314102929,1687616223.937597,"['£1.45', '£0.29/100ml']",1.45,£0.29/100ml
11953,Tesco Indian Tonic Water 1 Litre,https://www.tesco.com/groceries/en-GB/products/255877510,1687616224.05108,"['£0.80', '£0.08/100ml']",0.8,£0.08/100ml
11954,Tesco Whole Milk 568Ml/1 Pint,https://www.tesco.com/groceries/en-GB/products/251314233,1687616224.116726,"['£0.90', '£1.58/litre']",0.9,£1.58/litre
11955,Tesco Orange Juice Smooth From Concentrate 200Ml,https://www.tesco.com/groceries/en-GB/products/312696050,1687616224.184801,"['£0.40', '£0.20/100ml']",0.4,£0.20/100ml
11956,Tesco No Added Sugar Cranberry Juice Drink 1 Litre,https://www.tesco.com/groceries/en-GB/products/278082689,1687616224.313559,"['£1.15', '£0.12/100ml']",1.15,£0.12/100ml
11957,Growers Harvest Pure Apple Juice 2 Litre,https://www.tesco.com/groceries/en-GB/products/300474095,1687616224.404078,"['£1.79', '£0.09/100ml']",1.79,£0.09/100ml
11958,Tesco Quad Strength Orange Squash No Added Sugar 1.5L,https://www.tesco.com/groceries/en-GB/products/309763361,1687616224.473208,"['£1.80', '£0.12/100ml']",1.8,£0.12/100ml
11959,Tesco 80 Teabags 250G,https://www.tesco.com/groceries/en-GB/products/254887592,1687616224.5459142,"['£1.10', '£0.44/100g']",1.1,£0.44/100g
11960,Tesco Quadruple Strength Summer Fruits Squash 1.5L,https://www.tesco.com/groceries/en-GB/products/309744764,1687616224.612731,"['£1.80', '£0.12/100ml']",1.8,£0.12/100ml
11961,Tesco No Added Sugar Bitter Shandy 330Ml,https://www.tesco.com/groceries/en-GB/products/310095741,1687616224.6853561,"['£0.55', '£0.17/100ml']",0.55,£0.17/100ml
11962,Tesco Cola 2L Bottle,https://www.tesco.com/groceries/en-GB/products/257730721,1687616224.780171,"['£0.70', '£0.04/100ml']",0.7,£0.04/100ml
11963,Tesco Orange Juice Smooth Not From Concentrate 1.75L,https://www.tesco.com/groceries/en-GB/products/255595843,1687616224.8473978,"['£2.40', '£0.14/100ml']",2.4,£0.14/100ml
11964,Tesco Diet Cola 2L Bottle,https://www.tesco.com/groceries/en-GB/products/257731386,1687616224.913537,"['£0.65', '£0.03/100ml']",0.65,£0.03/100ml
11965,Tesco Xero Cola Cherry 2 Litre,https://www.tesco.com/groceries/en-GB/products/275896497,1687616224.979682,"['£0.65', '£0.03/100ml']",0.65,£0.03/100ml
11966,Tesco Strawberry Sparkling Flavoured Water 1 Litre,https://www.tesco.com/groceries/en-GB/products/313388119,1687616225.046806,"['£0.60', '£0.06/100ml']",0.6,£0.06/100ml
11967,Stockwell & Co No Added Sugar Double Strength Orange Squash 750Ml,https://www.tesco.com/groceries/en-GB/products/301107414,1687616225.112992,"['£0.50', '£0.07/100ml']",0.5,£0.07/100ml
11968,Corona Extra 12X330ml,https://www.tesco.com/groceries/en-GB/products/274360096,1687616225.1854022,"['£12.99', '£3.28/litre']",12.99,£3.28/litre
11969,Yellow Tail Chardonnay 75Cl,https://www.tesco.com/groceries/en-GB/products/263046301,1687616225.364964,"['£7.25', '£7.25/75cl']",7.25,£7.25/75cl
11970,Gordon's Special Dry London Gin 1 Litre,https://www.tesco.com/groceries/en-GB/products/257546202,1687616225.432535,"['£22.50', '£22.50/litre']",22.5,£22.50/litre
11971,Baileys Original Irish Cream 70Cl Bottle,https://www.tesco.com/groceries/en-GB/products/255249776,1687616225.499412,"['£16.50', '£23.57/litre']",16.5,£23.57/litre
11972,Birra Moretti Lager Beer 12X330ml,https://www.tesco.com/groceries/en-GB/products/290773107,1687616225.5673048,"['£17.00', '£4.29/litre']",17.0,£4.29/litre
11973,Diet Coke Fridgepack 10 X 330Ml,https://www.tesco.com/groceries/en-GB/products/281474446,1687616225.632868,"['£4.69', '£0.14/100ml']",4.69,£0.14/100ml
11974,Coke Zero 10 X 330Ml,https://www.tesco.com/groceries/en-GB/products/260527054,1687616225.7324212,"['£4.69', '£0.14/100ml']",4.69,£0.14/100ml
11975,Tesco Finest Pinot Grigio Blush 75Cl,https://www.tesco.com/groceries/en-GB/products/304411671,1687616225.829942,"['£7.00', '£7.00/75cl']",7.0,£7.00/75cl
11976,Jam Shed Shiraz 75Cl,https://www.tesco.com/groceries/en-GB/products/295459023,1687616225.897302,"['£7.00', '£7.00/75cl']",7.0,£7.00/75cl
11977,Innocent Orange Juice Smooth 1.35L,https://www.tesco.com/groceries/en-GB/products/271400233,1687616225.997016,"['£4.10', '£0.30/100ml']",4.1,£0.30/100ml
11978,Tetley Softpack 240 Teabags 750G,https://www.tesco.com/groceries/en-GB/products/256093024,1687616226.09276,"['£4.60', '£0.61/100g']",4.6,£0.61/100g
11979,Diet Pepsi Cola 2 Litre Bottle,https://www.tesco.com/groceries/en-GB/products/254857294,1687616226.1673338,"['£1.99', '£0.10/100ml']",1.99,£0.10/100ml
11980,Highland Spring Still Bottled Water 12 X 500Ml,https://www.tesco.com/groceries/en-GB/products/258879002,1687616226.255466,"['£3.50', '£0.06/100ml']",3.5,£0.06/100ml
11981,Buxton Natural Mineral Water Still 6 X 1.5Ltr,https://www.tesco.com/groceries/en-GB/products/253385692,1687616226.347789,"['£4.15', '£0.05/100ml']",4.15,£0.05/100ml
11982,Fanta Orange Zero 8X330ml,https://www.tesco.com/groceries/en-GB/products/303706641,1687616226.4394019,"['£3.49', '£0.13/100ml']",3.49,£0.13/100ml
11983,Cravendale Filtered Skimmed Milk 2 Litre,https://www.tesco.com/groceries/en-GB/products/255801128,1687616226.508527,"['£2.60', '£1.30/litre']",2.6,£1.30/litre
11984,Vineyards Zesty White Wine 75Cl,https://www.tesco.com/groceries/en-GB/products/280134776,1687616231.906274,"['£3.39', '£3.39/75cl']",3.39,£3.39/75cl
11985,San Miguel Lager 10X440ml Can,https://www.tesco.com/groceries/en-GB/products/301839544,1687616231.985787,"['£12.00', '£2.73/litre']",12.0,£2.73/litre
11986,Kronenbourg 1664 Beer 15 X 440Ml,https://www.tesco.com/groceries/en-GB/products/302305570,1687616232.0590231,"['£14.50', '£2.20/litre']",14.5,£2.20/litre
11987,Diet Coke Caffeine Free 24 X 330Ml,https://www.tesco.com/groceries/en-GB/products/307365530,1687616232.188176,"['£10.75', '£0.14/100ml']",10.75,£0.14/100ml
11988,Martini Asti Spumante Non Vintage 75Cl,https://www.tesco.com/groceries/en-GB/products/255246301,1687616232.266303,"['£9.00', '£9.00/75cl']",9.0,£9.00/75cl
11989,Casillero Del Diablo Cabernet Sauvignon 75Cl,https://www.tesco.com/groceries/en-GB/products/254192146,1687616232.361131,"['£7.50', '£7.50/75cl']",7.5,£7.50/75cl
11991,Canti Prosecco Spumante 75Cl,https://www.tesco.com/groceries/en-GB/products/276474413,1687616232.522471,"['£9.00', '£9.00/75cl']",9.0,£9.00/75cl
11992,Pepsi Max No Caffeine Cola 2Litre,https://www.tesco.com/groceries/en-GB/products/308104660,1687616232.5911748,"['£1.99', '£0.10/100ml']",1.99,£0.10/100ml
11993,Pg Tips 80S Pyramid Teabags 232G,https://www.tesco.com/groceries/en-GB/products/287194975,1687616232.694436,"['£3.00', '£1.29/100g']",3.0,£1.29/100g
11994,Appletiser Sparkling Apple Juice 750 Ml,https://www.tesco.com/groceries/en-GB/products/250448258,1687616232.7628381,"['£3.15', '£0.42/100ml']",3.15,£0.42/100ml
11995,Hardys Varietal Range Merlot 75Cl,https://www.tesco.com/groceries/en-GB/products/252965917,1687616232.85742,"['£6.00', '£6.00/75cl']",6.0,£6.00/75cl
11996,Dr Pepper Zero 2L Bottle,https://www.tesco.com/groceries/en-GB/products/254940419,1687616232.951025,"['£2.00', '£0.10/100ml']",2.0,£0.10/100ml
11997,Lucozade Energy Original Fridge Pack 4 X 380Ml,https://www.tesco.com/groceries/en-GB/products/304413473,1687616233.0405838,"['£2.49', '£0.16/100ml']",2.49,£0.16/100ml
11998,Cravendale Whole Milk 1 Litre,https://www.tesco.com/groceries/en-GB/products/276606921,1687616233.1134589,"['£1.60', '£1.60/litre']",1.6,£1.60/litre
11999,Fever Tree Limited Edition Passion Fruit & Lime Tonic Water 500Ml,https://www.tesco.com/groceries/en-GB/products/310656896,1687616233.18665,"['£2.00', '£0.40/100ml']",2.0,£0.40/100ml
12000,Alpro Oat No Sugars Chilled Drink 1 Litre,https://www.tesco.com/groceries/en-GB/products/302565353,1687616233.2745202,"['£2.10', '£2.10/litre']",2.1,£2.10/litre
12001,Banks's Amber Bitter 500Ml,https://www.tesco.com/groceries/en-GB/products/270965544,1687616233.3618429,"['£1.09', '£2.18/litre']",1.09,£2.18/litre
12002,Tesco Low Calorie Indian Tonic Water With Lime 1 Litre,https://www.tesco.com/groceries/en-GB/products/255878025,1687616233.429352,"['£0.75', '£0.08/100ml']",0.75,£0.08/100ml
12003,Tesco 100% Pure Not From Concentrate Squeezed Juice Clementine 1L,https://www.tesco.com/groceries/en-GB/products/277805154,1687616233.4943008,"['£1.70', '£0.17/100ml']",1.7,£0.17/100ml
12004,Tesco Apple & Mango Juice Not From Concentrate 1 Litre,https://www.tesco.com/groceries/en-GB/products/276956454,1687616233.561672,"['£1.70', '£0.17/100ml']",1.7,£0.17/100ml
12005,Tesco Skimmed Milk 568Ml/1 Pint,https://www.tesco.com/groceries/en-GB/products/251314095,1687616233.632616,"['£0.90', '£1.58/litre']",0.9,£1.58/litre
12006,Ocean Spray No Added Sugar Cranberry Juice 1L,https://www.tesco.com/groceries/en-GB/products/313963936,1687616233.733772,"['£2.30', '£2.30/litre']",2.3,£2.30/litre
12007,Lucozade Energy Orange 900Ml,https://www.tesco.com/groceries/en-GB/products/308460149,1687616233.8262138,"['£1.50', '£0.17/100ml']",1.5,£0.17/100ml
12008,Tesco Decaffeinated 80 Teabags 250G,https://www.tesco.com/groceries/en-GB/products/250712610,1687616233.8963351,"['£1.50', '£0.60/100g']",1.5,£0.60/100g
12009,Tesco Water Splash Apple & Raspberry No Added Sugar Water 300Ml,https://www.tesco.com/groceries/en-GB/products/312563674,1687616233.963167,"['£0.45', '£0.15/100ml']",0.45,£0.15/100ml
12010,Tesco Quadruple Strength Squash Orange Lemon & Pineapple 1.5L,https://www.tesco.com/groceries/en-GB/products/310104611,1687616234.0573912,"['£1.80', '£0.12/100ml']",1.8,£0.12/100ml
12011,Fanta Fruit Twist 2 Ltrs,https://www.tesco.com/groceries/en-GB/products/253127100,1687616234.125063,"['£2.00', '£0.10/100ml']",2.0,£0.10/100ml
12012,Tesco Filtered Whole Milk 2 Litre,https://www.tesco.com/groceries/en-GB/products/253732988,1687616234.211403,"['£1.90', '£0.95/litre']",1.9,£0.95/litre
12013,Don Simon Mango & Passion Fruit Juice Drink 1.5Ltr,https://www.tesco.com/groceries/en-GB/products/306802758,1687616234.2770848,"['£1.25', '£0.08/100ml']",1.25,£0.08/100ml
12014,Tesco Mango Zero 2 Litre,https://www.tesco.com/groceries/en-GB/products/275895642,1687616234.3436952,"['£0.80', '£0.04/100ml']",0.8,£0.04/100ml
12015,Bella Cucina Prosecco Frizzante 75Cl,https://www.tesco.com/groceries/en-GB/products/301768466,1687616234.409597,"['£5.49', '£5.49/75cl']",5.49,£5.49/75cl
12016,T.100% Pure Pressed Pineapple Juicenfc 1 Litre,https://www.tesco.com/groceries/en-GB/products/276956212,1687616234.4786408,"['£1.70', '£0.17/100ml']",1.7,£0.17/100ml
12017,Growers Harvest Orange Juice Drink No Added Sugar 1Litre,https://www.tesco.com/groceries/en-GB/products/301219512,1687616234.5497549,"['£0.69', '£0.07/100ml']",0.69,£0.07/100ml
12018,Carlsberg Pilsner Lager 18X440ml Can,https://www.tesco.com/groceries/en-GB/products/303759382,1687616234.6721768,"['£12.99', '£1.64/litre']",12.99,£1.64/litre
12019,Peroni Nastro Azzurro Lager Beer 18X330ml,https://www.tesco.com/groceries/en-GB/products/312227186,1687616234.7670898,"['£25.00', '£4.21/litre']",25.0,£4.21/litre
12020,Warninks Advocaat 70Cl Bottle,https://www.tesco.com/groceries/en-GB/products/255249874,1687616234.836222,"['£15.00', '£21.43/litre']",15.0,£21.43/litre
12021,Mcguigan Black Label Pinot Grigio,https://www.tesco.com/groceries/en-GB/products/259328193,1687616234.903287,"['£6.75', '£6.75/75cl']",6.75,£6.75/75cl
12022,Tesco Finest Montepulciano D'abruzzo 75Cl,https://www.tesco.com/groceries/en-GB/products/266680005,1687616234.972897,"['£7.00', '£7.00/75cl']",7.0,£7.00/75cl
12024,Casillero Del Diablo Sauvignon Blanc 75Cl,https://www.tesco.com/groceries/en-GB/products/256999289,1687616235.126679,"['£7.50', '£7.50/75cl']",7.5,£7.50/75cl
12025,Schweppes Lemonade 12X150ml,https://www.tesco.com/groceries/en-GB/products/280364970,1687616235.200972,"['£5.60', '£0.31/100ml']",5.6,£0.31/100ml
12026,Schweppes Low Calorie Tonic 12X150ml Pack,https://www.tesco.com/groceries/en-GB/products/252802005,1687616235.273855,"['£5.60', '£0.31/100ml']",5.6,£0.31/100ml
12027,Barefoot White Zinfandel 75Cl,https://www.tesco.com/groceries/en-GB/products/266182854,1687616235.3436632,"['£7.50', '£7.50/75cl']",7.5,£7.50/75cl
12028,Coca Cola 12 X 150Ml,https://www.tesco.com/groceries/en-GB/products/257716382,1687616235.41252,"['£6.10', '£0.34/100ml']",6.1,£0.34/100ml
12029,Dr Pepper 8X330ml ..,https://www.tesco.com/groceries/en-GB/products/303706606,1687616235.479209,"['£3.49', '£0.13/100ml']",3.49,£0.13/100ml
12030,Timothy Taylor Landlord Pale Ale 500Ml,https://www.tesco.com/groceries/en-GB/products/257054657,1687616235.547735,"['£2.00', '£4.00/litre']",2.0,£4.00/litre
12031,Tesco Tomato Juice 1 Litre,https://www.tesco.com/groceries/en-GB/products/257983254,1687616235.615843,"['£1.15', '£0.12/100ml']",1.15,£0.12/100ml
12032,Fullers London Pride 500Ml,https://www.tesco.com/groceries/en-GB/products/252007906,1687616241.494132,"['£2.20', '£4.40/litre']",2.2,£4.40/litre
12033,Ribena Concentrated Blackcurrant 1.5L,https://www.tesco.com/groceries/en-GB/products/288174272,1687616241.589016,"['£2.75', '£0.18/100ml']",2.75,£0.18/100ml
12034,Yellow Tail Jammy White Roo 75Cl,https://www.tesco.com/groceries/en-GB/products/313838849,1687616241.660671,"['£7.25', '£7.25/75cl']",7.25,£7.25/75cl
12035,Tesco Summer Fruits Still Flavoured Water 1L,https://www.tesco.com/groceries/en-GB/products/312364040,1687616241.7342248,"['£0.70', '£0.07/100ml']",0.7,£0.07/100ml
12036,Options Instant Belgian Chocolate Sachet 11G,https://www.tesco.com/groceries/en-GB/products/256821016,1687616241.813199,"['£0.40', '£3.64/100g']",0.4,£3.64/100g
12037,Tesco Pink & White Marshmallows 100G,https://www.tesco.com/groceries/en-GB/products/278838015,1687616241.882092,"['£1.00', '£1.00/100g']",1.0,£1.00/100g
12038,Tesco 100% Pure Squeezed Breakfast Juice Not From Concentrate 1 Litre,https://www.tesco.com/groceries/en-GB/products/278993187,1687616241.949334,"['£1.70', '£0.17/100ml']",1.7,£0.17/100ml
12039,Ocean Spray Cranberry Classic Light Juice Drink 1 Litre,https://www.tesco.com/groceries/en-GB/products/252648579,1687616242.017187,"['£1.75', '£0.18/100ml']",1.75,£0.18/100ml
12040,Lucozade Energy Original 900Ml,https://www.tesco.com/groceries/en-GB/products/308476178,1687616242.115765,"['£1.50', '£0.17/100ml']",1.5,£0.17/100ml
12041,Tesco Chocolate Flavoured Milk 1L,https://www.tesco.com/groceries/en-GB/products/310152607,1687616242.182573,"['£1.25', '£0.12/100ml']",1.25,£0.12/100ml
12042,Fanta Orange 2 Litre Bottle,https://www.tesco.com/groceries/en-GB/products/252063090,1687616242.257997,"['£2.00', '£0.10/100ml']",2.0,£0.10/100ml
12043,Tesco Peach & Passion Fruit Sparkling Water 1L,https://www.tesco.com/groceries/en-GB/products/284738292,1687616242.350092,"['£0.70', '£0.07/100ml']",0.7,£0.07/100ml
12044,Tesco No Added Sugar Dandelion And Burdock 2L Bottle,https://www.tesco.com/groceries/en-GB/products/254551428,1687616242.4214458,"['£0.80', '£0.04/100ml']",0.8,£0.04/100ml
12045,Tesco Fizzio Zero 2 Litre,https://www.tesco.com/groceries/en-GB/products/275895734,1687616242.4916322,"['£0.80', '£0.04/100ml']",0.8,£0.04/100ml
12046,Condesa De Flores Cava Brut 75Cl,https://www.tesco.com/groceries/en-GB/products/312208819,1687616242.55995,"['£6.00', '£6.00/75cl']",6.0,£6.00/75cl
12048,Condesa De Flores Cava Rosado 75Cl,https://www.tesco.com/groceries/en-GB/products/312223426,1687616242.70132,"['£6.00', '£6.00/75cl']",6.0,£6.00/75cl
12049,Plaza Centro Prosecco Doc Brut 20Cl,https://www.tesco.com/groceries/en-GB/products/291710331,1687616242.7695308,"['£2.60', '£9.75/75cl']",2.6,£9.75/75cl
12050,Italiano Pinot Grigio Trebbiano 75Cl,https://www.tesco.com/groceries/en-GB/products/314422562,1687616242.858408,"['£3.99', '£3.99/75cl']",3.99,£3.99/75cl
12051,Taylors Lazy Sunday Ground Coffee 227G,https://www.tesco.com/groceries/en-GB/products/251786347,1687616242.924864,"['£4.50', '£1.98/100g']",4.5,£1.98/100g
12052,Jam Shed Tempranillo 750Ml,https://www.tesco.com/groceries/en-GB/products/313858508,1687616243.015105,"['£7.00', '£7.00/75cl']",7.0,£7.00/75cl
12053,Peroni Nastro Azzurro Lager Beer 12X330ml,https://www.tesco.com/groceries/en-GB/products/312340157,1687616243.1479151,"['£17.50', '£4.42/litre']",17.5,£4.42/litre
12054,Lactofree Semi Skimmed Longlife 1L,https://www.tesco.com/groceries/en-GB/products/260569996,1687616243.237673,"['£1.90', '£1.90/litre']",1.9,£1.90/litre
12055,Strongbow Original Cider 18 X 440Ml,https://www.tesco.com/groceries/en-GB/products/305964763,1687616243.3032188,"['£13.50', '£1.70/litre']",13.5,£1.70/litre
12056,Schweppes Tonic 12X150ml Pack,https://www.tesco.com/groceries/en-GB/products/252802063,1687616243.37299,"['£5.60', '£0.31/100ml']",5.6,£0.31/100ml
12057,Kenco Smooth Instant Coffee 200G,https://www.tesco.com/groceries/en-GB/products/254889250,1687616243.4407208,"['£5.49', '£2.74/100g']",5.49,£2.74/100g
12058,Tesco Trebbiano Pinot Grigio Wine Box 2.25L,https://www.tesco.com/groceries/en-GB/products/299425086,1687616243.513737,"['£13.25', '£4.42/75cl']",13.25,£4.42/75cl
12059,Fever-Tree Naturally Light Tonic Water 500Ml,https://www.tesco.com/groceries/en-GB/products/275218282,1687616243.580448,"['£2.00', '£0.40/100ml']",2.0,£0.40/100ml
12060,Evian Natural Mineral Water 6X1.5Ltr,https://www.tesco.com/groceries/en-GB/products/257342472,1687616243.671788,"['£5.50', '£0.06/100ml']",5.5,£0.06/100ml
12061,Buxton Sparkling Mineral Water 8 X 500Ml,https://www.tesco.com/groceries/en-GB/products/260169834,1687616243.7382011,"['£3.00', '£0.08/100ml']",3.0,£0.08/100ml
12062,Coca-Cola Zero Sugar Zero Caffeine 2 Litre,https://www.tesco.com/groceries/en-GB/products/308484859,1687616243.8060591,"['£1.99', '£0.10/100ml']",1.99,£0.10/100ml
12064,Tesco Oat Drink 1L,https://www.tesco.com/groceries/en-GB/products/307760281,1687616243.962676,"['£1.40', '£1.40/litre']",1.4,£1.40/litre
12066,Tesco Finest Argentinian Malbec 75Cl,https://www.tesco.com/groceries/en-GB/products/264534413,1687616244.1054752,"['£8.00', '£8.00/75cl']",8.0,£8.00/75cl
12067,Hardys Varietal Range Pinot Grigio 75Cl,https://www.tesco.com/groceries/en-GB/products/301744195,1687616244.220564,"['£6.00', '£6.00/75cl']",6.0,£6.00/75cl
12068,Innocent Apple & Raspberry Juice 900Ml,https://www.tesco.com/groceries/en-GB/products/272488207,1687616244.31126,"['£3.00', '£0.33/100ml']",3.0,£0.33/100ml
12070,Robinsons Super Strength Summerfruits Squash 500Ml,https://www.tesco.com/groceries/en-GB/products/314328484,1687616244.4447439,"['£3.25', '£0.65/100ml']",3.25,£0.65/100ml
12071,Robinsons Super Strength Apple & Blackcurrant Squash 500Ml,https://www.tesco.com/groceries/en-GB/products/314316976,1687616244.5492191,"['£3.25', '£0.65/100ml']",3.25,£0.65/100ml
12072,Hardys Stamp Shiraz Cabernet 75Cl,https://www.tesco.com/groceries/en-GB/products/256338433,1687616244.642231,"['£5.00', '£5.00/75cl']",5.0,£5.00/75cl
12073,Robinsons Super Strength Orange Squash 500Ml,https://www.tesco.com/groceries/en-GB/products/313963660,1687616244.7147362,"['£3.25', '£0.65/100ml']",3.25,£0.65/100ml
12074,Innocent Kids Strawberry Raspberry & Apple 4X150ml,https://www.tesco.com/groceries/en-GB/products/305249700,1687616244.810525,"['£3.60', '£0.60/100ml']",3.6,£0.60/100ml
12075,"Tesco Organic Free Range Whole Milk 1.136L, 2 Pint",https://www.tesco.com/groceries/en-GB/products/251499900,1687616244.9057012,"['£1.65', '£1.45/litre']",1.65,£1.45/litre
12076,Lucozade Energy Orange 4 X 380Ml,https://www.tesco.com/groceries/en-GB/products/274437450,1687616244.980247,"['£2.49', '£0.16/100ml']",2.49,£0.16/100ml
12077,Coca Cola 1.25 Litre,https://www.tesco.com/groceries/en-GB/products/252047812,1687616245.047821,"['£2.00', '£0.16/100ml']",2.0,£0.16/100ml
12078,Schweppes Lemonade 150Ml,https://www.tesco.com/groceries/en-GB/products/258341546,1687616245.133682,"['£0.60', '£0.40/100ml']",0.6,£0.40/100ml
12079,Alpro Soya Chilled Drink 1 Litre,https://www.tesco.com/groceries/en-GB/products/253528288,1687616245.250727,"['£2.10', '£2.10/litre']",2.1,£2.10/litre
12080,Ribena No Added Sugar Concentrated Blackcurrant 1.5L,https://www.tesco.com/groceries/en-GB/products/288174341,1687616252.320099,"['£2.75', '£0.18/100ml']",2.75,£0.18/100ml
12081,Innocent Orange Juice With Bits 900Ml,https://www.tesco.com/groceries/en-GB/products/268219959,1687616252.3932538,"['£3.00', '£0.33/100ml']",3.0,£0.33/100ml
12082,Innocent Tropical Juice 900Ml,https://www.tesco.com/groceries/en-GB/products/272488576,1687616252.489781,"['£3.00', '£0.33/100ml']",3.0,£0.33/100ml
12083,Lipton Ice Tea Peach Flavour 1.25L Bottle,https://www.tesco.com/groceries/en-GB/products/253398861,1687616252.580039,"['£2.00', '£0.16/100ml']",2.0,£0.16/100ml
12084,Pepsi Max Cherry 8 X 330Ml,https://www.tesco.com/groceries/en-GB/products/283150596,1687616252.668908,"['£3.99', '£0.15/100ml']",3.99,£0.15/100ml
12085,Growers Harvest No Added Sugar Apple Juice Drink 1 Litre,https://www.tesco.com/groceries/en-GB/products/301219535,1687616252.74436,"['£0.69', '£0.07/100ml']",0.69,£0.07/100ml
12086,Coors 20 X 330Ml,https://www.tesco.com/groceries/en-GB/products/280116542,1687616252.813421,"['£15.00', '£2.27/litre']",15.0,£2.27/litre
12087,Yellow Tail Pinot Grigio 75Cl,https://www.tesco.com/groceries/en-GB/products/262271087,1687616252.912757,"['£7.25', '£7.25/75cl']",7.25,£7.25/75cl
12088,Yellow Tail Merlot 75Cl,https://www.tesco.com/groceries/en-GB/products/262271605,1687616252.982474,"['£7.25', '£7.25/75cl']",7.25,£7.25/75cl
12089,7Up Zero Lemon & Lime 24X330ml,https://www.tesco.com/groceries/en-GB/products/313751571,1687616253.0535839,"['£8.50', '£0.11/100ml']",8.5,£0.11/100ml
12090,St Helen's Semi Skimmed Goats Milk 1L,https://www.tesco.com/groceries/en-GB/products/260454295,1687616253.124937,"['£2.15', '£2.15/litre']",2.15,£2.15/litre
12091,Pepsi 24 X 330Ml,https://www.tesco.com/groceries/en-GB/products/314318640,1687616253.194561,"['£10.75', '£0.14/100ml']",10.75,£0.14/100ml
12092,Gluhwein By Felix Solis Mulled Wine 75Cl,https://www.tesco.com/groceries/en-GB/products/306815864,1687616253.26781,"['£5.75', '£5.75/75cl']",5.75,£5.75/75cl
12094,Alpro Soya No Sugars Chilled Drink 1 Litre,https://www.tesco.com/groceries/en-GB/products/266567296,1687616253.406388,"['£2.10', '£2.10/litre']",2.1,£2.10/litre
12095,Kenco Rich Instant Coffee 200G,https://www.tesco.com/groceries/en-GB/products/258398761,1687616253.496819,"['£5.49', '£2.74/100g']",5.49,£2.74/100g
12096,Freixenet Cordon Negro Brut Cava 75Cl,https://www.tesco.com/groceries/en-GB/products/257182735,1687616253.569259,"['£10.00', '£10.00/75cl']",10.0,£10.00/75cl
12097,Adnams Ghost Ship Bottle Beer 0.5% 500Ml,https://www.tesco.com/groceries/en-GB/products/301885125,1687616253.6363251,"['£1.50', '£3.00/litre']",1.5,£3.00/litre
12098,Rocks Summer Fruits Whole Fruit Squash 740ml,https://www.tesco.com/groceries/en-GB/products/314307676,1687616253.704007,"['£3.40', '£0.46/100ml']",3.4,£0.46/100ml
12099,Erdinger Alkoholfrei 0.5% 500Ml,https://www.tesco.com/groceries/en-GB/products/263042455,1687616253.794682,"['£1.65', '£3.30/litre']",1.65,£3.30/litre
12101,Robinsons Creations Orange & Mango 1L,https://www.tesco.com/groceries/en-GB/products/298025843,1687616253.974386,"['£2.50', '£0.25/100ml']",2.5,£0.25/100ml
12102,Tesco Cranberry Juice 1 Litre,https://www.tesco.com/groceries/en-GB/products/293945418,1687616254.0404322,"['£1.70', '£0.17/100ml']",1.7,£0.17/100ml
12103,7Up Zero Lemon & Lime 18 X 330Ml,https://www.tesco.com/groceries/en-GB/products/314111423,1687616254.1091142,"['£7.50', '£0.13/100ml']",7.5,£0.13/100ml
12104,Vimto Mango & Passion Fruit No Added Sugar 1L,https://www.tesco.com/groceries/en-GB/products/313953087,1687616254.200952,"['£1.85', '£0.18/100ml']",1.85,£0.18/100ml
12106,Shloer White Grape And Elderflower Juice Drink 750Ml,https://www.tesco.com/groceries/en-GB/products/259419431,1687616254.354696,"['£2.65', '£0.35/100ml']",2.65,£0.35/100ml
12107,Yazoo Chilled Chocolate Flavoured Milkshake 400Ml,https://www.tesco.com/groceries/en-GB/products/290369696,1687616254.49949,"['£1.20', '£0.30/100ml']",1.2,£0.30/100ml
12108,Schweppes Melon Watermelon Soda Mixer 1 Litre,https://www.tesco.com/groceries/en-GB/products/313859784,1687616254.5890272,"['£1.75', '£0.18/100ml']",1.75,£0.18/100ml
12109,Tesco Quadruple Strength Lime No Added Sugar 750Ml,https://www.tesco.com/groceries/en-GB/products/309773268,1687616254.656739,"['£1.35', '£0.18/100ml']",1.35,£0.18/100ml
12110,Volvic Touch Of Fruit Strawberry Sugar Free 1.5 Litre,https://www.tesco.com/groceries/en-GB/products/256917071,1687616254.72292,"['£1.25', '£0.08/100ml']",1.25,£0.08/100ml
12111,Gwynt Y Ddraig Black Dragon Cider 500Ml,https://www.tesco.com/groceries/en-GB/products/262593126,1687616254.816885,"['£2.30', '£4.60/litre']",2.3,£4.60/litre
12112,Tesco Low Calorie Soda Water With Lime 1L,https://www.tesco.com/groceries/en-GB/products/273793506,1687616254.914173,"['£0.75', '£0.08/100ml']",0.75,£0.08/100ml
12113,Robinsons Apple Blackcurrant No Added Sugar 1L,https://www.tesco.com/groceries/en-GB/products/254854677,1687616254.980646,"['£2.00', '£0.20/100ml']",2.0,£0.20/100ml
12114,Tesco Fruit Splash No Added Sugar Apple Juice Drink 250Ml,https://www.tesco.com/groceries/en-GB/products/312340926,1687616255.070571,"['£0.45', '£0.18/100ml']",0.45,£0.18/100ml
12115,Tesco Fruit Splash No Added Sugar Apple & Blackcurrant Juice Drink 250Ml,https://www.tesco.com/groceries/en-GB/products/312569656,1687616255.159413,"['£0.45', '£0.18/100ml']",0.45,£0.18/100ml
12116,Tesco Fruit Splash No Added Sugar Summerfruits Juice Drink 250Ml,https://www.tesco.com/groceries/en-GB/products/312369227,1687616255.246785,"['£0.45', '£0.18/100ml']",0.45,£0.18/100ml
12117,Tesco Quad Strength Blackcurrant Squash No Added Sugar 1.5L,https://www.tesco.com/groceries/en-GB/products/310093927,1687616255.341642,"['£1.80', '£0.12/100ml']",1.8,£0.12/100ml
12118,Taylors Rich Italian Ground Coffee 227G,https://www.tesco.com/groceries/en-GB/products/250761361,1687616255.421216,"['£4.50', '£1.98/100g']",4.5,£1.98/100g
12119,Les Hautevignes Sancerre 75Cl,https://www.tesco.com/groceries/en-GB/products/310116050,1687616255.51104,"['£15.00', '£15.00/75cl']",15.0,£15.00/75cl
12120,Harveys Bristol Cream Sherry 1 Litre Bottle,https://www.tesco.com/groceries/en-GB/products/255246727,1687616255.579305,"['£13.00', '£9.75/75cl']",13.0,£9.75/75cl
12121,Douwe Egberts Pure Gold Coffee 190G,https://www.tesco.com/groceries/en-GB/products/271183270,1687616255.6541,"['£7.00', '£3.68/100g']",7.0,£3.68/100g
12122,Mud House Chile Sauvignon Blanc 750Ml,https://www.tesco.com/groceries/en-GB/products/310119283,1687616255.727678,"['£9.00', '£9.00/75cl']",9.0,£9.00/75cl
12124,Blossom Hill White Zinfandel 75Cl,https://www.tesco.com/groceries/en-GB/products/252239257,1687616255.897968,"['£6.25', '£6.25/75cl']",6.25,£6.25/75cl
12125,Jord Organic Oat Drink 1 Litre,https://www.tesco.com/groceries/en-GB/products/309185561,1687616255.986232,"['£1.90', '£1.90/litre']",1.9,£1.90/litre
12126,Angelo Taurini Clementine Bucks Fizz 75Cl,https://www.tesco.com/groceries/en-GB/products/309749678,1687616256.054592,"['£4.00', '£4.00/75cl']",4.0,£4.00/75cl
12127,Coca Cola Zero Sugar 12 X 150Ml,https://www.tesco.com/groceries/en-GB/products/313745740,1687616256.123144,"['£5.60', '£0.31/100ml']",5.6,£0.31/100ml
12128,Tropicana Original Orange With Juicy Bits 900Ml,https://www.tesco.com/groceries/en-GB/products/311673277,1687616262.7320561,"['£3.25', '£0.36/100ml']",3.25,£0.36/100ml
12129,Bacardi Carta Blanca Rum 1 Litre,https://www.tesco.com/groceries/en-GB/products/255249131,1687616263.101629,"['£21.00', '£21.00/litre']",21.0,£21.00/litre
12130,Peroni Nastro Azzurro Lager Beer 500Ml,https://www.tesco.com/groceries/en-GB/products/312220746,1687616263.233304,"['£2.30', '£4.60/litre']",2.3,£4.60/litre
12131,Monster Energy Ultra Rosa Sugar Free Drink 500Ml,https://www.tesco.com/groceries/en-GB/products/312087068,1687616263.328955,"['£1.70', '£0.34/100ml']",1.7,£0.34/100ml
12132,Robinsons Concentrate Summerfruits Squash Double No Added Sugar 1.75L,https://www.tesco.com/groceries/en-GB/products/268344506,1687616263.471248,"['£3.50', '£0.20/100ml']",3.5,£0.20/100ml
12133,Yop Drinking Yogurt Strawberry500g,https://www.tesco.com/groceries/en-GB/products/266000155,1687616263.570134,"['£1.40', '£0.28/100g']",1.4,£0.28/100g
12134,Tesco High Juice Apple Squash 1L,https://www.tesco.com/groceries/en-GB/products/255185891,1687616263.63871,"['£1.65', '£0.16/100ml']",1.65,£0.16/100ml
12135,7Up Zero Sugar 6 X 330Ml,https://www.tesco.com/groceries/en-GB/products/313947000,1687616263.708033,"['£2.75', '£0.14/100ml']",2.75,£0.14/100ml
12136,Robinsons Fruit & Barley Apple & Pear 1L,https://www.tesco.com/groceries/en-GB/products/260074243,1687616263.797683,"['£2.00', '£0.20/100ml']",2.0,£0.20/100ml
12137,Robinsons Fruit & Barley Peach 1Ltr,https://www.tesco.com/groceries/en-GB/products/251563421,1687616263.865922,"['£2.00', '£0.20/100ml']",2.0,£0.20/100ml
12139,Arla Big Milk 2Ltr,https://www.tesco.com/groceries/en-GB/products/287971983,1687616264.0133,"['£2.60', '£1.30/litre']",2.6,£1.30/litre
12140,Highland Spring Sparkling Mineral Water 1.5Lt,https://www.tesco.com/groceries/en-GB/products/258459436,1687616264.103636,"['£1.10', '£0.07/100ml']",1.1,£0.07/100ml
12141,Bombay Sapphire Gin 1 Litre,https://www.tesco.com/groceries/en-GB/products/252695240,1687616264.1705658,"['£28.50', '£28.50/litre']",28.5,£28.50/litre
12142,Tesco White Mini Marshmallows 100G,https://www.tesco.com/groceries/en-GB/products/304381175,1687616264.266388,"['£1.00', '£1.00/100g']",1.0,£1.00/100g
12143,Shloer White Grape And Apple Juice Drink 750Ml,https://www.tesco.com/groceries/en-GB/products/259808535,1687616264.3359098,"['£2.65', '£0.35/100ml']",2.65,£0.35/100ml
12144,Tesco Finest Sparkling Presse 750Ml,https://www.tesco.com/groceries/en-GB/products/313838627,1687616264.469631,"['£1.87', '£0.25/100ml']",1.87,£0.25/100ml
12145,Tesco Quadruple Strength Lemon Squash No Added Sugar 1.5L,https://www.tesco.com/groceries/en-GB/products/310168007,1687616264.56324,"['£1.80', '£0.12/100ml']",1.8,£0.12/100ml
12146,Tesco Classic Diet Caffeine Free Cola 2 Litre,https://www.tesco.com/groceries/en-GB/products/281506894,1687616264.6328378,"['£0.70', '£0.04/100ml']",0.7,£0.04/100ml
12147,Pepsi Max Mango 1.25L,https://www.tesco.com/groceries/en-GB/products/313954481,1687616264.702993,"['£1.50', '£0.12/100ml']",1.5,£0.12/100ml
12148,Tesco Orange Juice With Bits Not From Concentrate 1.75L,https://www.tesco.com/groceries/en-GB/products/255595993,1687616264.793319,"['£2.40', '£0.14/100ml']",2.4,£0.14/100ml
12149,Fanta Orange Can 150Ml,https://www.tesco.com/groceries/en-GB/products/286116253,1687616264.860576,"['£0.60', '£0.40/100ml']",0.6,£0.40/100ml
12150,Tesco Orange & Peach Still Flavoured Water 1Ltr,https://www.tesco.com/groceries/en-GB/products/277144273,1687616264.950256,"['£0.70', '£0.07/100ml']",0.7,£0.07/100ml
12151,Tesco Water Spalsh Blackcurrant Still Water No Added Sugar 300Ml,https://www.tesco.com/groceries/en-GB/products/312558957,1687616265.026578,"['£0.45', '£0.15/100ml']",0.45,£0.15/100ml
12152,Tesco Pink Grapefruit 1 Litre,https://www.tesco.com/groceries/en-GB/products/282646562,1687616265.1171782,"['£1.70', '£0.17/100ml']",1.7,£0.17/100ml
12153,Stockwell & Co Instant Coffee 100G,https://www.tesco.com/groceries/en-GB/products/300808387,1687616265.1891358,"['£0.99', '£0.99/100g']",0.99,£0.99/100g
12154,Vineyards Fruity Red Wine 75Cl,https://www.tesco.com/groceries/en-GB/products/280117722,1687616265.269683,"['£3.39', '£3.39/75cl']",3.39,£3.39/75cl
12155,Three Barrels Brandy 1 Litre,https://www.tesco.com/groceries/en-GB/products/286114704,1687616265.341862,"['£24.00', '£24.00/litre']",24.0,£24.00/litre
12156,Captain Morgan Original Spiced Gold 1 Litre,https://www.tesco.com/groceries/en-GB/products/264417662,1687616265.4107342,"['£22.50', '£22.50/litre']",22.5,£22.50/litre
12157,Mud House Sauvignon Blanc 75Cl,https://www.tesco.com/groceries/en-GB/products/283840321,1687616265.537673,"['£9.50', '£9.50/75cl']",9.5,£9.50/75cl
12158,Trivento Private Reserve Malbec 75Cl,https://www.tesco.com/groceries/en-GB/products/296704688,1687616265.60982,"['£10.00', '£10.00/75cl']",10.0,£10.00/75cl
12159,Hardys Crest Chardonnay 75Cl,https://www.tesco.com/groceries/en-GB/products/254819789,1687616265.679504,"['£7.00', '£7.00/75cl']",7.0,£7.00/75cl
12160,19 Crimes Australian Chardonnay 75Cl,https://www.tesco.com/groceries/en-GB/products/301786634,1687616265.746658,"['£9.00', '£9.00/75cl']",9.0,£9.00/75cl
12161,La Vieille Ferme White Wine 750Ml,https://www.tesco.com/groceries/en-GB/products/304402722,1687616265.833689,"['£7.75', '£7.75/75cl']",7.75,£7.75/75cl
12162,La Vieille Ferme Red Wine 750Ml,https://www.tesco.com/groceries/en-GB/products/304789436,1687616265.9279628,"['£7.75', '£7.75/75cl']",7.75,£7.75/75cl
12163,Kenco Decaffeinated Instant Coffee 200G,https://www.tesco.com/groceries/en-GB/products/255089072,1687616266.018825,"['£5.49', '£2.74/100g']",5.49,£2.74/100g
12164,Thatchers Gold Cider 10X440ml Can,https://www.tesco.com/groceries/en-GB/products/277258576,1687616266.0878341,"['£10.00', '£2.27/litre']",10.0,£2.27/litre
12165,Bottlegreen Elderflower Cordial 50Cl,https://www.tesco.com/groceries/en-GB/products/251631485,1687616266.1777349,"['£4.00', '£0.80/100ml']",4.0,£0.80/100ml
12167,Fever Tree Light Mediterranean Tonic 500Ml,https://www.tesco.com/groceries/en-GB/products/299913931,1687616266.316881,"['£2.00', '£0.40/100ml']",2.0,£0.40/100ml
12168,Stella Artois Lager 10X440ml,https://www.tesco.com/groceries/en-GB/products/307351788,1687616266.41228,"['£9.99', '£2.27/litre']",9.99,£2.27/litre
12169,Isla Negra Cabernet Sauvignon 75Cl,https://www.tesco.com/groceries/en-GB/products/256267770,1687616266.490294,"['£5.50', '£5.50/75cl']",5.5,£5.50/75cl
12170,Cockburns Special Reserve Port 75Cl,https://www.tesco.com/groceries/en-GB/products/257479356,1687616266.56002,"['£12.50', '£12.50/75cl']",12.5,£12.50/75cl
12171,Guinness Original 500Ml,https://www.tesco.com/groceries/en-GB/products/255238490,1687616266.626838,"['£2.40', '£4.80/litre']",2.4,£4.80/litre
12172,Kopparberg Alcohol Free Pear Cider 500Ml,https://www.tesco.com/groceries/en-GB/products/262589306,1687616266.716008,"['£1.45', '£2.90/litre']",1.45,£2.90/litre
12173,Coffee & Milk Latte Caramel Macchiato Iced Coffee 250Ml,https://www.tesco.com/groceries/en-GB/products/309198389,1687616266.7841768,"['£0.95', '£0.38/100ml']",0.95,£0.38/100ml
12174,Pg Tips Decaffeinated 70 Tea Bags 203G,https://www.tesco.com/groceries/en-GB/products/300886293,1687616266.855049,"['£2.85', '£1.40/100g']",2.85,£1.40/100g
12175,Tesco Ashbeck 5Ltr,https://www.tesco.com/groceries/en-GB/products/258016892,1687616266.921362,"['£1.40', '£0.03/100ml']",1.4,£0.03/100ml
12176,Fanta Orange 8X 330Ml,https://www.tesco.com/groceries/en-GB/products/291334380,1687616273.591147,"['£3.49', '£0.13/100ml']",3.49,£0.13/100ml
12177,Tesco Organic Free Range Skimmed Milk 1.136L/2 Pints,https://www.tesco.com/groceries/en-GB/products/251499687,1687616273.668044,"['£1.65', '£1.45/litre']",1.65,£1.45/litre
12178,Lactofree Fresh Whole Milk 1L,https://www.tesco.com/groceries/en-GB/products/259742068,1687616273.737464,"['£2.00', '£2.00/litre']",2.0,£2.00/litre
12179,Capri Sun No Added Sugar Orange 8 X 200Ml,https://www.tesco.com/groceries/en-GB/products/304399241,1687616273.832662,"['£3.25', '£0.20/100ml']",3.25,£0.20/100ml
12180,San Miguel 12 X 330Ml,https://www.tesco.com/groceries/en-GB/products/271062350,1687616273.9138482,"['£10.99', '£2.78/litre']",10.99,£2.78/litre
12181,St Helen's Fresh Whole Goats Milk 1L,https://www.tesco.com/groceries/en-GB/products/260454237,1687616273.9850602,"['£2.15', '£2.15/litre']",2.15,£2.15/litre
12182,Barr Irn Bru 2 Litre Bottle,https://www.tesco.com/groceries/en-GB/products/254857829,1687616274.0544598,"['£1.69', '£0.08/100ml']",1.69,£0.08/100ml
12183,Robinsons Fruit & Barley Summer Fruits 1L,https://www.tesco.com/groceries/en-GB/products/251563559,1687616274.17929,"['£2.00', '£0.20/100ml']",2.0,£0.20/100ml
12184,Fever Tree Rhubarb & Raspberry Tonic Water 500Ml,https://www.tesco.com/groceries/en-GB/products/307147132,1687616274.2493298,"['£2.00', '£0.40/100ml']",2.0,£0.40/100ml
12185,Kopparberg Mixed Fruit Cider 12X330ml Can,https://www.tesco.com/groceries/en-GB/products/268745347,1687616274.3412101,"['£12.50', '£3.16/litre']",12.5,£3.16/litre
12186,Tesco Lemon & Lime Still Flavoured Water 1Ltr,https://www.tesco.com/groceries/en-GB/products/277145024,1687616274.4360251,"['£0.70', '£0.07/100ml']",0.7,£0.07/100ml
12187,Adnams Ghost Ship 500Ml,https://www.tesco.com/groceries/en-GB/products/273614795,1687616274.506188,"['£1.90', '£3.80/litre']",1.9,£3.80/litre
12188,Old Crafty Hen 500Ml,https://www.tesco.com/groceries/en-GB/products/259591645,1687616274.597546,"['£2.50', '£5.00/litre']",2.5,£5.00/litre
12189,Innocent Orange Juice Smooth 900Ml,https://www.tesco.com/groceries/en-GB/products/268218386,1687616274.7463858,"['£3.00', '£0.33/100ml']",3.0,£0.33/100ml
12190,Ribena Blackcurrant 850Ml,https://www.tesco.com/groceries/en-GB/products/287632607,1687616274.8462532,"['£2.00', '£0.24/100ml']",2.0,£0.24/100ml
12191,Tesco Classic Instant Coffee 200G,https://www.tesco.com/groceries/en-GB/products/254557015,1687616274.9177642,"['£2.15', '£1.08/100g']",2.15,£1.08/100g
12192,Vimto Real Fruit Squash 1 Litre,https://www.tesco.com/groceries/en-GB/products/278288671,1687616274.986687,"['£2.00', '£0.20/100ml']",2.0,£0.20/100ml
12193,Fanta Lemon 2 Litre,https://www.tesco.com/groceries/en-GB/products/252065387,1687616275.054778,"['£2.00', '£0.10/100ml']",2.0,£0.10/100ml
12194,Gartissier Champagne Brut 75Cl,https://www.tesco.com/groceries/en-GB/products/311951389,1687616275.147416,"['£15.00', '£15.00/75cl']",15.0,£15.00/75cl
12195,Pepsi Diet 24 X 330Ml,https://www.tesco.com/groceries/en-GB/products/255457132,1687616275.214323,"['£10.00', '£0.13/100ml']",10.0,£0.13/100ml
12196,Whyte & Mackay Scotch Whisky 1L,https://www.tesco.com/groceries/en-GB/products/255482746,1687616275.2835,"['£19.50', '£19.50/litre']",19.5,£19.50/litre
12197,T.Skimmed Longlife Milk 6X1l,https://www.tesco.com/groceries/en-GB/products/254278011,1687616275.355694,"['£5.80', '£0.97/litre']",5.8,£0.97/litre
12198,Isla Negra Chardonnay/Px 75Cl,https://www.tesco.com/groceries/en-GB/products/253805882,1687616275.424439,"['£5.50', '£5.50/75cl']",5.5,£5.50/75cl
12199,L'or. Classique Instant Coffee 150G,https://www.tesco.com/groceries/en-GB/products/312095473,1687616275.493335,"['£7.00', '£4.67/100g']",7.0,£4.67/100g
12200,Costa Signature Blend Ground For Cafetiere & Filter 200G,https://www.tesco.com/groceries/en-GB/products/301218369,1687616275.561343,"['£4.00', '£2.00/100g']",4.0,£2.00/100g
12201,La Vieille Ferme Rose Wine 750Ml,https://www.tesco.com/groceries/en-GB/products/305986754,1687616275.634806,"['£7.75', '£7.75/75cl']",7.75,£7.75/75cl
12202,Freixenet Italian Sparkling Rose 75Cl,https://www.tesco.com/groceries/en-GB/products/299638911,1687616275.748888,"['£12.00', '£12.00/75cl']",12.0,£12.00/75cl
12203,Torres Vina Sol. 75Cl,https://www.tesco.com/groceries/en-GB/products/255244194,1687616275.850549,"['£7.50', '£7.50/75cl']",7.5,£7.50/75cl
12204,Casillero Del Diablo Merlot 75Cl,https://www.tesco.com/groceries/en-GB/products/251295916,1687616275.950186,"['£7.50', '£7.50/75cl']",7.5,£7.50/75cl
12205,Tetley Decaffeinated 160 Teabags 500G,https://www.tesco.com/groceries/en-GB/products/256420888,1687616276.024398,"['£4.60', '£0.92/100g']",4.6,£0.92/100g
12206,Jam Shed Argentina Malbec 750Ml,https://www.tesco.com/groceries/en-GB/products/306814519,1687616276.107626,"['£7.00', '£7.00/75cl']",7.0,£7.00/75cl
12207,Fever Tree Premium Indian Tonic Water 500Ml,https://www.tesco.com/groceries/en-GB/products/267004604,1687616276.209014,"['£2.10', '£0.42/100ml']",2.1,£0.42/100ml
12209,Starbucks House Blend Coffee Pods 10 Pack 57G,https://www.tesco.com/groceries/en-GB/products/304493117,1687616276.448215,"['£4.25', '£7.46/100g']",4.25,£7.46/100g
12210,Yorkshire Tea Decaffeinated 80 Teabags 250G,https://www.tesco.com/groceries/en-GB/products/260061051,1687616276.52376,"['£3.30', '£1.32/100g']",3.3,£1.32/100g
12211,Birra Moretti Italian Lager 6 X 330Ml Cans,https://www.tesco.com/groceries/en-GB/products/294190721,1687616276.603447,"['£7.50', '£3.79/litre']",7.5,£3.79/litre
12212,PG Tips 210 Tea Bags 609g,https://www.tesco.com/groceries/en-GB/products/313854484,1687616276.686086,"['£4.19', '£0.69/100g']",4.19,£0.69/100g
12213,San Pellegrino Sparkling Lemon Drink 6 X 330Ml,https://www.tesco.com/groceries/en-GB/products/310667324,1687616276.779422,"['£4.75', '£0.24/100ml']",4.75,£0.24/100ml
12214,Vimto Original Squash 2 Litre,https://www.tesco.com/groceries/en-GB/products/278362456,1687616276.9681559,"['£3.00', '£0.15/100ml']",3.0,£0.15/100ml
12215,Innocent Kids Orange Mango & Pineapple 4X150ml,https://www.tesco.com/groceries/en-GB/products/305529830,1687616277.061395,"['£3.60', '£0.60/100ml']",3.6,£0.60/100ml
12216,Coca Cola Zero Sugar 150Ml,https://www.tesco.com/groceries/en-GB/products/298163391,1687616277.154953,"['£0.60', '£0.40/100ml']",0.6,£0.40/100ml
12219,Pepsi Max Cherry 1.25L Bottle,https://www.tesco.com/groceries/en-GB/products/303836819,1687616277.384644,"['£1.50', '£0.12/100ml']",1.5,£0.12/100ml
12220,Draught Guinness 4X440ml Cans,https://www.tesco.com/groceries/en-GB/products/255238599,1687616277.47612,"['£4.75', '£2.70/litre']",4.75,£2.70/litre
12221,Tesco Quadruple Strength Apple & Blackcurrant No Added Sugar 750Ml,https://www.tesco.com/groceries/en-GB/products/309769677,1687616277.547733,"['£1.35', '£0.18/100ml']",1.35,£0.18/100ml
12222,Aspall Premier Cru Apple Cyder 500Ml Bottle,https://www.tesco.com/groceries/en-GB/products/257810454,1687616277.619267,"['£2.45', '£4.90/litre']",2.45,£4.90/litre
12223,Tesco Quadruple Strength Apple & Strawberry Squash No Added Sugar 1.5L,https://www.tesco.com/groceries/en-GB/products/310158495,1687616283.379592,"['£1.80', '£0.12/100ml']",1.8,£0.12/100ml
12224,Diet Coca Cola 1.25 Litres,https://www.tesco.com/groceries/en-GB/products/252047858,1687616283.4562712,"['£1.70', '£0.14/100ml']",1.7,£0.14/100ml
12225,Volvic Sugar Free Summer Fruit Water 1.5L,https://www.tesco.com/groceries/en-GB/products/298161836,1687616283.5507488,"['£1.25', '£0.08/100ml']",1.25,£0.08/100ml
12226,Sprite Can 150Ml,https://www.tesco.com/groceries/en-GB/products/253422159,1687616283.649683,"['£0.60', '£0.40/100ml']",0.6,£0.40/100ml
12227,Radnor Splash Apple & Raspberry 3 X 250Ml,https://www.tesco.com/groceries/en-GB/products/314430926,1687616283.741236,"['£1.00', '£0.13/100ml']",1.0,£0.13/100ml
12228,Tesco Apple & Mango Juice From Concentrate 200Ml,https://www.tesco.com/groceries/en-GB/products/312571255,1687616283.809024,"['£0.40', '£0.20/100ml']",0.4,£0.20/100ml
12229,Radnor Splash Orange & Passion Fruit 3X250ml,https://www.tesco.com/groceries/en-GB/products/314705821,1687616283.9364228,"['£1.00', '£0.13/100ml']",1.0,£0.13/100ml
12230,Tesco Orange & Mango Sparkling Water 1L,https://www.tesco.com/groceries/en-GB/products/284741419,1687616284.0033522,"['£0.70', '£0.07/100ml']",0.7,£0.07/100ml
12231,Buckwud Organic Maple Syrup 250G,https://www.tesco.com/groceries/en-GB/products/271154996,1687616284.071072,"['£6.00', '£2.40/100g']",6.0,£2.40/100g
12232,Hardys Crest Cabernet Shiraz Merlot 75Cl,https://www.tesco.com/groceries/en-GB/products/267787916,1687616284.137679,"['£7.00', '£7.00/75cl']",7.0,£7.00/75cl
12233,Barefoot Pink Moscato 75Cl,https://www.tesco.com/groceries/en-GB/products/276938810,1687616284.206752,"['£7.50', '£7.50/75cl']",7.5,£7.50/75cl
12234,L'or. Intense Instant Coffee 150G,https://www.tesco.com/groceries/en-GB/products/312109919,1687616284.2742982,"['£7.00', '£4.67/100g']",7.0,£4.67/100g
12235,Barefoot Malbec 75Cl,https://www.tesco.com/groceries/en-GB/products/290266980,1687616284.3451362,"['£7.50', '£7.50/75cl']",7.5,£7.50/75cl
12236,Tassimo Kenco Americano Grande Pods X16 144G,https://www.tesco.com/groceries/en-GB/products/289573898,1687616284.415945,"['£4.80', '£3.33/100g']",4.8,£3.33/100g
12237,Hardys Stamp Chardonnay Semillon 75Cl,https://www.tesco.com/groceries/en-GB/products/256335004,1687616284.482403,"['£5.00', '£5.00/75cl']",5.0,£5.00/75cl
12238,Tesco Imperial Vodka 1.5L,https://www.tesco.com/groceries/en-GB/products/255248881,1687616284.5513651,"['£23.00', '£15.33/litre']",23.0,£15.33/litre
12239,Buxton Sparkling 6X1litre,https://www.tesco.com/groceries/en-GB/products/282719963,1687616284.6176121,"['£3.70', '£0.06/100ml']",3.7,£0.06/100ml
12240,Tesco Finest Gavi 75Cl,https://www.tesco.com/groceries/en-GB/products/257238803,1687616284.686096,"['£9.00', '£9.00/75cl']",9.0,£9.00/75cl
12241,Fever Tree Light Mediterranean Tonic Water Cans 8X150ml,https://www.tesco.com/groceries/en-GB/products/299913833,1687616284.7842932,"['£4.75', '£0.40/100ml']",4.75,£0.40/100ml
12242,Highland Spring Sparkling Water 8X500ml,https://www.tesco.com/groceries/en-GB/products/301940158,1687616284.873631,"['£3.00', '£0.08/100ml']",3.0,£0.08/100ml
12243,Belvoir Elderflower Cordial 500Ml,https://www.tesco.com/groceries/en-GB/products/264510637,1687616284.974088,"['£4.00', '£0.80/100ml']",4.0,£0.80/100ml
12244,Hardys Varietal Range Shiraz 75Cl,https://www.tesco.com/groceries/en-GB/products/299918678,1687616285.043017,"['£6.00', '£6.00/75cl']",6.0,£6.00/75cl
12245,Tetley Original 120 Teabags 375G,https://www.tesco.com/groceries/en-GB/products/306658721,1687616285.133055,"['£3.00', '£0.80/100g']",3.0,£0.80/100g
12246,Buxton Still Water 1.5Ltr,https://www.tesco.com/groceries/en-GB/products/251747446,1687616285.228089,"['£0.85', '£0.06/100ml']",0.85,£0.06/100ml
12247,Lucozade Zero Sugar Pink Lemonade 900Ml,https://www.tesco.com/groceries/en-GB/products/308494283,1687616285.301661,"['£1.50', '£0.17/100ml']",1.5,£0.17/100ml
12248,Irn Bru Xtra 2Ltr,https://www.tesco.com/groceries/en-GB/products/293995681,1687616285.3848152,"['£1.69', '£0.08/100ml']",1.69,£0.08/100ml
12249,Innocent Orange Juice With Bits 1.35L,https://www.tesco.com/groceries/en-GB/products/271400354,1687616285.486658,"['£4.10', '£0.30/100ml']",4.1,£0.30/100ml
12250,Schweppes Soda Water 1L,https://www.tesco.com/groceries/en-GB/products/253485723,1687616285.589186,"['£1.75', '£0.18/100ml']",1.75,£0.18/100ml
12251,Tesco High Juice Orange Squash No Added Sugar 1L,https://www.tesco.com/groceries/en-GB/products/253476763,1687616285.66226,"['£1.65', '£0.16/100ml']",1.65,£0.16/100ml
12252,Buxton Natural Mineral Water Still 8 X 500 Ml,https://www.tesco.com/groceries/en-GB/products/267980616,1687616285.729905,"['£2.50', '£0.06/100ml']",2.5,£0.06/100ml
12253,Crabbies Alcoholic Ginger Beer 500Ml,https://www.tesco.com/groceries/en-GB/products/266416926,1687616285.8056278,"['£1.80', '£3.60/litre']",1.8,£3.60/litre
12254,Tesco Mango Passion Fruit Smoothie 750Ml,https://www.tesco.com/groceries/en-GB/products/305983377,1687616285.900577,"['£1.80', '£0.24/100ml']",1.8,£0.24/100ml
12255,Henry Westons Vintage Cider 500Ml Bottle,https://www.tesco.com/groceries/en-GB/products/251325796,1687616285.977748,"['£2.30', '£4.60/litre']",2.3,£4.60/litre
12256,Tesco Ashbeck Natural Mineral Water Sport 6X500ml,https://www.tesco.com/groceries/en-GB/products/301227531,1687616286.147407,"['£1.30', '£0.04/100ml']",1.3,£0.04/100ml
12257,Happy Monkey Strawberries & Bananas 4 Pack,https://www.tesco.com/groceries/en-GB/products/265160818,1687616286.221138,"['£2.30', '£0.32/100ml']",2.3,£0.32/100ml
12258,Tesco High Juice Orange Squash 1L,https://www.tesco.com/groceries/en-GB/products/254854320,1687616286.296208,"['£1.65', '£0.16/100ml']",1.65,£0.16/100ml
12259,Shloer Zero Calorie Sparkling White Grape 750Ml,https://www.tesco.com/groceries/en-GB/products/312699041,1687616286.369053,"['£2.50', '£0.33/100ml']",2.5,£0.33/100ml
12260,Yazoo Chilled Strawberry Flavoured Milkshake 400Ml,https://www.tesco.com/groceries/en-GB/products/290369713,1687616286.465885,"['£1.20', '£0.30/100ml']",1.2,£0.30/100ml
12261,Tesco Strawberry Flavoured Still Water 4X500ml,https://www.tesco.com/groceries/en-GB/products/271513917,1687616286.575635,"['£1.60', '£0.08/100ml']",1.6,£0.08/100ml
12262,Yorkshire Teabags 40S 125G,https://www.tesco.com/groceries/en-GB/products/272580299,1687616286.660386,"['£1.50', '£1.20/100g']",1.5,£1.20/100g
12263,Aspall Draught Apple Cyder 500Ml Bottle,https://www.tesco.com/groceries/en-GB/products/262597364,1687616286.75157,"['£2.45', '£4.90/litre']",2.45,£4.90/litre
12264,Tesco Apple & Raspberry No Added Sugar Sparkling Water 4X500ml,https://www.tesco.com/groceries/en-GB/products/292718079,1687616286.859741,"['£1.60', '£0.08/100ml']",1.6,£0.08/100ml
12265,Sprite Regular 2 Litre Bottle,https://www.tesco.com/groceries/en-GB/products/255000189,1687616287.010015,"['£1.50', '£0.08/100ml']",1.5,£0.08/100ml
12266,Stockwell & Co Hot Chocolate 375G,https://www.tesco.com/groceries/en-GB/products/300455642,1687616287.085265,"['£1.40', '£0.37/100g']",1.4,£0.37/100g
12267,Tesco Pineapple Juice From Concentrate 200Ml,https://www.tesco.com/groceries/en-GB/products/312577082,1687616287.154609,"['£0.40', '£0.20/100ml']",0.4,£0.20/100ml
12268,Corona Extra 18 X 330Ml,https://www.tesco.com/groceries/en-GB/products/293285283,1687616287.24336,"['£15.49', '£2.61/litre']",15.49,£2.61/litre
12269,Tesco Finest Premier Cru Brut Champagne 75Cl,https://www.tesco.com/groceries/en-GB/products/255245446,1687616287.323831,"['£25.00', '£25.00/75cl']",25.0,£25.00/75cl
12270,Barefoot Buttery Chardonnay 750Ml,https://www.tesco.com/groceries/en-GB/products/312110107,1687616287.391794,"['£8.50', '£8.50/75cl']",8.5,£8.50/75cl
12271,Yealands Sauvignon Blanc 75Cl,https://www.tesco.com/groceries/en-GB/products/313746900,1687616293.366341,"['£9.00', '£9.00/75cl']",9.0,£9.00/75cl
12272,Disaronno Amaretto 50Cl,https://www.tesco.com/groceries/en-GB/products/255250290,1687616293.461958,"['£16.50', '£33.00/litre']",16.5,£33.00/litre
12273,Mcguigan Black Label Shiraz 75Cl,https://www.tesco.com/groceries/en-GB/products/253237874,1687616293.556156,"['£6.75', '£6.75/75cl']",6.75,£6.75/75cl
12274,Yorkshire Decaff Teabags 160S 500G,https://www.tesco.com/groceries/en-GB/products/268234641,1687616293.6270359,"['£5.85', '£1.17/100g']",5.85,£1.17/100g
12275,Oyster Bay Sauvignon Blanc 75Cl,https://www.tesco.com/groceries/en-GB/products/260222846,1687616293.6960828,"['£10.00', '£10.00/75cl']",10.0,£10.00/75cl
12276,Tesco Italian Inspired Blend Ground Coffee 227G,https://www.tesco.com/groceries/en-GB/products/253080263,1687616293.772407,"['£2.80', '£1.23/100g']",2.8,£1.23/100g
12277,Wakefield Pinot Grigio 750Ml,https://www.tesco.com/groceries/en-GB/products/313963026,1687616293.872225,"['£9.00', '£9.00/75cl']",9.0,£9.00/75cl
12278,Kenco Smooth Instant Coffee Refill 150G,https://www.tesco.com/groceries/en-GB/products/265314678,1687616293.942477,"['£4.75', '£3.17/100g']",4.75,£3.17/100g
12279,Porta 6 Lisboa Red Wine 750Ml,https://www.tesco.com/groceries/en-GB/products/306662491,1687616294.009202,"['£7.50', '£7.50/75cl']",7.5,£7.50/75cl
12280,Tesco Finest Cotes Du Rhone Villages 75Cl,https://www.tesco.com/groceries/en-GB/products/306665879,1687616294.100297,"['£8.00', '£8.00/75cl']",8.0,£8.00/75cl
12281,Get More Vits Multivitamin Squash Orange & Mango 1 litre,https://www.tesco.com/groceries/en-GB/products/313946030,1687616294.192364,"['£2.50', '£0.25/100ml']",2.5,£0.25/100ml
12282,Coffee & Milk Latte Cappuccino Iced Coffee 250Ml,https://www.tesco.com/groceries/en-GB/products/309175170,1687616294.261683,"['£0.95', '£0.38/100ml']",0.95,£0.38/100ml
12283,Heineken Lager Beer 15 X 440Ml,https://www.tesco.com/groceries/en-GB/products/300616239,1687616294.335344,"['£12.00', '£1.82/litre']",12.0,£1.82/litre
12284,Hardys Varietal Range Sauvignon Blanc 75Cl,https://www.tesco.com/groceries/en-GB/products/299918690,1687616294.413792,"['£6.00', '£6.00/75cl']",6.0,£6.00/75cl
12285,Tesco Zesty White Wine Bag In Box 3 Litre,https://www.tesco.com/groceries/en-GB/products/255241986,1687616294.5050309,"['£14.50', '£3.62/75cl']",14.5,£3.62/75cl
12286,Maison Castel Touraine Sauvignon Blanc Wine 75Cl,https://www.tesco.com/groceries/en-GB/products/283689903,1687616294.5738099,"['£9.00', '£9.00/75cl']",9.0,£9.00/75cl
12287,Nescafe Original 3in1 6 Sachet 96g,https://www.tesco.com/groceries/en-GB/products/314843242,1687616294.663527,"['£1.10', '£1.15/100g']",1.1,£1.15/100g
12288,Sprite 8X 330Ml,https://www.tesco.com/groceries/en-GB/products/291334217,1687616294.7303429,"['£2.99', '£0.11/100ml']",2.99,£0.11/100ml
12289,Nescafe Smooth & Rich 2in1 6 Sachet 54g,https://www.tesco.com/groceries/en-GB/products/314691795,1687616294.7991612,"['£1.10', '£2.04/100g']",1.1,£2.04/100g
12290,Appletiser Appletiser 150Ml,https://www.tesco.com/groceries/en-GB/products/299947764,1687616294.865196,"['£0.60', '£0.40/100ml']",0.6,£0.40/100ml
12291,Frijj Fudge Brownie 400Ml,https://www.tesco.com/groceries/en-GB/products/297794470,1687616294.962124,"['£1.50', '£0.38/100ml']",1.5,£0.38/100ml
12292,Robinsons Orange & Pineapple Concentrate Double No Added Sugar 1.75L,https://www.tesco.com/groceries/en-GB/products/268345043,1687616295.029262,"['£3.50', '£0.20/100ml']",3.5,£0.20/100ml
12293,Innocent Apple Juice 1.35L,https://www.tesco.com/groceries/en-GB/products/272489114,1687616295.118033,"['£4.10', '£0.30/100ml']",4.1,£0.30/100ml
12294,Fever Tree Light Elderflower Tonic 500Ml,https://www.tesco.com/groceries/en-GB/products/299913919,1687616295.208357,"['£2.00', '£0.40/100ml']",2.0,£0.40/100ml
12295,Tesco Strawberry Sensation Smoothie 750Ml,https://www.tesco.com/groceries/en-GB/products/305959509,1687616295.304467,"['£1.80', '£0.24/100ml']",1.8,£0.24/100ml
12296,Staropramen 660Ml,https://www.tesco.com/groceries/en-GB/products/273320825,1687616295.389656,"['£2.35', '£3.56/litre']",2.35,£3.56/litre
12297,Robinsons Fruit Shoots Blackcurrant & Apple No Added Sugar 4X200ml,https://www.tesco.com/groceries/en-GB/products/256660315,1687616295.4930089,"['£2.00', '£0.25/100ml']",2.0,£0.25/100ml
12298,Robinsons No Added Sugar Immunity Squash 750Ml,https://www.tesco.com/groceries/en-GB/products/313737404,1687616295.5617511,"['£2.50', '£0.33/100ml']",2.5,£0.33/100ml
12299,Robinsons No Added Sugar Vitality Squash 750Ml,https://www.tesco.com/groceries/en-GB/products/313953418,1687616295.6640441,"['£2.50', '£0.33/100ml']",2.5,£0.33/100ml
12300,Canderel Granular Sweetener 75G,https://www.tesco.com/groceries/en-GB/products/259321649,1687616295.7618392,"['£2.00', '£26.67/kg']",2.0,£26.67/kg
12301,Tango Orange Drink 2 Litre Bottle,https://www.tesco.com/groceries/en-GB/products/254857870,1687616295.835795,"['£1.50', '£0.08/100ml']",1.5,£0.08/100ml
12302,Tesco Tropical Juice Drink 1 Litre,https://www.tesco.com/groceries/en-GB/products/301219459,1687616295.917491,"['£1.15', '£0.12/100ml']",1.15,£0.12/100ml
12303,Lipton Ice Tea Lemon Flavour 1.25L Bottle,https://www.tesco.com/groceries/en-GB/products/253398763,1687616296.026748,"['£2.00', '£0.16/100ml']",2.0,£0.16/100ml
12304,Volvic Touch Of Fruit Lemon & Lime Sugar Free 1.5Ltr,https://www.tesco.com/groceries/en-GB/products/256851504,1687616296.181005,"['£1.25', '£0.08/100ml']",1.25,£0.08/100ml
12305,Newcastle Brown Ale Bottle 550Ml,https://www.tesco.com/groceries/en-GB/products/255237427,1687616296.275889,"['£1.59', '£2.89/litre']",1.59,£2.89/litre
12306,Robinsons Summerfruits Squash No Added Sugar 1L,https://www.tesco.com/groceries/en-GB/products/255599793,1687616296.3512042,"['£2.00', '£0.20/100ml']",2.0,£0.20/100ml
12307,Oxford Landing Sauvignon Blanc 75Cl,https://www.tesco.com/groceries/en-GB/products/259190872,1687616296.4558861,"['£6.75', '£6.75/75cl']",6.75,£6.75/75cl
12308,Estrella Damm Bottles 12X330ml,https://www.tesco.com/groceries/en-GB/products/294017180,1687616296.5911522,"['£16.00', '£4.04/litre']",16.0,£4.04/litre
12309,Craft Beer Trio 3 X 330Ml & Beer Glass Gift Set,https://www.tesco.com/groceries/en-GB/products/314575518,1687616296.736536,"['£10.00', '£10.00/each']",10.0,£10.00/each
12310,Gallo Family Vineyards Merlot 75Cl,https://www.tesco.com/groceries/en-GB/products/251678389,1687616296.802798,"['£6.50', '£6.50/75cl']",6.5,£6.50/75cl
12311,Brewdog Punk Ipa 12X330ml,https://www.tesco.com/groceries/en-GB/products/307143689,1687616296.896099,"['£13.99', '£3.53/litre']",13.99,£3.53/litre
12312,San Pellegrino Sparkling Water 6 X 1 Litre,https://www.tesco.com/groceries/en-GB/products/254485998,1687616296.971498,"['£6.75', '£0.11/100ml']",6.75,£0.11/100ml
12313,19 Crimes Sauvignon Block Sauvignon Blanc 750Ml,https://www.tesco.com/groceries/en-GB/products/306501158,1687616297.038806,"['£9.00', '£9.00/75cl']",9.0,£9.00/75cl
12314,Blossom Hill Red Wine 75Cl,https://www.tesco.com/groceries/en-GB/products/259712890,1687616297.127298,"['£5.00', '£5.00/75cl']",5.0,£5.00/75cl
12315,John Smiths Extra Smooth 18X440ml Cans,https://www.tesco.com/groceries/en-GB/products/276797820,1687616297.195028,"['£17.50', '£2.21/litre']",17.5,£2.21/litre
12316,Brewdog Lost Lager 10X440ml,https://www.tesco.com/groceries/en-GB/products/307750039,1687616297.2965271,"['£12.00', '£2.73/litre']",12.0,£2.73/litre
12317,Fever-Tree Indian Tonic Water 8 X 150Ml,https://www.tesco.com/groceries/en-GB/products/289287200,1687616297.390937,"['£5.00', '£0.42/100ml']",5.0,£0.42/100ml
12318,Marston's Golden Beers Mixed Ale 6X500ml,https://www.tesco.com/groceries/en-GB/products/277991012,1687616297.4805639,"['£9.75', '£3.25/litre']",9.75,£3.25/litre
12319,Get More Vits Multivitamin Squash Apple & Blackcurrant 1 litre,https://www.tesco.com/groceries/en-GB/products/313948045,1687616303.5355961,"['£2.50', '£0.25/100ml']",2.5,£0.25/100ml
12320,Tango Apple Sugar Free Soft Drink 6 X 330Ml,https://www.tesco.com/groceries/en-GB/products/311940172,1687616303.614308,"['£2.75', '£0.14/100ml']",2.75,£0.14/100ml
12321,Vimto No Added Sugar 6X330ml,https://www.tesco.com/groceries/en-GB/products/262078817,1687616303.7127209,"['£3.00', '£0.15/100ml']",3.0,£0.15/100ml
12322,Innocent Kids Smoothies Apple & Blackcurrant 4X150ml,https://www.tesco.com/groceries/en-GB/products/305524927,1687616303.814301,"['£3.60', '£0.60/100ml']",3.6,£0.60/100ml
12323,Diet Coke 150Ml,https://www.tesco.com/groceries/en-GB/products/258062692,1687616303.905542,"['£0.60', '£0.40/100ml']",0.6,£0.40/100ml
12324,Oasis Summer Fruit 1.5Ltr (N),https://www.tesco.com/groceries/en-GB/products/257000589,1687616303.999008,"['£1.50', '£0.10/100ml']",1.5,£0.10/100ml
12325,Tesco Diet Cola 12X330ml,https://www.tesco.com/groceries/en-GB/products/301400602,1687616304.096797,"['£3.10', '£0.08/100ml']",3.1,£0.08/100ml
12326,Greene King Abbot Reserve 500Ml,https://www.tesco.com/groceries/en-GB/products/267193309,1687616304.163646,"['£2.50', '£5.00/litre']",2.5,£5.00/litre
12327,Shloer Zero Calorie Sparkling Red Grape 750Ml,https://www.tesco.com/groceries/en-GB/products/312698897,1687616304.2512178,"['£2.50', '£0.33/100ml']",2.5,£0.33/100ml
12328,Tesco Quadruple Strength Orange Squash No Added Sugar 750Ml,https://www.tesco.com/groceries/en-GB/products/309463670,1687616304.341197,"['£1.35', '£0.18/100ml']",1.35,£0.18/100ml
12329,Strongbow Dark Fruit Cider 10X440ml Can,https://www.tesco.com/groceries/en-GB/products/278653665,1687616304.41991,"['£10.00', '£2.27/litre']",10.0,£2.27/litre
12330,Almond Breeze Unsweetened Fresh Drink 1 Litre,https://www.tesco.com/groceries/en-GB/products/273701571,1687616304.4906309,"['£1.75', '£0.18/100ml']",1.75,£0.18/100ml
12331,Sparkling Vimto 2 Litre Bottle,https://www.tesco.com/groceries/en-GB/products/254857962,1687616304.558966,"['£1.35', '£0.07/100ml']",1.35,£0.07/100ml
12332,Tesco Unsweetened Soya Milk Alternative 1L,https://www.tesco.com/groceries/en-GB/products/300118034,1687616304.6332579,"['£1.25', '£1.25/litre']",1.25,£1.25/litre
12333,Erdinger Weissbier 500Ml,https://www.tesco.com/groceries/en-GB/products/251821197,1687616304.701118,"['£2.20', '£4.40/litre']",2.2,£4.40/litre
12334,Robinsons No Added Sugar Boost Squash 750Ml,https://www.tesco.com/groceries/en-GB/products/314311054,1687616304.793508,"['£2.50', '£0.33/100ml']",2.5,£0.33/100ml
12335,Lucozade Energy Apple Blast 900Ml,https://www.tesco.com/groceries/en-GB/products/308477239,1687616304.8903282,"['£1.50', '£0.17/100ml']",1.5,£0.17/100ml
12336,Lucozade Energy Wild Cherry 900Ml,https://www.tesco.com/groceries/en-GB/products/308497988,1687616304.9591649,"['£1.50', '£0.17/100ml']",1.5,£0.17/100ml
12337,Adnams Broadside Ale 500Ml,https://www.tesco.com/groceries/en-GB/products/250621372,1687616305.027681,"['£2.00', '£4.00/litre']",2.0,£4.00/litre
12338,Tesco Quadruple Strength Orange & Mango Squash No Added Sugar 750Ml,https://www.tesco.com/groceries/en-GB/products/310135430,1687616305.123883,"['£1.35', '£0.18/100ml']",1.35,£0.18/100ml
12339,Pepsi Max No Caffeine Cola 8X330ml,https://www.tesco.com/groceries/en-GB/products/308081437,1687616305.191617,"['£3.99', '£0.15/100ml']",3.99,£0.15/100ml
12340,Tango Apple Sugar Free Soft Drink 2 Litres,https://www.tesco.com/groceries/en-GB/products/311271675,1687616305.264447,"['£1.50', '£0.08/100ml']",1.5,£0.08/100ml
12341,Kopparberg Strawberry & Lime 500Ml Bottle,https://www.tesco.com/groceries/en-GB/products/266667686,1687616305.3339121,"['£2.30', '£4.60/litre']",2.3,£4.60/litre
12342,Kopparberg Mixed Fruit Cider 500Ml Bottle,https://www.tesco.com/groceries/en-GB/products/264079462,1687616305.429651,"['£2.30', '£4.60/litre']",2.3,£4.60/litre
12343,Tesco Gold Decaffeinated Instant Coffee 200G,https://www.tesco.com/groceries/en-GB/products/257705850,1687616305.518977,"['£3.00', '£1.50/100g']",3.0,£1.50/100g
12344,Tesco Apple And Mango From Concentrate 1 Litre,https://www.tesco.com/groceries/en-GB/products/289510599,1687616305.588167,"['£1.15', '£0.12/100ml']",1.15,£0.12/100ml
12345,Growers Harvest Tropical Juice Drink 2L,https://www.tesco.com/groceries/en-GB/products/300473447,1687616305.67785,"['£1.35', '£0.07/100ml']",1.35,£0.07/100ml
12347,Tesco Finest Picpoul De Pinet 75Cl,https://www.tesco.com/groceries/en-GB/products/267931157,1687616305.817326,"['£9.00', '£9.00/75cl']",9.0,£9.00/75cl
12348,Kopparberg Strawberry & Lime 12X330ml Can,https://www.tesco.com/groceries/en-GB/products/268773405,1687616305.883351,"['£12.50', '£3.16/litre']",12.5,£3.16/litre
12349,Guinness Draught 12 X 440Ml,https://www.tesco.com/groceries/en-GB/products/313831995,1687616306.010178,"['£16.50', '£3.12/litre']",16.5,£3.12/litre
12350,Finest Prosecco Valdobbiadene Docg 75Cl,https://www.tesco.com/groceries/en-GB/products/292561021,1687616306.103803,"['£10.00', '£10.00/75cl']",10.0,£10.00/75cl
12351,Tassimo Cadbury Hot Chocolate 8 Pods 240G,https://www.tesco.com/groceries/en-GB/products/289013600,1687616306.169485,"['£4.80', '£2.00/100g']",4.8,£2.00/100g
12352,Guinness Draught 8 X 440Ml,https://www.tesco.com/groceries/en-GB/products/313843854,1687616306.237556,"['£9.45', '£2.68/litre']",9.45,£2.68/litre
12353,Tesco Finest Cotes De Gascogne 75Cl,https://www.tesco.com/groceries/en-GB/products/266958006,1687616306.3042932,"['£7.00', '£7.00/75cl']",7.0,£7.00/75cl
12354,Schweppes Canada Dry Ginger Ale 12X150ml,https://www.tesco.com/groceries/en-GB/products/280364895,1687616306.3919702,"['£5.60', '£0.31/100ml']",5.6,£0.31/100ml
12355,Dino Italian Blush 75Cl,https://www.tesco.com/groceries/en-GB/products/281976843,1687616306.45757,"['£5.75', '£5.75/75cl']",5.75,£5.75/75cl
12356,Innocent Super Smoothie Strawberry Burst 4X150ml,https://www.tesco.com/groceries/en-GB/products/305984399,1687616306.540114,"['£4.10', '£0.68/100ml']",4.1,£0.68/100ml
12357,Fern Bay New Zealand Sauvignon Blanc 75Cl,https://www.tesco.com/groceries/en-GB/products/310685279,1687616306.6261199,"['£7.00', '£7.00/75cl']",7.0,£7.00/75cl
12358,Silver Spoon Half Spoon Sugar 1Kg,https://www.tesco.com/groceries/en-GB/products/255524836,1687616306.69639,"['£2.80', '£2.80/kg']",2.8,£2.80/kg
12359,Diet Coke 12 X 150Ml,https://www.tesco.com/groceries/en-GB/products/257716514,1687616306.7723699,"['£5.60', '£0.31/100ml']",5.6,£0.31/100ml
12360,Highland Still Spring Water 12 X 330Ml,https://www.tesco.com/groceries/en-GB/products/250041998,1687616306.8373818,"['£3.25', '£0.08/100ml']",3.25,£0.08/100ml
12361,Tesco Colombian Ground Coffee 227G,https://www.tesco.com/groceries/en-GB/products/253135804,1687616306.9107552,"['£2.80', '£1.23/100g']",2.8,£1.23/100g
12362,San Pellegrino Sparkling Orange Drink 6 X 330Ml,https://www.tesco.com/groceries/en-GB/products/310666930,1687616306.977192,"['£4.75', '£0.24/100ml']",4.75,£0.24/100ml
12363,Kopparberg Strawberry & Lime Alcohol Free 500Ml,https://www.tesco.com/groceries/en-GB/products/285779045,1687616307.074344,"['£1.45', '£2.90/litre']",1.45,£2.90/litre
12364,Gallo Family Vineyards White Zinfandel 75Cl,https://www.tesco.com/groceries/en-GB/products/256564781,1687616307.14655,"['£6.50', '£6.50/75cl']",6.5,£6.50/75cl
12365,Twinings Invigorating /Invigorate Peppermint 20 Teabags 40G,https://www.tesco.com/groceries/en-GB/products/254198819,1687616307.26128,"['£2.50', '£6.25/100g']",2.5,£6.25/100g
12366,Fruit Shoot Apple & Blackcurrant No Added Sugar 8X200ml,https://www.tesco.com/groceries/en-GB/products/256682600,1687616307.360712,"['£3.55', '£0.22/100ml']",3.55,£0.22/100ml
12367,Nescafe Dolce Gusto Latte Macchiato 16 Caps 183.2G,https://www.tesco.com/groceries/en-GB/products/305966450,1687616313.7447958,"['£4.50', '£2.46/100g']",4.5,£2.46/100g
12368,Mcewans Champion Ale 500Ml Bottle,https://www.tesco.com/groceries/en-GB/products/250906669,1687616313.858258,"['£1.85', '£3.70/litre']",1.85,£3.70/litre
12369,Whitstable Bay Pale Ale 500Ml,https://www.tesco.com/groceries/en-GB/products/279725314,1687616313.9508858,"['£1.90', '£3.80/litre']",1.9,£3.80/litre
12370,Evian Natural Mineral Water 6 X 500 Ml,https://www.tesco.com/groceries/en-GB/products/254855526,1687616314.093024,"['£3.00', '£0.10/100ml']",3.0,£0.10/100ml
12371,Robinsons Creations Peach & Raspberry 1L,https://www.tesco.com/groceries/en-GB/products/298025820,1687616314.161537,"['£2.50', '£0.25/100ml']",2.5,£0.25/100ml
12372,Innocent Tropical Juice 1.35 Litres,https://www.tesco.com/groceries/en-GB/products/276685837,1687616314.238935,"['£4.10', '£0.30/100ml']",4.1,£0.30/100ml
12373,Tropicana Pineapple Juice 850Ml,https://www.tesco.com/groceries/en-GB/products/287294534,1687616314.329696,"['£3.50', '£0.41/100ml']",3.5,£0.41/100ml
12374,Fever Tree Light Ginger Ale 500Ml,https://www.tesco.com/groceries/en-GB/products/299913856,1687616314.42743,"['£2.00', '£0.40/100ml']",2.0,£0.40/100ml
12375,T.Fruit Splash Apple & Blackcurrant 12X250ml,https://www.tesco.com/groceries/en-GB/products/274209997,1687616314.519663,"['£3.25', '£0.11/100ml']",3.25,£0.11/100ml
12376,Vimto Remix Orange Raspberry Pasn/ Fruit Squash 1L,https://www.tesco.com/groceries/en-GB/products/290993198,1687616314.586855,"['£2.00', '£0.20/100ml']",2.0,£0.20/100ml
12377,Tesco Apple & Mango High Juice 1Ltr,https://www.tesco.com/groceries/en-GB/products/280823531,1687616314.656852,"['£1.65', '£0.16/100ml']",1.65,£0.16/100ml
12378,Nescafe Original Instant Coffee 100G,https://www.tesco.com/groceries/en-GB/products/254889590,1687616314.723509,"['£2.49', '£2.49/100g']",2.49,£2.49/100g
12379,Jubel Beer Cut With Elderflower 330Ml,https://www.tesco.com/groceries/en-GB/products/314949630,1687616314.793303,"['£2.20', '£6.67/litre']",2.2,£6.67/litre
12380,Coke Zero 1.25Ltr,https://www.tesco.com/groceries/en-GB/products/261425645,1687616314.88702,"['£1.70', '£0.14/100ml']",1.7,£0.14/100ml
12381,Jubel Beer Cut With Grapefruit 330Ml,https://www.tesco.com/groceries/en-GB/products/314838963,1687616314.974736,"['£2.20', '£6.67/litre']",2.2,£6.67/litre
12383,Tesco Fruit Splash No Added Sugar Orange Juice Drink 250Ml,https://www.tesco.com/groceries/en-GB/products/312561123,1687616315.132503,"['£0.45', '£0.18/100ml']",0.45,£0.18/100ml
12384,Tesco High Juice Blackcurrant Squash No Added Sugar 1L,https://www.tesco.com/groceries/en-GB/products/257187027,1687616315.230268,"['£1.65', '£0.16/100ml']",1.65,£0.16/100ml
12385,Heidseick Dry Monopole Non Vintage Champagne 75Cl,https://www.tesco.com/groceries/en-GB/products/250346980,1687616315.301727,"['£32.00', '£32.00/75cl']",32.0,£32.00/75cl
12386,Bell's Original Whisky 1 Litre,https://www.tesco.com/groceries/en-GB/products/259776963,1687616315.369434,"['£22.50', '£22.50/litre']",22.5,£22.50/litre
12387,Madri Excepcional Premium Lager 12X330ml,https://www.tesco.com/groceries/en-GB/products/311213797,1687616315.4426398,"['£15.00', '£3.79/litre']",15.0,£3.79/litre
12388,Tassimo Costa Latte 6 Pack 167.4G,https://www.tesco.com/groceries/en-GB/products/313008916,1687616315.50971,"['£4.80', '£2.87/100g']",4.8,£2.87/100g
12389,Jam Shed Australian Chardonnay 750Ml,https://www.tesco.com/groceries/en-GB/products/309467320,1687616315.655595,"['£7.00', '£7.00/75cl']",7.0,£7.00/75cl
12390,Tia Maria 70Cl,https://www.tesco.com/groceries/en-GB/products/257304458,1687616315.747468,"['£16.00', '£22.86/litre']",16.0,£22.86/litre
12391,Wolf Blass Yellow Label Cabernet Sauvignon 75Cl,https://www.tesco.com/groceries/en-GB/products/259713860,1687616315.816808,"['£8.50', '£8.50/75cl']",8.5,£8.50/75cl
12392,Tesco Imperial Vodka 1L,https://www.tesco.com/groceries/en-GB/products/255248875,1687616315.88518,"['£15.50', '£15.50/litre']",15.5,£15.50/litre
12394,Blossom Hill White Wine 75Cl,https://www.tesco.com/groceries/en-GB/products/259712953,1687616316.058953,"['£5.00', '£5.00/75cl']",5.0,£5.00/75cl
12395,Brancott Estate Sauvignon Blanc 75Cl,https://www.tesco.com/groceries/en-GB/products/255244712,1687616316.126677,"['£9.50', '£9.50/75cl']",9.5,£9.50/75cl
12396,Irn Bru Xtra 8X330ml,https://www.tesco.com/groceries/en-GB/products/293995709,1687616316.192884,"['£3.50', '£0.13/100ml']",3.5,£0.13/100ml
12397,Old Speckled Hen Gluten Free English Pale Ale 500Ml,https://www.tesco.com/groceries/en-GB/products/313943459,1687616316.323284,"['£2.00', '£4.00/litre']",2.0,£4.00/litre
12398,Yeo Valley Organic Whole Milk 2 Litre,https://www.tesco.com/groceries/en-GB/products/262586694,1687616316.449543,"['£2.70', '£1.35/litre']",2.7,£1.35/litre
12399,Galaxy Instant Hot Chocolate Drink 370G,https://www.tesco.com/groceries/en-GB/products/265762705,1687616316.5421069,"['£3.50', '£0.95/100g']",3.5,£0.95/100g
12400,Yeo Valley Organic Semi Skimmed Milk 2 Litre,https://www.tesco.com/groceries/en-GB/products/258882358,1687616316.609112,"['£2.70', '£1.35/litre']",2.7,£1.35/litre
12401,Croft Original Pale Cream Sherry 1 Litre,https://www.tesco.com/groceries/en-GB/products/255246819,1687616316.6979892,"['£13.00', '£9.75/75cl']",13.0,£9.75/75cl
12402,Innocent Coconut Water 1L,https://www.tesco.com/groceries/en-GB/products/288178112,1687616316.7893171,"['£4.30', '£0.43/100ml']",4.3,£0.43/100ml
12403,Campo Viejo Blanco Rioja 75Cl,https://www.tesco.com/groceries/en-GB/products/292356830,1687616316.8649101,"['£8.00', '£8.00/75cl']",8.0,£8.00/75cl
12404,Aqua Pura Still Natural Mineral Water 12X500ml,https://www.tesco.com/groceries/en-GB/products/309456229,1687616316.97146,"['£3.00', '£0.05/100ml']",3.0,£0.05/100ml
12405,Tesco Blue Spark Sugar Free Drink 6X250ml,https://www.tesco.com/groceries/en-GB/products/276547921,1687616317.039554,"['£2.80', '£0.19/100ml']",2.8,£0.19/100ml
12406,Stella Artois Premium Lager 4 X 568Ml,https://www.tesco.com/groceries/en-GB/products/307746949,1687616317.110368,"['£5.75', '£2.53/litre']",5.75,£2.53/litre
12408,Galaxy Frothy 275G,https://www.tesco.com/groceries/en-GB/products/267526159,1687616317.285184,"['£2.49', '£0.90/100g']",2.49,£0.90/100g
12409,Innocent Kids Smoothie Cherries Strawberries 4X150ml,https://www.tesco.com/groceries/en-GB/products/305529496,1687616317.3628218,"['£3.60', '£0.60/100ml']",3.6,£0.60/100ml
12410,Tango Orange 6X330ml Pack,https://www.tesco.com/groceries/en-GB/products/254856548,1687616317.451649,"['£2.75', '£0.14/100ml']",2.75,£0.14/100ml
12411,Tesco Blue Spark Sugar Free Energy Drink 1L,https://www.tesco.com/groceries/en-GB/products/301227116,1687616317.547385,"['£0.90', '£0.09/100ml']",0.9,£0.09/100ml
12412,Nescafe Gold Cappuccino Decaffeinated Unsweetened 8 Sachets 120G,https://www.tesco.com/groceries/en-GB/products/296142004,1687616317.61652,"['£2.10', '£1.75/100g']",2.1,£1.75/100g
12413,Tesco Fruit Splash Orange No Added Sugar 12 X 250Ml,https://www.tesco.com/groceries/en-GB/products/274212802,1687616317.686041,"['£3.25', '£0.11/100ml']",3.25,£0.11/100ml
12414,Tesco 100% Pressed Tomato Juice 1L,https://www.tesco.com/groceries/en-GB/products/293945270,1687616317.753026,"['£1.70', '£0.17/100ml']",1.7,£0.17/100ml
12415,Italiano Vino Rosso 75Cl 75Cl,https://www.tesco.com/groceries/en-GB/products/313843399,1687616324.496934,"['£3.89', '£3.89/75cl']",3.89,£3.89/75cl
12416,Fever-Tree Tonic Naturally Light 8 X 150Ml,https://www.tesco.com/groceries/en-GB/products/289287373,1687616324.5894248,"['£4.75', '£0.40/100ml']",4.75,£0.40/100ml
12417,Coca Cola Zero Sugar Cherry 10X330ml,https://www.tesco.com/groceries/en-GB/products/309190577,1687616324.781062,"['£4.69', '£0.14/100ml']",4.69,£0.14/100ml
12418,Clipper Organic Everyday Tea Bags 80Pack 232G,https://www.tesco.com/groceries/en-GB/products/311782600,1687616324.8771179,"['£3.50', '£1.51/100g']",3.5,£1.51/100g
12419,Nescafe Dolce Gusto Americano Coffee 16 Pods 128G,https://www.tesco.com/groceries/en-GB/products/307755909,1687616324.94959,"['£4.50', '£3.52/100g']",4.5,£3.52/100g
12420,Copella Apple Juice 1.35L,https://www.tesco.com/groceries/en-GB/products/301443833,1687616325.040975,"['£3.75', '£0.28/100ml']",3.75,£0.28/100ml
12421,Southern Ocean Western Cape Sauvignon Blanc 75Cl,https://www.tesco.com/groceries/en-GB/products/310152985,1687616325.110195,"['£5.75', '£5.75/75cl']",5.75,£5.75/75cl
12422,Robinsons Cordials Lime & Mint 500Ml,https://www.tesco.com/groceries/en-GB/products/298026060,1687616325.1764219,"['£3.00', '£0.60/100ml']",3.0,£0.60/100ml
12423,Aqua Pura Sparkling Natural Water 8X500ml,https://www.tesco.com/groceries/en-GB/products/309498749,1687616325.265097,"['£2.00', '£0.05/100ml']",2.0,£0.05/100ml
12424,Fever-Tree Light Spanish Clementine Tonic Water 500Ml,https://www.tesco.com/groceries/en-GB/products/310683270,1687616325.3323479,"['£2.00', '£0.40/100ml']",2.0,£0.40/100ml
12425,Diet Coke 500Ml,https://www.tesco.com/groceries/en-GB/products/258458339,1687616325.425965,"['£1.59', '£0.32/100ml']",1.59,£0.32/100ml
12426,Tesco Quadruple Strength Cherries & Berries Squash 750Ml,https://www.tesco.com/groceries/en-GB/products/310187892,1687616325.537787,"['£1.35', '£0.18/100ml']",1.35,£0.18/100ml
12427,Welch's Light Purple Grape Juice Drink 1 Litre,https://www.tesco.com/groceries/en-GB/products/260153979,1687616325.608076,"['£1.60', '£0.16/100ml']",1.6,£0.16/100ml
12428,Sharp's Atlantic Pale Ale 500Ml,https://www.tesco.com/groceries/en-GB/products/285939732,1687616325.693621,"['£2.25', '£4.50/litre']",2.25,£4.50/litre
12429,Coca-Cola Coke Cherry 1.75L,https://www.tesco.com/groceries/en-GB/products/282822342,1687616325.784939,"['£2.25', '£0.13/100ml']",2.25,£0.13/100ml
12430,Rekorderlig Wild Berries Cider 500Ml Bottle,https://www.tesco.com/groceries/en-GB/products/268732702,1687616325.853251,"['£2.45', '£4.90/litre']",2.45,£4.90/litre
12431,Cornish Rattler Apple Cider 500Ml Bottle,https://www.tesco.com/groceries/en-GB/products/262019572,1687616325.947422,"['£2.45', '£4.90/litre']",2.45,£4.90/litre
12432,Volvic Touch Of Fruit Mango Passion Sugar Free 1.5L,https://www.tesco.com/groceries/en-GB/products/304791679,1687616326.06687,"['£1.25', '£0.08/100ml']",1.25,£0.08/100ml
12433,Dr Pepper Can 150 Ml,https://www.tesco.com/groceries/en-GB/products/253421978,1687616326.163462,"['£0.60', '£0.40/100ml']",0.6,£0.40/100ml
12434,Biere D'or 10 X 250Ml,https://www.tesco.com/groceries/en-GB/products/292915750,1687616326.25652,"['£3.90', '£1.56/litre']",3.9,£1.56/litre
12435,Tesco Pomegranate Juice Drink 1L,https://www.tesco.com/groceries/en-GB/products/258617858,1687616326.324998,"['£1.15', '£0.12/100ml']",1.15,£0.12/100ml
12436,Lavazza Qualita Rossa Ground Coffee 2 X 250G,https://www.tesco.com/groceries/en-GB/products/257352903,1687616326.4148512,"['£6.75', '£1.35/100g']",6.75,£1.35/100g
12437,Tassimo Costa Americano Coffee Pods X12 108G,https://www.tesco.com/groceries/en-GB/products/309177571,1687616326.484242,"['£4.80', '£4.44/100g']",4.8,£4.44/100g
12438,Mionetto Prosecco Doc 75Cl,https://www.tesco.com/groceries/en-GB/products/283507705,1687616326.574108,"['£11.00', '£11.00/75cl']",11.0,£11.00/75cl
12439,Tesco Italian Inspired Blend Ground Coffee 454G,https://www.tesco.com/groceries/en-GB/products/250128795,1687616326.647663,"['£5.00', '£1.10/100g']",5.0,£1.10/100g
12440,Yellow Tail Sauvignon Blanc 75Cl,https://www.tesco.com/groceries/en-GB/products/272640281,1687616326.717087,"['£7.25', '£7.25/75cl']",7.25,£7.25/75cl
12441,Tesco Finest Monteforte Pinot Grigio 75Cl,https://www.tesco.com/groceries/en-GB/products/296394206,1687616326.787328,"['£8.00', '£8.00/75cl']",8.0,£8.00/75cl
12442,Innocent Kids Strawberry Raspberry & Apple 10X150ml,https://www.tesco.com/groceries/en-GB/products/305251564,1687616326.8567848,"['£7.00', '£0.47/100ml']",7.0,£0.47/100ml
12443,Tassimo Kenco Colombian Coffee Pods X16 136G,https://www.tesco.com/groceries/en-GB/products/261621384,1687616326.925004,"['£4.80', '£3.53/100g']",4.8,£3.53/100g
12444,Options Belgian Chocolate 220G,https://www.tesco.com/groceries/en-GB/products/258049461,1687616327.0382578,"['£4.50', '£2.04/100g']",4.5,£2.04/100g
12445,Casillero Del Diablo Chardonnay 75Cl,https://www.tesco.com/groceries/en-GB/products/251295853,1687616327.1087492,"['£7.50', '£7.50/75cl']",7.5,£7.50/75cl
12446,Kenco Millicano Americano Instant Coffee 100G,https://www.tesco.com/groceries/en-GB/products/268172402,1687616327.235679,"['£6.00', '£6.00/100g']",6.0,£6.00/100g
12447,Kenco Rich Instant Coffee Refill 150G,https://www.tesco.com/groceries/en-GB/products/265314701,1687616327.327672,"['£4.75', '£3.17/100g']",4.75,£3.17/100g
12448,Fever-Tree Naturally Light Ginger Beer 500Ml,https://www.tesco.com/groceries/en-GB/products/275218224,1687616327.396071,"['£2.00', '£0.40/100ml']",2.0,£0.40/100ml
12450,Lucozade Sport Raspberry 4X500ml,https://www.tesco.com/groceries/en-GB/products/262001990,1687616327.526894,"['£3.50', '£0.18/100ml']",3.5,£0.18/100ml
12451,Barr Irn-Bru Soft Drink 8 X 330Ml,https://www.tesco.com/groceries/en-GB/products/272639024,1687616327.592546,"['£3.50', '£0.13/100ml']",3.5,£0.13/100ml
12452,Volvic Natural Mineral Water 1.5L,https://www.tesco.com/groceries/en-GB/products/254855434,1687616327.697104,"['£1.00', '£0.07/100ml']",1.0,£0.07/100ml
12453,Wairau Cove Pinot Grigio 75Cl,https://www.tesco.com/groceries/en-GB/products/281976434,1687616327.767165,"['£7.75', '£7.75/75cl']",7.75,£7.75/75cl
12454,Arctic Coffee Cafe Latte 1 Litre,https://www.tesco.com/groceries/en-GB/products/305946232,1687616327.859468,"['£2.20', '£0.22/100ml']",2.2,£0.22/100ml
12455,Nescafe Gold Latte Instant Coffee 8X15.5G,https://www.tesco.com/groceries/en-GB/products/306890599,1687616327.948552,"['£2.10', '£1.69/100g']",2.1,£1.69/100g
12456,Canderel Sweetener 100 Pack,https://www.tesco.com/groceries/en-GB/products/254917575,1687616328.03886,"['£1.40', '£164.71/kg']",1.4,£164.71/kg
12457,Oakham Ales Citra 500Ml,https://www.tesco.com/groceries/en-GB/products/279750807,1687616328.105356,"['£2.00', '£4.00/litre']",2.0,£4.00/litre
12458,Sharps Doom Bar 500Ml,https://www.tesco.com/groceries/en-GB/products/260342577,1687616328.1930208,"['£1.85', '£3.70/litre']",1.85,£3.70/litre
12459,Black Sheep Ale 500Ml Bottle,https://www.tesco.com/groceries/en-GB/products/257855994,1687616328.2614532,"['£1.80', '£3.60/litre']",1.8,£3.60/litre
12460,Pepsi Max Lime 2L,https://www.tesco.com/groceries/en-GB/products/309185699,1687616328.354124,"['£1.99', '£0.10/100ml']",1.99,£0.10/100ml
12461,Robinsons Fruit Shoot Orange No Added Sugar 4X200ml,https://www.tesco.com/groceries/en-GB/products/264565819,1687616328.442976,"['£2.00', '£0.25/100ml']",2.0,£0.25/100ml
12462,Radnor Fizz Tropical Drink 4X330ml,https://www.tesco.com/groceries/en-GB/products/314604111,1687616328.519142,"['£2.00', '£0.15/100ml']",2.0,£0.15/100ml
12463,Radnor Fizz Apple 4X330ml,https://www.tesco.com/groceries/en-GB/products/314710895,1687616334.363395,"['£2.00', '£0.15/100ml']",2.0,£0.15/100ml
12464,Radnor Fizz Forest Fruits 4x330ml,https://www.tesco.com/groceries/en-GB/products/314697869,1687616334.4703202,"['£2.00', '£0.15/100ml']",2.0,£0.15/100ml
12465,Yazoo Chilled Banana Flavour Milkshake 400Ml,https://www.tesco.com/groceries/en-GB/products/290369673,1687616334.571124,"['£1.20', '£0.30/100ml']",1.2,£0.30/100ml
12466,Copella Apple Juice 900Ml,https://www.tesco.com/groceries/en-GB/products/288306532,1687616334.661952,"['£2.75', '£0.31/100ml']",2.75,£0.31/100ml
12467,Tesco Finest Docg Valdobbiadene Prosecco 20Cl,https://www.tesco.com/groceries/en-GB/products/295077647,1687616334.7505128,"['£3.50', '£13.12/75cl']",3.5,£13.12/75cl
12468,Compton Orchard Pear Cider 2L,https://www.tesco.com/groceries/en-GB/products/313853646,1687616334.839896,"['£2.40', '£1.20/litre']",2.4,£1.20/litre
12469,Pepsi Diet 8X330 Ml,https://www.tesco.com/groceries/en-GB/products/266829079,1687616334.907129,"['£3.99', '£0.15/100ml']",3.99,£0.15/100ml
12470,Volvic Sugar Free Watermelon Water 1.5L,https://www.tesco.com/groceries/en-GB/products/298161813,1687616334.974047,"['£1.25', '£0.08/100ml']",1.25,£0.08/100ml
12471,Lateral Chilean Merlot 75Cl,https://www.tesco.com/groceries/en-GB/products/309450155,1687616335.08402,"['£4.39', '£4.39/75cl']",4.39,£4.39/75cl
12473,Taparoo Valley Australian Merlot 75Cl,https://www.tesco.com/groceries/en-GB/products/309777892,1687616335.23419,"['£4.25', '£4.25/75cl']",4.25,£4.25/75cl
12474,Douwe Egbert's Pure Indulgence Instant Coffee 190G,https://www.tesco.com/groceries/en-GB/products/271161434,1687616335.307589,"['£7.00', '£3.68/100g']",7.0,£3.68/100g
12475,Lanson Le Black Label Brut 75Cl,https://www.tesco.com/groceries/en-GB/products/255245636,1687616335.381621,"['£39.00', '£39.00/75cl']",39.0,£39.00/75cl
12476,Jack Daniel's Tennessee Whiskey 70Cl Bottle,https://www.tesco.com/groceries/en-GB/products/255248604,1687616335.4819462,"['£26.00', '£37.14/litre']",26.0,£37.14/litre
12477,Red Bull Energy Drink 8 X 250Ml,https://www.tesco.com/groceries/en-GB/products/267020705,1687616335.556538,"['£9.00', '£0.45/100ml']",9.0,£0.45/100ml
12478,Hardy's Crest Sauvignon Blanc 75Cl,https://www.tesco.com/groceries/en-GB/products/293657356,1687616335.633576,"['£7.00', '£7.00/75cl']",7.0,£7.00/75cl
12479,Desperados Tequila Flavoured Beer 12X250ml,https://www.tesco.com/groceries/en-GB/products/300542631,1687616335.705704,"['£15.00', '£5.00/litre']",15.0,£5.00/litre
12481,Sweetex 1200 Tablet Pack,https://www.tesco.com/groceries/en-GB/products/256294086,1687616335.88604,"['£3.25', '£0.00/kg']",3.25,£0.00/kg
12482,Snowball 4 X 200Ml,https://www.tesco.com/groceries/en-GB/products/305519617,1687616335.965033,"['£6.00', '£7.50/litre']",6.0,£7.50/litre
12483,Tesco Australian Shiraz 2.25L,https://www.tesco.com/groceries/en-GB/products/292443410,1687616336.0476658,"['£13.25', '£4.42/75cl']",13.25,£4.42/75cl
12484,Green & Blacks Organic Cocoa Fair Trade 125G,https://www.tesco.com/groceries/en-GB/products/250610609,1687616336.171007,"['£2.70', '£2.16/100g']",2.7,£2.16/100g
12485,I Heart Prosecco Rose 75Cl,https://www.tesco.com/groceries/en-GB/products/311953721,1687616336.23772,"['£9.50', '£9.50/75cl']",9.5,£9.50/75cl
12486,Starbucks Blonde Espresso Coffee Pods 10 Pack 53G,https://www.tesco.com/groceries/en-GB/products/304493837,1687616336.3264809,"['£4.25', '£8.02/100g']",4.25,£8.02/100g
12487,Tesco Gold Instant Coffee 500G,https://www.tesco.com/groceries/en-GB/products/266740839,1687616336.395343,"['£8.00', '£1.60/100g']",8.0,£1.60/100g
12488,Costa Instant Coffee Smooth Medium Roast 100G,https://www.tesco.com/groceries/en-GB/products/308485000,1687616336.4643252,"['£5.50', '£5.50/100g']",5.5,£5.50/100g
12489,Abbot Ale 500Ml,https://www.tesco.com/groceries/en-GB/products/257521151,1687616336.5560892,"['£2.25', '£4.50/litre']",2.25,£4.50/litre
12490,Nozeco Rose 750Ml,https://www.tesco.com/groceries/en-GB/products/303775615,1687616336.65025,"['£3.25', '£3.25/75cl']",3.25,£3.25/75cl
12491,Twinings English Breakfast 40 Tea Bags 100g,https://www.tesco.com/groceries/en-GB/products/313378984,1687616336.7174761,"['£2.79', '£2.79/100g']",2.79,£2.79/100g
12492,Robinsons Fruit Shoot Orange No Added Sugar 8X200ml,https://www.tesco.com/groceries/en-GB/products/264565520,1687616336.783869,"['£3.55', '£0.22/100ml']",3.55,£0.22/100ml
12493,Babycham Sparkling Perry 4 X 200Ml,https://www.tesco.com/groceries/en-GB/products/258444966,1687616336.9351308,"['£3.25', '£3.05/75cl']",3.25,£3.05/75cl
12494,Badger Golden Champion Ale 500Ml Bottle,https://www.tesco.com/groceries/en-GB/products/251443235,1687616337.001936,"['£2.00', '£4.00/litre']",2.0,£4.00/litre
12495,Happy Monkey Orange Mango Smoothie 4X180ml,https://www.tesco.com/groceries/en-GB/products/265161034,1687616337.1258938,"['£2.30', '£0.32/100ml']",2.3,£0.32/100ml
12496,"Tesco Apple, Lemon & Ginger Juice 1L",https://www.tesco.com/groceries/en-GB/products/306801166,1687616337.193569,"['£1.70', '£0.17/100ml']",1.7,£0.17/100ml
12499,Tesco Quadruple Strength Summer Fruits No Added Sugar 750Ml,https://www.tesco.com/groceries/en-GB/products/309472405,1687616337.416739,"['£1.35', '£0.18/100ml']",1.35,£0.18/100ml
12500,Henney's Frome Valley 500Ml Bottle,https://www.tesco.com/groceries/en-GB/products/251916333,1687616337.488697,"['£2.30', '£4.60/litre']",2.3,£4.60/litre
12501,Rubicon Mango Juice Drink 1 Litre,https://www.tesco.com/groceries/en-GB/products/267594774,1687616337.6004019,"['£1.70', '£0.17/100ml']",1.7,£0.17/100ml
12502,Tesco Finest Jersey Whole Milk 1L,https://www.tesco.com/groceries/en-GB/products/311785228,1687616337.698451,"['£1.35', '£1.35/litre']",1.35,£1.35/litre
12503,Crumpton Oaks Apple Cider 500Ml Bottle,https://www.tesco.com/groceries/en-GB/products/293089960,1687616337.7674408,"['£0.85', '£1.70/litre']",0.85,£1.70/litre
12504,Rubicon Sparkling Mango Juice Drink 330Ml,https://www.tesco.com/groceries/en-GB/products/254866507,1687616337.834219,"['£0.50', '£0.15/100ml']",0.5,£0.15/100ml
12505,Taparoo Valley Australian Chardonnay 75Cl,https://www.tesco.com/groceries/en-GB/products/309770191,1687616337.908963,"['£4.25', '£4.25/75cl']",4.25,£4.25/75cl
12506,Blaumeister Liebfraumilch 75Cl,https://www.tesco.com/groceries/en-GB/products/311806317,1687616337.974988,"['£3.79', '£3.79/75cl']",3.79,£3.79/75cl
12507,Cointreau Liqueur 50Cl,https://www.tesco.com/groceries/en-GB/products/268772602,1687616338.049836,"['£17.00', '£34.00/litre']",17.0,£34.00/litre
12508,Cono Sur Bicicleta Viognier 75Cl,https://www.tesco.com/groceries/en-GB/products/283508762,1687616338.152736,"['£6.00', '£6.00/75cl']",6.0,£6.00/75cl
12509,Thatchers Haze Cider 10X440ml Can,https://www.tesco.com/groceries/en-GB/products/299251884,1687616338.22992,"['£10.00', '£2.27/litre']",10.0,£2.27/litre
12510,Budweiser Lager 18 X 440Ml,https://www.tesco.com/groceries/en-GB/products/309743575,1687616338.2987142,"['£15.99', '£2.02/litre']",15.99,£2.02/litre
12511,Bottlegreen Orange & Lemon Cordial 500Ml,https://www.tesco.com/groceries/en-GB/products/313832927,1687616344.710096,"['£4.00', '£0.80/100ml']",4.0,£0.80/100ml
12512,Tesco Napoleon Brandy 1L,https://www.tesco.com/groceries/en-GB/products/254106227,1687616344.7873821,"['£16.50', '£16.50/litre']",16.5,£16.50/litre
12513,Lactofree Longlife Whole Milk 1L,https://www.tesco.com/groceries/en-GB/products/259366628,1687616344.860977,"['£1.90', '£1.90/litre']",1.9,£1.90/litre
12514,Tesco Australian Chardonnay 2.25L,https://www.tesco.com/groceries/en-GB/products/292442894,1687616344.934876,"['£13.25', '£4.42/75cl']",13.25,£4.42/75cl
12515,Mountain Vineyards Sauvignon Blanc 75Cl,https://www.tesco.com/groceries/en-GB/products/279907422,1687616345.011908,"['£4.95', '£4.95/75cl']",4.95,£4.95/75cl
12516,Fever Tree Light Elderflower Tonic Cans 8X150ml,https://www.tesco.com/groceries/en-GB/products/299913712,1687616345.081635,"['£4.75', '£0.40/100ml']",4.75,£0.40/100ml
12517,Diet Coke Caffeine Free 10 X 330Ml,https://www.tesco.com/groceries/en-GB/products/307343683,1687616345.170978,"['£4.69', '£0.14/100ml']",4.69,£0.14/100ml
12518,Belvoir Elderflower Presse 75Cl,https://www.tesco.com/groceries/en-GB/products/264510787,1687616345.236979,"['£3.25', '£0.43/100ml']",3.25,£0.43/100ml
12519,Wainwright The Golden Beer 500Ml,https://www.tesco.com/groceries/en-GB/products/264019091,1687616345.312203,"['£1.80', '£3.60/litre']",1.8,£3.60/litre
12520,Copella Apple And Elderflower Juice 1.35L,https://www.tesco.com/groceries/en-GB/products/301443856,1687616345.4070442,"['£3.75', '£0.28/100ml']",3.75,£0.28/100ml
12521,San Miguel Especial Premium Lager 4X440ml,https://www.tesco.com/groceries/en-GB/products/282645306,1687616345.47766,"['£5.00', '£2.84/litre']",5.0,£2.84/litre
12522,Tesco Napoleon Brandy 35Cl Bottle,https://www.tesco.com/groceries/en-GB/products/254105810,1687616345.57214,"['£6.25', '£17.86/litre']",6.25,£17.86/litre
12523,Oatly Skinny Oat Drink 1L,https://www.tesco.com/groceries/en-GB/products/305520119,1687616345.6449332,"['£2.10', '£2.10/litre']",2.1,£2.10/litre
12524,Black Tower Fruity White 75Cl,https://www.tesco.com/groceries/en-GB/products/255243120,1687616345.7150679,"['£5.50', '£5.50/75cl']",5.5,£5.50/75cl
12525,Blossom Hill Rose 75Cl,https://www.tesco.com/groceries/en-GB/products/268425012,1687616345.784395,"['£5.00', '£5.00/75cl']",5.0,£5.00/75cl
12526,San Miguel 660Ml,https://www.tesco.com/groceries/en-GB/products/263928001,1687616345.8579452,"['£1.99', '£3.02/litre']",1.99,£3.02/litre
12527,Tesco Cocoa Powder 250G,https://www.tesco.com/groceries/en-GB/products/299585229,1687616345.9263759,"['£2.30', '£0.92/100g']",2.3,£0.92/100g
12528,Frijj Strawberry 400Ml,https://www.tesco.com/groceries/en-GB/products/297897687,1687616345.996275,"['£1.50', '£0.38/100ml']",1.5,£0.38/100ml
12529,Hobgoblin Gold Can 4X500ml,https://www.tesco.com/groceries/en-GB/products/289531666,1687616346.063354,"['£4.65', '£2.32/litre']",4.65,£2.32/litre
12530,Tropicana Orange Juice Smooth 4 X 250Ml,https://www.tesco.com/groceries/en-GB/products/260448994,1687616346.129924,"['£3.95', '£0.40/100ml']",3.95,£0.40/100ml
12531,Cawston Press Apple & Pear 3X200ml,https://www.tesco.com/groceries/en-GB/products/278584055,1687616346.216752,"['£1.90', '£0.32/100ml']",1.9,£0.32/100ml
12532,Coca Cola Regular 150Ml,https://www.tesco.com/groceries/en-GB/products/258062628,1687616346.283378,"['£0.65', '£0.43/100ml']",0.65,£0.43/100ml
12533,Tesco Lemon & Lime Flavoured Still Water 4X500ml,https://www.tesco.com/groceries/en-GB/products/271513981,1687616346.356738,"['£1.60', '£0.08/100ml']",1.6,£0.08/100ml
12534,Ocean Spray Cranberry & Raspberry Juice Drink 1 Litre,https://www.tesco.com/groceries/en-GB/products/257630874,1687616346.4678662,"['£1.75', '£0.18/100ml']",1.75,£0.18/100ml
12535,Kenco 3 In 1 Instant Smooth White Coffee 5 Sachet 100G,https://www.tesco.com/groceries/en-GB/products/299555670,1687616346.537225,"['£1.20', '£1.20/100g']",1.2,£1.20/100g
12536,Tesco Apple Cider 4X440ml Can,https://www.tesco.com/groceries/en-GB/products/256595496,1687616346.606967,"['£2.40', '£1.36/litre']",2.4,£1.36/litre
12537,Stella Artois Lager Beer 660Ml,https://www.tesco.com/groceries/en-GB/products/307755374,1687616346.675693,"['£2.20', '£3.33/litre']",2.2,£3.33/litre
12538,Wairau Cove Marl Sauvignon Blanc 187Ml,https://www.tesco.com/groceries/en-GB/products/295163706,1687616346.767877,"['£2.25', '£9.02/75cl']",2.25,£9.02/75cl
12539,Tesco Decaffeinated Classic Coffee 200G,https://www.tesco.com/groceries/en-GB/products/272061286,1687616346.858217,"['£2.15', '£1.08/100g']",2.15,£1.08/100g
12540,Pepsi Max Lime Cola 24X330ml,https://www.tesco.com/groceries/en-GB/products/309186669,1687616346.9308128,"['£10.00', '£0.13/100ml']",10.0,£0.13/100ml
12541,Taylors Hot Lava Java Ground Coffee 227G,https://www.tesco.com/groceries/en-GB/products/251785348,1687616347.000628,"['£4.50', '£1.98/100g']",4.5,£1.98/100g
12542,Pukka Organic Night Time 20 Tea Bags 20G,https://www.tesco.com/groceries/en-GB/products/264766870,1687616347.089397,"['£4.00', '£20.00/100g']",4.0,£20.00/100g
12543,Barefoot Jammy Red California Wine 750Ml,https://www.tesco.com/groceries/en-GB/products/305983711,1687616347.1563368,"['£7.50', '£7.50/75cl']",7.5,£7.50/75cl
12544,Tesco Imperial Vodka 70Cl Bottle,https://www.tesco.com/groceries/en-GB/products/255987276,1687616347.223604,"['£11.75', '£16.79/litre']",11.75,£16.79/litre
12545,Pg Tips 140 Decaf Teabags Biodegradable 406G,https://www.tesco.com/groceries/en-GB/products/309197414,1687616347.288857,"['£4.75', '£1.17/100g']",4.75,£1.17/100g
12546,Nesquik Chocolate Powder 500G,https://www.tesco.com/groceries/en-GB/products/254483672,1687616347.413716,"['£4.75', '£0.95/100g']",4.75,£0.95/100g
12547,D'arenberg Grenache Shiraz Mourvedre 75Cl,https://www.tesco.com/groceries/en-GB/products/313599463,1687616347.483231,"['£12.00', '£12.00/75cl']",12.0,£12.00/75cl
12548,Howard Park Margaret River Cabernet Sauvignon 75Cl,https://www.tesco.com/groceries/en-GB/products/313729647,1687616347.5546398,"['£12.00', '£12.00/75cl']",12.0,£12.00/75cl
12549,Ufit High Protein Milkshake Drink Strawberry 330Ml,https://www.tesco.com/groceries/en-GB/products/306504230,1687616347.6257868,"['£2.00', '£0.61/100ml']",2.0,£0.61/100ml
12551,Corona Cero Alcohol Free Beer 4 X 330Ml,https://www.tesco.com/groceries/en-GB/products/310168805,1687616347.775536,"['£4.50', '£3.41/litre']",4.5,£3.41/litre
12553,Peroni Nastro Azzurro Lager Beer 4X330ml,https://www.tesco.com/groceries/en-GB/products/312342573,1687616347.92368,"['£6.50', '£4.92/litre']",6.5,£4.92/litre
12554,Fever-Tree Light Ginger Ale Cans 8X150ml,https://www.tesco.com/groceries/en-GB/products/302038897,1687616348.0153952,"['£4.75', '£0.40/100ml']",4.75,£0.40/100ml
12555,Adnams Ghost Ship 4X440ml,https://www.tesco.com/groceries/en-GB/products/275881641,1687616348.104671,"['£5.25', '£2.98/litre']",5.25,£2.98/litre
12556,Shloer Celebration Pink Fizz 750Ml,https://www.tesco.com/groceries/en-GB/products/279361784,1687616348.1851342,"['£3.60', '£0.48/100ml']",3.6,£0.48/100ml
12557,The Straw Hat Rose 75Cl,https://www.tesco.com/groceries/en-GB/products/285477638,1687616348.274959,"['£4.50', '£4.50/75cl']",4.5,£4.50/75cl
12558,Tropicana Pressed Apple Juice 900Ml,https://www.tesco.com/groceries/en-GB/products/311797243,1687616348.343752,"['£3.25', '£0.36/100ml']",3.25,£0.36/100ml
12559,Pg Tips 40S Pyramid Teabags 116G,https://www.tesco.com/groceries/en-GB/products/287194762,1687616354.113749,"['£1.70', '£1.47/100g']",1.7,£1.47/100g
12560,Gallo Family Vineyards White Grenache 75Cl,https://www.tesco.com/groceries/en-GB/products/255244856,1687616354.200543,"['£6.50', '£6.50/75cl']",6.5,£6.50/75cl
12561,Tetley 40 Teabags 125G,https://www.tesco.com/groceries/en-GB/products/256092941,1687616354.319098,"['£1.60', '£1.28/100g']",1.6,£1.28/100g
12562,Delamere Dairy Sterilised Longlife Whole Milk 1L,https://www.tesco.com/groceries/en-GB/products/258126721,1687616354.575509,"['£1.20', '£1.20/litre']",1.2,£1.20/litre
12564,Chambord Raspberry Liqueur 20Cl,https://www.tesco.com/groceries/en-GB/products/265390344,1687616354.7283971,"['£8.00', '£40.00/litre']",8.0,£40.00/litre
12565,Tesco High Juice Apple & Elderflower 1L,https://www.tesco.com/groceries/en-GB/products/301218916,1687616354.8401809,"['£1.65', '£0.16/100ml']",1.65,£0.16/100ml
12566,Woodforde's Wherry Best Bitter 500Ml,https://www.tesco.com/groceries/en-GB/products/300832962,1687616354.909149,"['£2.00', '£4.00/litre']",2.0,£4.00/litre
12567,Thatchers Katy Cider 500Ml Bottle,https://www.tesco.com/groceries/en-GB/products/253110315,1687616354.9991128,"['£2.30', '£4.60/litre']",2.3,£4.60/litre
12568,Graham's Gold Smooth Milk 1 Litre,https://www.tesco.com/groceries/en-GB/products/291974710,1687616355.090475,"['£1.60', '£1.60/litre']",1.6,£1.60/litre
12569,Malibu Coconut Rum & Pineapple 250Ml Can,https://www.tesco.com/groceries/en-GB/products/278654860,1687616355.159348,"['£2.25', '£9.00/litre']",2.25,£9.00/litre
12570,Malibu Pina Colada 25Cl,https://www.tesco.com/groceries/en-GB/products/299313980,1687616355.2509701,"['£2.25', '£9.00/litre']",2.25,£9.00/litre
12571,Warsteiner Premium Lager 660Ml,https://www.tesco.com/groceries/en-GB/products/291116568,1687616355.34111,"['£2.20', '£3.33/litre']",2.2,£3.33/litre
12572,Volvic Touch Of Fruit Sugar Free Apple & B/Curnt Water 1.5L,https://www.tesco.com/groceries/en-GB/products/308107426,1687616355.447527,"['£1.25', '£0.08/100ml']",1.25,£0.08/100ml
12573,Campo Viejo Tempranillo Rioja 187Ml,https://www.tesco.com/groceries/en-GB/products/280136273,1687616355.541516,"['£2.50', '£10.03/75cl']",2.5,£10.03/75cl
12574,Tesco Isotonic Sports Drink Orange 4X500ml,https://www.tesco.com/groceries/en-GB/products/301400809,1687616355.6323571,"['£1.50', '£0.08/100ml']",1.5,£0.08/100ml
12575,Casa Mana Chardonnay 75Cl 75Cl,https://www.tesco.com/groceries/en-GB/products/310133023,1687616355.6998909,"['£3.89', '£3.89/75cl']",3.89,£3.89/75cl
12576,Kahlua Coffee Liqueur 70Cl,https://www.tesco.com/groceries/en-GB/products/309203397,1687616355.771901,"['£16.00', '£22.86/litre']",16.0,£22.86/litre
12577,Absolut Swedish Vodka 1L,https://www.tesco.com/groceries/en-GB/products/255927642,1687616355.869684,"['£26.50', '£26.50/litre']",26.5,£26.50/litre
12578,Tequila Rose Strawberry Liqueur 50Cl,https://www.tesco.com/groceries/en-GB/products/299771971,1687616355.936884,"['£13.00', '£26.00/litre']",13.0,£26.00/litre
12579,Turner Road Reserve Chardonnay 75Cl,https://www.tesco.com/groceries/en-GB/products/260572742,1687616356.027714,"['£6.00', '£6.00/75cl']",6.0,£6.00/75cl
12580,Calvet Prestige Bordeaux Red 75Cl,https://www.tesco.com/groceries/en-GB/products/264756692,1687616356.095503,"['£7.75', '£7.75/75cl']",7.75,£7.75/75cl
12581,Barefoot Sauvignon Blanc 75Cl,https://www.tesco.com/groceries/en-GB/products/277016707,1687616356.1626382,"['£7.50', '£7.50/75cl']",7.5,£7.50/75cl
12582,Mcguigan Black Label Red 750Ml,https://www.tesco.com/groceries/en-GB/products/300455446,1687616356.231911,"['£6.75', '£6.75/75cl']",6.75,£6.75/75cl
12583,Trapiche Oak Cask Malbec 75Cl,https://www.tesco.com/groceries/en-GB/products/301689559,1687616356.2981088,"['£7.50', '£7.50/75cl']",7.5,£7.50/75cl
12584,Tesco Dry London Gin 1L,https://www.tesco.com/groceries/en-GB/products/253472387,1687616356.3706298,"['£15.50', '£15.50/litre']",15.5,£15.50/litre
12585,Casillero Del Diablo Malbec 75Cl,https://www.tesco.com/groceries/en-GB/products/274261812,1687616356.438484,"['£7.50', '£7.50/75cl']",7.5,£7.50/75cl
12586,Gordon's Premium Pink Distilled Gin 70Cl,https://www.tesco.com/groceries/en-GB/products/297509958,1687616356.5074098,"['£17.50', '£25.00/litre']",17.5,£25.00/litre
12587,Dark Horse Chardonnay 75Cl,https://www.tesco.com/groceries/en-GB/products/283170900,1687616356.596411,"['£9.00', '£9.00/75cl']",9.0,£9.00/75cl
12588,Nesquik Strawberry Powder 500G,https://www.tesco.com/groceries/en-GB/products/254483948,1687616356.69211,"['£4.75', '£0.95/100g']",4.75,£0.95/100g
12589,Belvoir Ginger Cordial 500Ml,https://www.tesco.com/groceries/en-GB/products/273904740,1687616356.7592058,"['£4.00', '£0.80/100ml']",4.0,£0.80/100ml
12590,Faustino Vii Rioja 75Cl,https://www.tesco.com/groceries/en-GB/products/250322893,1687616356.826978,"['£8.25', '£8.25/75cl']",8.25,£8.25/75cl
12591,Tesco Irish Cream Liqueur 70Cl,https://www.tesco.com/groceries/en-GB/products/293216533,1687616356.899474,"['£8.50', '£12.14/litre']",8.5,£12.14/litre
12592,Sol. Original Beer 12X330ml,https://www.tesco.com/groceries/en-GB/products/302274379,1687616356.966007,"['£12.00', '£3.03/litre']",12.0,£3.03/litre
12593,Cherry Coke 8X330ml,https://www.tesco.com/groceries/en-GB/products/262207672,1687616357.115585,"['£4.79', '£0.18/100ml']",4.79,£0.18/100ml
12594,Grey Goose L'original Vodka 70Cl,https://www.tesco.com/groceries/en-GB/products/255705185,1687616357.18666,"['£39.90', '£57.00/litre']",39.9,£57.00/litre
12595,Yazoo Chocolate Milkshake 1 Litre Bottle,https://www.tesco.com/groceries/en-GB/products/257524758,1687616357.2566059,"['£2.00', '£0.20/100ml']",2.0,£0.20/100ml
12596,Tesco Soda Water Cans 6X250ml,https://www.tesco.com/groceries/en-GB/products/301340528,1687616357.326955,"['£2.45', '£0.16/100ml']",2.45,£0.16/100ml
12597,Shipyard American Ipa 500Ml,https://www.tesco.com/groceries/en-GB/products/289531326,1687616357.402959,"['£2.00', '£4.00/litre']",2.0,£4.00/litre
12598,Shepherd Neame 1698 500Ml,https://www.tesco.com/groceries/en-GB/products/271029235,1687616357.4952471,"['£2.25', '£4.50/litre']",2.25,£4.50/litre
12599,Becks Blue Alcohol Free 15X275ml,https://www.tesco.com/groceries/en-GB/products/271487584,1687616357.598645,"['£9.00', '£2.18/litre']",9.0,£2.18/litre
12600,Nescafe Cafe Menu Vanilla 148G,https://www.tesco.com/groceries/en-GB/products/282149750,1687616357.6938398,"['£2.10', '£1.42/100g']",2.1,£1.42/100g
12601,Robinson Double Strength Blackcurrant No Added Sugar Squash 1L,https://www.tesco.com/groceries/en-GB/products/308457950,1687616357.7706409,"['£2.50', '£0.25/100ml']",2.5,£0.25/100ml
12602,Heineken Lager 650Ml Bottle,https://www.tesco.com/groceries/en-GB/products/255218992,1687616357.891134,"['£2.40', '£3.69/litre']",2.4,£3.69/litre
12603,House Of Cocktails Mojito 250Ml,https://www.tesco.com/groceries/en-GB/products/303720456,1687616357.989048,"['£0.99', '£3.96/litre']",0.99,£3.96/litre
12604,John Smiths Extra Smooth 4X440ml Cans,https://www.tesco.com/groceries/en-GB/products/276797324,1687616358.059447,"['£4.79', '£2.72/litre']",4.79,£2.72/litre
12605,Cape Kyala Chenin Blanc 75Cl,https://www.tesco.com/groceries/en-GB/products/310131100,1687616358.1400619,"['£4.19', '£4.19/75cl']",4.19,£4.19/75cl
12606,St Austell Tribute 500Ml,https://www.tesco.com/groceries/en-GB/products/261387643,1687616358.2329621,"['£1.90', '£3.80/litre']",1.9,£3.80/litre
12607,Caparelli Italian Rose Blush 75Cl,https://www.tesco.com/groceries/en-GB/products/310653300,1687616365.307195,"['£4.30', '£4.30/75cl']",4.3,£4.30/75cl
12608,Rubicon Sparkling Lychee Juice Drink 330Ml,https://www.tesco.com/groceries/en-GB/products/261732419,1687616365.384458,"['£0.50', '£0.15/100ml']",0.5,£0.15/100ml
12609,Taylors Rich Italian Coffee Beans 227G,https://www.tesco.com/groceries/en-GB/products/264815162,1687616365.462512,"['£4.50', '£1.98/100g']",4.5,£1.98/100g
12610,Staropramen 12X330ml,https://www.tesco.com/groceries/en-GB/products/275183747,1687616365.5661461,"['£13.99', '£3.53/litre']",13.99,£3.53/litre
12611,Heineken Alcohol Free Beer 12 X 330Ml,https://www.tesco.com/groceries/en-GB/products/305832574,1687616365.655802,"['£11.50', '£2.90/litre']",11.5,£2.90/litre
12612,19 Crimes Revolutionary Rose Wine 750Ml,https://www.tesco.com/groceries/en-GB/products/311207367,1687616365.724038,"['£9.00', '£9.00/75cl']",9.0,£9.00/75cl
12613,Tesco Finest Colombian Supremo Ground Coffee 227G,https://www.tesco.com/groceries/en-GB/products/278754989,1687616365.822203,"['£3.90', '£1.72/100g']",3.9,£1.72/100g
12614,Rombouts Original One Cup Filter Coffee X10 70G,https://www.tesco.com/groceries/en-GB/products/307339775,1687616365.889062,"['£3.75', '£5.36/100g']",3.75,£5.36/100g
12616,Louis De Camponac Cabernet Sauvignon 75Cl,https://www.tesco.com/groceries/en-GB/products/278373149,1687616366.0340889,"['£6.50', '£6.50/75cl']",6.5,£6.50/75cl
12617,Casillero Del Diablo Pinot Grigio 75Cl,https://www.tesco.com/groceries/en-GB/products/268745376,1687616366.103461,"['£7.50', '£7.50/75cl']",7.5,£7.50/75cl
12618,Innocent Super Smoothie Mango Fandango 4X150ml,https://www.tesco.com/groceries/en-GB/products/305948269,1687616366.17382,"['£4.10', '£0.68/100ml']",4.1,£0.68/100ml
12619,Tassimo L'or. Latte Macchiato Pods 7 Pack 195.3G,https://www.tesco.com/groceries/en-GB/products/313164511,1687616366.242684,"['£3.93', '£2.01/100g']",3.93,£2.01/100g
12620,Strongbow Cider 10X440ml Can,https://www.tesco.com/groceries/en-GB/products/307147691,1687616366.3203871,"['£9.50', '£2.16/litre']",9.5,£2.16/litre
12622,Emmi Caffe Latte Skinny 230Ml,https://www.tesco.com/groceries/en-GB/products/266044886,1687616366.485779,"['£1.85', '£0.80/100ml']",1.85,£0.80/100ml
12623,Fruit Shoot Apple & Blackcurrant No Added Sugar 24 X 200Ml,https://www.tesco.com/groceries/en-GB/products/262460802,1687616366.5749938,"['£6.00', '£0.12/100ml']",6.0,£0.12/100ml
12624,Canti Prosecco Rose 75Cl,https://www.tesco.com/groceries/en-GB/products/308479296,1687616366.640956,"['£9.00', '£9.00/75cl']",9.0,£9.00/75cl
12625,Tesco Italian Rose Blush Wine 2.25L,https://www.tesco.com/groceries/en-GB/products/299649869,1687616366.707703,"['£13.25', '£4.42/75cl']",13.25,£4.42/75cl
12626,Gordon's Special Dry London Gin 70Cl Bottle,https://www.tesco.com/groceries/en-GB/products/257546179,1687616366.774679,"['£16.50', '£23.57/litre']",16.5,£23.57/litre
12627,Cono Sur Bicicleta Sauvignon Blanc 75Cl,https://www.tesco.com/groceries/en-GB/products/255547515,1687616366.901547,"['£6.00', '£6.00/75cl']",6.0,£6.00/75cl
12628,Tesco Chilean Merlot 2.25Ltr,https://www.tesco.com/groceries/en-GB/products/299609128,1687616366.9698281,"['£13.25', '£4.42/75cl']",13.25,£4.42/75cl
12629,Caparelli Soave 75Cl 75Cl,https://www.tesco.com/groceries/en-GB/products/311447065,1687616367.036561,"['£4.75', '£4.75/75cl']",4.75,£4.75/75cl
12630,Robinsons Cordials Pear & Elderflower 500Ml,https://www.tesco.com/groceries/en-GB/products/298026214,1687616367.108696,"['£3.00', '£0.60/100ml']",3.0,£0.60/100ml
12631,Robinsons B/Berry. Cranberry & Sloe 500Ml,https://www.tesco.com/groceries/en-GB/products/310188891,1687616367.200746,"['£3.00', '£0.60/100ml']",3.0,£0.60/100ml
12632,Evian Natural Mineral Water 1.5 Litres,https://www.tesco.com/groceries/en-GB/products/252078182,1687616367.301267,"['£1.25', '£0.08/100ml']",1.25,£0.08/100ml
12633,Happy Monkey Strawberry & Banana Smoothie 10 X 180Ml,https://www.tesco.com/groceries/en-GB/products/302283997,1687616367.3822138,"['£5.00', '£0.28/100ml']",5.0,£0.28/100ml
12634,Tropicana Tropical Juice 850Ml,https://www.tesco.com/groceries/en-GB/products/287295032,1687616367.481932,"['£3.25', '£0.38/100ml']",3.25,£0.38/100ml
12635,Highland Spring Still Water 1.5 Litre,https://www.tesco.com/groceries/en-GB/products/254855492,1687616367.5605388,"['£1.00', '£0.07/100ml']",1.0,£0.07/100ml
12636,Nikita Imperial Vodka 70Cl,https://www.tesco.com/groceries/en-GB/products/291725193,1687616367.63377,"['£10.99', '£15.70/litre']",10.99,£15.70/litre
12637,Frijj Cookie Dough 400Ml,https://www.tesco.com/groceries/en-GB/products/297794238,1687616367.709881,"['£1.50', '£0.38/100ml']",1.5,£0.38/100ml
12638,Tesco Water Splash Blackcurrant 12X300ml,https://www.tesco.com/groceries/en-GB/products/308498561,1687616367.784244,"['£3.25', '£0.09/100ml']",3.25,£0.09/100ml
12639,J20 Spritz Apple & Watermelon 4X250ml,https://www.tesco.com/groceries/en-GB/products/305968309,1687616367.917989,"['£2.30', '£0.23/100ml']",2.3,£0.23/100ml
12640,Fever Tree Light Sicilian Lemonade 500Ml,https://www.tesco.com/groceries/en-GB/products/299913891,1687616367.991261,"['£2.00', '£0.40/100ml']",2.0,£0.40/100ml
12641,Flora Pro Activ Skimmed Milk 1L,https://www.tesco.com/groceries/en-GB/products/262783116,1687616368.066231,"['£1.55', '£1.55/litre']",1.55,£1.55/litre
12642,Vimto Cherry Raspberry & Blackcurrant No Added Sugar 1L,https://www.tesco.com/groceries/en-GB/products/310097261,1687616368.141484,"['£2.00', '£0.20/100ml']",2.0,£0.20/100ml
12643,Innocent Apple Juice 900Ml,https://www.tesco.com/groceries/en-GB/products/268219251,1687616368.2136252,"['£3.00', '£0.33/100ml']",3.0,£0.33/100ml
12644,Trivento Reserve Malbec 18.7Cl,https://www.tesco.com/groceries/en-GB/products/285416542,1687616368.309808,"['£2.50', '£10.03/75cl']",2.5,£10.03/75cl
12645,Horlicks Instant Malt Drink 32G,https://www.tesco.com/groceries/en-GB/products/258304516,1687616368.411478,"['£0.35', '£1.09/100g']",0.35,£1.09/100g
12646,Tesco Quadruple Strength Tropical Squash No Added Sugar 1.5L,https://www.tesco.com/groceries/en-GB/products/310104677,1687616368.593143,"['£1.80', '£0.12/100ml']",1.8,£0.12/100ml
12647,Gratien & Meyer Cremant De Loire Brut 75Cl,https://www.tesco.com/groceries/en-GB/products/308458718,1687616368.6804302,"['£12.50', '£12.50/75cl']",12.5,£12.50/75cl
12648,Bailey's Espresso Creme Cream Liqueur 500Ml,https://www.tesco.com/groceries/en-GB/products/314315689,1687616368.7510169,"['£16.00', '£32.00/litre']",16.0,£32.00/litre
12649,Baileys Salted Caramel Cream Liqueur 500Ml,https://www.tesco.com/groceries/en-GB/products/314112451,1687616368.817815,"['£16.00', '£32.00/litre']",16.0,£32.00/litre
12650,Hardys Crest Shiraz 75Cl,https://www.tesco.com/groceries/en-GB/products/293657477,1687616368.8947442,"['£7.00', '£7.00/75cl']",7.0,£7.00/75cl
12651,L'or. Decafeine Instant Coffee 150G,https://www.tesco.com/groceries/en-GB/products/312085669,1687616368.967923,"['£7.00', '£4.67/100g']",7.0,£4.67/100g
12652,Tesco Finest Chianti Classico DOCG 75Cl,https://www.tesco.com/groceries/en-GB/products/296637934,1687616369.0354502,"['£8.50', '£8.50/75cl']",8.5,£8.50/75cl
12653,Tesco Finest Pecorino 75Cl,https://www.tesco.com/groceries/en-GB/products/280145052,1687616369.102595,"['£7.00', '£7.00/75cl']",7.0,£7.00/75cl
12654,Greenalls Original London Dry Gin 1L,https://www.tesco.com/groceries/en-GB/products/257430575,1687616369.169015,"['£20.50', '£20.50/litre']",20.5,£20.50/litre
12655,Sheppy's Low Alcohol Classic Cider 0.5% 500Ml,https://www.tesco.com/groceries/en-GB/products/301914639,1687616376.782913,"['£1.50', '£3.00/litre']",1.5,£3.00/litre
12656,Campo Viejo Rioja Garnacha 75Cl,https://www.tesco.com/groceries/en-GB/products/280145262,1687616376.856997,"['£8.00', '£8.00/75cl']",8.0,£8.00/75cl
12657,Innocent Strawberry & Banana Smoothie 750Ml,https://www.tesco.com/groceries/en-GB/products/270927464,1687616376.963705,"['£3.50', '£0.47/100ml']",3.5,£0.47/100ml
12658,I Heart Asti 75Cl,https://www.tesco.com/groceries/en-GB/products/301829867,1687616377.035514,"['£7.00', '£7.00/75cl']",7.0,£7.00/75cl
12659,Tesco Decaf Italian Inspired Coffee No.3 227G,https://www.tesco.com/groceries/en-GB/products/307151915,1687616377.110142,"['£2.80', '£1.23/100g']",2.8,£1.23/100g
12660,Tesco Ruby Port 75Cl,https://www.tesco.com/groceries/en-GB/products/255247156,1687616377.18072,"['£7.50', '£7.50/75cl']",7.5,£7.50/75cl
12661,Yazoo Strawberry Milkshake 1 Litre Bottle,https://www.tesco.com/groceries/en-GB/products/258836704,1687616377.2564301,"['£2.00', '£0.20/100ml']",2.0,£0.20/100ml
12662,Kopparberg Cider Plus Strawberry & Lime Alcohol Free 4X330ml,https://www.tesco.com/groceries/en-GB/products/305990489,1687616377.3279412,"['£3.50', '£2.65/litre']",3.5,£2.65/litre
12663,Tesco Fruity Red Bag In Box Wine 3 Litres,https://www.tesco.com/groceries/en-GB/products/282187116,1687616377.4175239,"['£14.50', '£3.62/75cl']",14.5,£3.62/75cl
12664,Tesco Finest Decaff Americano Microground Coffee 100G,https://www.tesco.com/groceries/en-GB/products/313757328,1687616377.4874408,"['£3.15', '£3.15/100g']",3.15,£3.15/100g
12665,Oasis Summer Fruits 500Ml,https://www.tesco.com/groceries/en-GB/products/256942268,1687616377.558657,"['£1.70', '£0.34/100ml']",1.7,£0.34/100ml
12666,Tesco Pineapple Paradise Fruit Smoothie 750Ml,https://www.tesco.com/groceries/en-GB/products/305948408,1687616377.6744802,"['£1.80', '£0.24/100ml']",1.8,£0.24/100ml
12667,Alpro Almond Chilled Drink 1 Litre,https://www.tesco.com/groceries/en-GB/products/272103255,1687616377.74352,"['£2.10', '£2.10/litre']",2.1,£2.10/litre
12668,Lambrini 75Cl,https://www.tesco.com/groceries/en-GB/products/305727709,1687616377.8395252,"['£2.40', '£3.20/litre']",2.4,£3.20/litre
12669,Adnams The Bitter 500Ml,https://www.tesco.com/groceries/en-GB/products/253424065,1687616377.9074938,"['£1.90', '£3.80/litre']",1.9,£3.80/litre
12670,Rubicon Spring Water Black Cherry Raspberry 1.5L,https://www.tesco.com/groceries/en-GB/products/298162887,1687616378.006537,"['£1.60', '£0.11/100ml']",1.6,£0.11/100ml
12671,Yellow Tail Shiraz 18.7Cl,https://www.tesco.com/groceries/en-GB/products/285300825,1687616378.0739799,"['£2.50', '£10.03/75cl']",2.5,£10.03/75cl
12672,Ocean Spray Blueberry Juice Drink 1 Litre,https://www.tesco.com/groceries/en-GB/products/266597882,1687616378.165696,"['£1.75', '£0.18/100ml']",1.75,£0.18/100ml
12673,Pomegreat Pomegranate Juice Drink 1 Litre,https://www.tesco.com/groceries/en-GB/products/256648058,1687616378.235311,"['£1.85', '£0.18/100ml']",1.85,£0.18/100ml
12674,Funkin Nitro Passion Fruit Martini 200Ml,https://www.tesco.com/groceries/en-GB/products/304413254,1687616378.369896,"['£2.25', '£11.25/litre']",2.25,£11.25/litre
12675,Old Mout Kiwi & Lime Cider 500Ml Bottle,https://www.tesco.com/groceries/en-GB/products/283274426,1687616378.459913,"['£2.45', '£4.90/litre']",2.45,£4.90/litre
12676,Lactofree Milk Longlife Portions 5X20ml,https://www.tesco.com/groceries/en-GB/products/267309503,1687616378.558401,"['£0.75', '£7.50/litre']",0.75,£7.50/litre
12677,Tesco Pale Cream Sherry 1L,https://www.tesco.com/groceries/en-GB/products/255246445,1687616378.628057,"['£7.55', '£5.66/75cl']",7.55,£5.66/75cl
12678,Cape Kyala Sauvignon Blanc 75Cl,https://www.tesco.com/groceries/en-GB/products/310689511,1687616378.6956081,"['£4.19', '£4.19/75cl']",4.19,£4.19/75cl
12679,Vineyards Juicy Rose Wine 75Cl,https://www.tesco.com/groceries/en-GB/products/280134632,1687616378.7640378,"['£3.39', '£3.39/75cl']",3.39,£3.39/75cl
12680,Louis Jadot Beaujolais Villages 75Cl,https://www.tesco.com/groceries/en-GB/products/252285938,1687616378.837357,"['£12.50', '£12.50/75cl']",12.5,£12.50/75cl
12681,Chablis Uvc 75Cl,https://www.tesco.com/groceries/en-GB/products/299918730,1687616378.910075,"['£16.00', '£16.00/75cl']",16.0,£16.00/75cl
12682,19 Crimes The Uprising Red Wine 750Ml,https://www.tesco.com/groceries/en-GB/products/306954785,1687616378.981457,"['£10.00', '£10.00/75cl']",10.0,£10.00/75cl
12683,Innocent Kids Orange Mango & Pineapple 10X150ml,https://www.tesco.com/groceries/en-GB/products/305251351,1687616379.049263,"['£7.00', '£0.47/100ml']",7.0,£0.47/100ml
12684,Beefsteak Club Malbec 75Cl,https://www.tesco.com/groceries/en-GB/products/306822884,1687616379.115094,"['£7.50', '£7.50/75cl']",7.5,£7.50/75cl
12685,Henry Westons Vintage Cider 6X500ml,https://www.tesco.com/groceries/en-GB/products/289347337,1687616379.182888,"['£9.50', '£3.17/litre']",9.5,£3.17/litre
12686,Tesco Dry London Gin 1.5L,https://www.tesco.com/groceries/en-GB/products/261852634,1687616379.272056,"['£23.00', '£15.33/litre']",23.0,£15.33/litre
12687,Tesco Whole Longlife Milk 6X1l,https://www.tesco.com/groceries/en-GB/products/260333496,1687616379.402682,"['£5.80', '£0.97/litre']",5.8,£0.97/litre
12689,Hobgoblin Ruby Cans 4X500ml,https://www.tesco.com/groceries/en-GB/products/289539773,1687616379.567598,"['£4.65', '£2.32/litre']",4.65,£2.32/litre
12690,Starbucks Decaf Espresso Coffee Pods 10 Pack 57G,https://www.tesco.com/groceries/en-GB/products/304493653,1687616379.64133,"['£4.25', '£7.46/100g']",4.25,£7.46/100g
12691,For Goodness Shakes Protein Chocolate 475Ml,https://www.tesco.com/groceries/en-GB/products/279846240,1687616379.709497,"['£2.30', '£0.48/100ml']",2.3,£0.48/100ml
12692,Asahi Super Dry Lager Beer 4X330ml,https://www.tesco.com/groceries/en-GB/products/314948887,1687616379.80224,"['£6.50', '£4.92/litre']",6.5,£4.92/litre
12693,Belvoir Raspberry Lemonade 750Ml,https://www.tesco.com/groceries/en-GB/products/267645716,1687616379.907061,"['£3.25', '£0.43/100ml']",3.25,£0.43/100ml
12694,Tesco Tablet Sweeteners 300'S,https://www.tesco.com/groceries/en-GB/products/289397640,1687616379.976927,"['£1.70', '£0.01/each']",1.7,£0.01/each
12695,Brewdog Punk Ipa 4X330ml,https://www.tesco.com/groceries/en-GB/products/307141547,1687616380.0472288,"['£6.00', '£4.54/litre']",6.0,£4.54/litre
12696,Plaza Prosecco Doc Brut 37.5 Cl,https://www.tesco.com/groceries/en-GB/products/301691890,1687616380.123709,"['£5.00', '£10.00/75cl']",5.0,£10.00/75cl
12697,Capri Sun No Added Sugar Blackcurrant & Apple Juice Drink 8 X 200Ml,https://www.tesco.com/groceries/en-GB/products/308479486,1687616380.1908019,"['£3.25', '£0.20/100ml']",3.25,£0.20/100ml
12698,Cawston Press Kids Apple & Mango 3X200ml,https://www.tesco.com/groceries/en-GB/products/278583954,1687616380.2638972,"['£1.90', '£0.32/100ml']",1.9,£0.32/100ml
12699,Evian Still 4X75cl,https://www.tesco.com/groceries/en-GB/products/258513695,1687616380.3310652,"['£3.40', '£0.11/100ml']",3.4,£0.11/100ml
12700,Fever Tree Italian Blood Orange Soda 500Ml,https://www.tesco.com/groceries/en-GB/products/308492544,1687616380.39954,"['£2.00', '£0.40/100ml']",2.0,£0.40/100ml
12701,Innocent Apple And Mango Juice 1.35 Litre,https://www.tesco.com/groceries/en-GB/products/276683488,1687616380.489333,"['£4.10', '£0.30/100ml']",4.1,£0.30/100ml
12702,Melitta Coffee Filter Papers 1X4 40 Pack,https://www.tesco.com/groceries/en-GB/products/251838581,1687616380.5925372,"['£1.20', '£0.03/each']",1.2,£0.03/each
12703,Stella Artois Lager 12X284ml,https://www.tesco.com/groceries/en-GB/products/307347460,1687616386.890187,"['£8.99', '£2.64/litre']",8.99,£2.64/litre
12704,Yellow Tail Pinot Grigio 18.7Cl,https://www.tesco.com/groceries/en-GB/products/285299852,1687616386.9666402,"['£2.50', '£10.03/75cl']",2.5,£10.03/75cl
12705,Tesco No Added Sugar Hi Juice Orange/Mango & Passion Fruit 1Ltr,https://www.tesco.com/groceries/en-GB/products/268559389,1687616387.065433,"['£1.65', '£0.16/100ml']",1.65,£0.16/100ml
12706,Rubicon Passion Fruit Juice Drink 1Ltr,https://www.tesco.com/groceries/en-GB/products/254390067,1687616387.1408,"['£1.70', '£0.17/100ml']",1.7,£0.17/100ml
12707,Capri Sun No Added Sugar Orange 4 X 200Ml,https://www.tesco.com/groceries/en-GB/products/305037559,1687616387.232675,"['£1.50', '£0.19/100ml']",1.5,£0.19/100ml
12708,Tesco Chilean Sauvignon Blanc 2.25Ltr,https://www.tesco.com/groceries/en-GB/products/299609140,1687616387.304536,"['£13.25', '£4.42/75cl']",13.25,£4.42/75cl
12709,Casa Mana Tempranillo 75Cl,https://www.tesco.com/groceries/en-GB/products/310149068,1687616387.3726988,"['£3.89', '£3.89/75cl']",3.89,£3.89/75cl
12710,Barigny Sparkling Brut Blanc De Blancs 75Cl,https://www.tesco.com/groceries/en-GB/products/314437199,1687616387.480444,"['£4.99', '£4.99/75cl']",4.99,£4.99/75cl
12711,Courvoisier V.S. Cognac 70Cl,https://www.tesco.com/groceries/en-GB/products/255699070,1687616387.548967,"['£30.00', '£42.86/litre']",30.0,£42.86/litre
12712,Southern Comfort 1 Litre,https://www.tesco.com/groceries/en-GB/products/267244861,1687616387.6209931,"['£28.00', '£28.00/litre']",28.0,£28.00/litre
12713,Gordon's Premium Pink Distilled Gin 1 Litre,https://www.tesco.com/groceries/en-GB/products/300411717,1687616387.692617,"['£25.00', '£25.00/litre']",25.0,£25.00/litre
12714,Whitley Neill Rhubarb Ginger Gin 70Cl,https://www.tesco.com/groceries/en-GB/products/299638738,1687616387.766088,"['£28.00', '£40.00/litre']",28.0,£40.00/litre
12715,Pukka Organic Lemon & Ginger With Honey 20 Tea Bags 40G,https://www.tesco.com/groceries/en-GB/products/279531900,1687616387.861174,"['£4.00', '£10.00/100g']",4.0,£10.00/100g
12716,Tesco Finest Provence Rose 75Cl,https://www.tesco.com/groceries/en-GB/products/292400132,1687616387.9386759,"['£9.00', '£9.00/75cl']",9.0,£9.00/75cl
12717,Tesco Finest Rioja Reserva 75Cl,https://www.tesco.com/groceries/en-GB/products/261787141,1687616388.011435,"['£9.00', '£9.00/75cl']",9.0,£9.00/75cl
12718,Highland Spring Still Water 10L,https://www.tesco.com/groceries/en-GB/products/308480230,1687616388.0778902,"['£5.00', '£0.05/100ml']",5.0,£0.05/100ml
12719,Inch's Medium Apple Cider 10 X 440Ml,https://www.tesco.com/groceries/en-GB/products/308088770,1687616388.148094,"['£10.00', '£2.27/litre']",10.0,£2.27/litre
12720,London Essence Original Indian Tonic Water 6X150ml,https://www.tesco.com/groceries/en-GB/products/305039321,1687616388.2150478,"['£3.50', '£0.39/100ml']",3.5,£0.39/100ml
12721,Madri Excepcional Premium Lager 4X440ml,https://www.tesco.com/groceries/en-GB/products/310677597,1687616388.28848,"['£5.75', '£3.27/litre']",5.75,£3.27/litre
12722,Pom Wonderful 100% Pomegranate Juice 710Ml,https://www.tesco.com/groceries/en-GB/products/266828570,1687616388.356153,"['£4.80', '£0.68/100ml']",4.8,£0.68/100ml
12723,Dark Horse Cabernet Sauvignon 75Cl,https://www.tesco.com/groceries/en-GB/products/283170860,1687616388.465002,"['£9.00', '£9.00/75cl']",9.0,£9.00/75cl
12724,Sharps Doom Bar 6X500ml,https://www.tesco.com/groceries/en-GB/products/284117802,1687616388.5559769,"['£10.00', '£3.33/litre']",10.0,£3.33/litre
12725,Campo Viejo Rioja Reserva 75Cl,https://www.tesco.com/groceries/en-GB/products/257863212,1687616388.647147,"['£10.00', '£10.00/75cl']",10.0,£10.00/75cl
12726,Tetley Pure Green Tea 50S 100G,https://www.tesco.com/groceries/en-GB/products/261158598,1687616388.717275,"['£2.60', '£2.60/100g']",2.6,£2.60/100g
12727,Kylie Minogue Rose Wine 75Cl,https://www.tesco.com/groceries/en-GB/products/306802015,1687616388.810121,"['£9.00', '£9.00/75cl']",9.0,£9.00/75cl
12728,Edinburgh Gin Rhubarb Gin & Ginger Ale 250Ml,https://www.tesco.com/groceries/en-GB/products/299964841,1687616388.911521,"['£2.20', '£8.80/litre']",2.2,£8.80/litre
12729,Crusha Strawberry No Added Sugar 500Ml,https://www.tesco.com/groceries/en-GB/products/289724916,1687616389.000793,"['£1.95', '£0.39/100ml']",1.95,£0.39/100ml
12731,Tesco Cocoa Powder 250G,https://www.tesco.com/groceries/en-GB/products/289546804,1687616389.1379468,"['£2.30', '£0.92/100g']",2.3,£0.92/100g
12732,Fever Tree Light Aromatic Tonic 500Ml,https://www.tesco.com/groceries/en-GB/products/299913954,1687616389.20534,"['£2.00', '£0.40/100ml']",2.0,£0.40/100ml
12733,Robinsons Lemon Barley Water 850Ml,https://www.tesco.com/groceries/en-GB/products/266596819,1687616389.2988238,"['£2.25', '£0.26/100ml']",2.25,£0.26/100ml
12734,Fever-Tree Light Spiced Orange Ginger Ale 500Ml,https://www.tesco.com/groceries/en-GB/products/302038851,1687616389.366689,"['£2.00', '£0.40/100ml']",2.0,£0.40/100ml
12735,Alpro Oat Drink Alternative 1 Litre,https://www.tesco.com/groceries/en-GB/products/294083301,1687616389.462616,"['£2.10', '£2.10/litre']",2.1,£2.10/litre
12736,Yellow Tail Jammy Red Roo 187 Ml,https://www.tesco.com/groceries/en-GB/products/313943678,1687616389.554961,"['£2.50', '£10.03/75cl']",2.5,£10.03/75cl
12737,Tesco Classic Cola 12X330ml,https://www.tesco.com/groceries/en-GB/products/301400648,1687616389.695374,"['£3.10', '£0.08/100ml']",3.1,£0.08/100ml
12738,King Goblin Beer 500Ml,https://www.tesco.com/groceries/en-GB/products/270972772,1687616389.7644181,"['£1.90', '£3.80/litre']",1.9,£3.80/litre
12739,Brothers Toffee Apple Cider 500Ml Bottle,https://www.tesco.com/groceries/en-GB/products/268225531,1687616389.860802,"['£2.45', '£4.90/litre']",2.45,£4.90/litre
12740,Tesco Peppermint 40S 60G,https://www.tesco.com/groceries/en-GB/products/272478974,1687616389.962239,"['£1.00', '£1.67/100g']",1.0,£1.67/100g
12741,Pepsi Max Slam Bottle,https://www.tesco.com/groceries/en-GB/products/251496258,1687616390.06815,"['£1.45', '£0.29/100ml']",1.45,£0.29/100ml
12742,Rekorderlig Strawberry-Lime Cider 500Ml,https://www.tesco.com/groceries/en-GB/products/268732800,1687616390.195689,"['£2.45', '£4.90/litre']",2.45,£4.90/litre
12743,Tesco Medium Dry Sherry 1L,https://www.tesco.com/groceries/en-GB/products/255246474,1687616390.2930582,"['£7.55', '£5.66/75cl']",7.55,£5.66/75cl
12744,Barefoot Merlot 187Ml,https://www.tesco.com/groceries/en-GB/products/290012750,1687616390.365002,"['£2.25', '£9.02/75cl']",2.25,£9.02/75cl
12745,Tesco Grapefruit Juice 1 Litre,https://www.tesco.com/groceries/en-GB/products/259336269,1687616390.464444,"['£1.15', '£0.12/100ml']",1.15,£0.12/100ml
12746,Lateral Chilean Pinot Noir 75Cl,https://www.tesco.com/groceries/en-GB/products/309766064,1687616390.624345,"['£4.39', '£4.39/75cl']",4.39,£4.39/75cl
12747,Tassimo Costa Cappuccino Pods 6 Pack 210G,https://www.tesco.com/groceries/en-GB/products/313182725,1687616390.751009,"['£4.80', '£2.29/100g']",4.8,£2.29/100g
12748,The Kraken Black Spiced Rum 70Cl,https://www.tesco.com/groceries/en-GB/products/273925686,1687616390.843265,"['£23.50', '£33.57/litre']",23.5,£33.57/litre
12749,Bouchard Grand Conseiller Pinot Noir 75Cl,https://www.tesco.com/groceries/en-GB/products/295235927,1687616390.938096,"['£9.00', '£9.00/75cl']",9.0,£9.00/75cl
12750,Holsten Pils Lager 4X440ml,https://www.tesco.com/groceries/en-GB/products/255565729,1687616391.007587,"['£4.75', '£2.70/litre']",4.75,£2.70/litre
12751,Tesco Finest 1531 Blanquette De Limoux 75Cl,https://www.tesco.com/groceries/en-GB/products/253838883,1687616397.0157251,"['£10.00', '£10.00/75cl']",10.0,£10.00/75cl
12752,Estrella Damm Lager Can 6 X 330Ml,https://www.tesco.com/groceries/en-GB/products/300411533,1687616397.107112,"['£8.00', '£4.04/litre']",8.0,£4.04/litre
12753,Lambrini Lightly Sparkling Perry 125Cl,https://www.tesco.com/groceries/en-GB/products/305829469,1687616397.1895308,"['£3.65', '£2.19/75cl']",3.65,£2.19/75cl
12754,Bottlegreen Pomegranate Elderflower Cordial 50Cl,https://www.tesco.com/groceries/en-GB/products/263841310,1687616397.294933,"['£4.00', '£0.80/100ml']",4.0,£0.80/100ml
12755,Tesco Finest Marlborough Pinot Noir 75Cl,https://www.tesco.com/groceries/en-GB/products/280144462,1687616397.384167,"['£9.00', '£9.00/75cl']",9.0,£9.00/75cl
12756,Dark Horse Merlot 75Cl,https://www.tesco.com/groceries/en-GB/products/295375634,1687616397.470638,"['£9.00', '£9.00/75cl']",9.0,£9.00/75cl
12757,Isla Negra Sauvignon Blanc Px Wine 2.25Ltr,https://www.tesco.com/groceries/en-GB/products/280302900,1687616397.569775,"['£14.50', '£4.83/75cl']",14.5,£4.83/75cl
12758,Horlicks Original Malted Drink 400g,https://www.tesco.com/groceries/en-GB/products/313948771,1687616397.681324,"['£3.50', '£0.88/100g']",3.5,£0.88/100g
12759,Horlicks Instant Malted Food Drink 400g,https://www.tesco.com/groceries/en-GB/products/314301627,1687616397.750571,"['£3.50', '£0.88/100g']",3.5,£0.88/100g
12760,Horlicks Instant Chocolate Malted Food Drink 400g,https://www.tesco.com/groceries/en-GB/products/314411391,1687616397.821407,"['£3.50', '£0.88/100g']",3.5,£0.88/100g
12761,Vinalba Reserve Malbec 75Cl,https://www.tesco.com/groceries/en-GB/products/306810950,1687616397.8892548,"['£10.00', '£10.00/75cl']",10.0,£10.00/75cl
12762,Rokit Organic Mighty Matcha 10 Pods 15G,https://www.tesco.com/groceries/en-GB/products/313747594,1687616397.984951,"['£4.00', '£26.67/100g']",4.0,£26.67/100g
12763,Arctic Coffee Cafe Latte 330Ml,https://www.tesco.com/groceries/en-GB/products/300661887,1687616398.0821939,"['£1.10', '£0.33/100ml']",1.1,£0.33/100ml
12764,Twinings Invigorating /Invigorate Peppermint 80 Teabags 160G,https://www.tesco.com/groceries/en-GB/products/261255189,1687616398.151128,"['£4.00', '£2.50/100g']",4.0,£2.50/100g
12765,Big Tom Tomato Juice 750Ml,https://www.tesco.com/groceries/en-GB/products/260079497,1687616398.2213671,"['£3.00', '£0.40/100ml']",3.0,£0.40/100ml
12766,Pro Milk Strawberry Protein Shake 330Ml,https://www.tesco.com/groceries/en-GB/products/314104484,1687616398.293192,"['£1.15', '£0.35/100ml']",1.15,£0.35/100ml
12767,Pro Milk Chocolate Protein Shake 330Ml,https://www.tesco.com/groceries/en-GB/products/314112572,1687616398.3636281,"['£1.15', '£0.35/100ml']",1.15,£0.35/100ml
12768,Arctic Coffee Caramel Latte 1L,https://www.tesco.com/groceries/en-GB/products/306493016,1687616398.432789,"['£2.20', '£0.22/100ml']",2.2,£0.22/100ml
12769,Robinsons Mini Apple & Blackcurrant No Added Sugar Squash 66Ml,https://www.tesco.com/groceries/en-GB/products/308487787,1687616398.533337,"['£2.00', '£3.03/100ml']",2.0,£3.03/100ml
12770,Robinson Double Strength No Added Sugar Orange & Pineapple Squash 1L,https://www.tesco.com/groceries/en-GB/products/308497700,1687616398.6023989,"['£2.50', '£0.25/100ml']",2.5,£0.25/100ml
12771,Vimto No Added Sugar Blackberry Raspberry Blueberry Squash 1L,https://www.tesco.com/groceries/en-GB/products/308481027,1687616398.682555,"['£2.00', '£0.20/100ml']",2.0,£0.20/100ml
12772,Yazoo Vanilla Milk 400Ml,https://www.tesco.com/groceries/en-GB/products/289767548,1687616398.7495072,"['£1.20', '£0.30/100ml']",1.2,£0.30/100ml
12773,Diet Coke 330Ml,https://www.tesco.com/groceries/en-GB/products/254855774,1687616398.839757,"['£1.00', '£0.30/100ml']",1.0,£0.30/100ml
12774,Des Tourelles Claret Bordeaux 75Cl,https://www.tesco.com/groceries/en-GB/products/311262012,1687616398.951778,"['£5.00', '£5.00/75cl']",5.0,£5.00/75cl
12775,Pepsi Max Lime 1.25L,https://www.tesco.com/groceries/en-GB/products/309196916,1687616399.0237608,"['£1.50', '£0.12/100ml']",1.5,£0.12/100ml
12776,Growers Harvest Orange Juice From Concentrate 6 X 200Ml,https://www.tesco.com/groceries/en-GB/products/313736215,1687616399.121109,"['£1.50', '£0.12/100ml']",1.5,£0.12/100ml
12777,Growers Harvest Apple Juice From Concentrate 6 X 200Ml,https://www.tesco.com/groceries/en-GB/products/314116504,1687616399.190928,"['£1.50', '£0.12/100ml']",1.5,£0.12/100ml
12778,Oasis Citrus Punch 1.5Ltr(N),https://www.tesco.com/groceries/en-GB/products/257000558,1687616399.259056,"['£1.50', '£0.10/100ml']",1.5,£0.10/100ml
12779,Cape Kyala Pinotage 75Cl,https://www.tesco.com/groceries/en-GB/products/310686422,1687616399.326572,"['£4.19', '£4.19/75cl']",4.19,£4.19/75cl
12780,Pukka Organic Peppermint & Licorice 20 Tea Bags 30G,https://www.tesco.com/groceries/en-GB/products/274530914,1687616399.395592,"['£4.00', '£13.33/100g']",4.0,£13.33/100g
12781,Pukka Organic 3 Mint Tea 20'S 32G,https://www.tesco.com/groceries/en-GB/products/264767068,1687616399.4624891,"['£4.00', '£12.50/100g']",4.0,£12.50/100g
12782,Tassimo Kenco Flat White Pods 8 Pack 220G,https://www.tesco.com/groceries/en-GB/products/313185215,1687616399.63625,"['£5.00', '£2.27/100g']",5.0,£2.27/100g
12783,Tassimo Costa Caramel Latte Coffee Pods X6 203.4G,https://www.tesco.com/groceries/en-GB/products/309175613,1687616399.704127,"['£4.80', '£2.36/100g']",4.8,£2.36/100g
12784,La Gioiosa Prosecco Brut 75Cl,https://www.tesco.com/groceries/en-GB/products/268776876,1687616399.7720268,"['£9.00', '£9.00/75cl']",9.0,£9.00/75cl
12785,Greene King Great British Ales 6X500ml,https://www.tesco.com/groceries/en-GB/products/285958162,1687616399.903768,"['£9.50', '£3.17/litre']",9.5,£3.17/litre
12786,Louis De Camponac Sauvignon Blanc 75Cl,https://www.tesco.com/groceries/en-GB/products/278373345,1687616399.975157,"['£6.50', '£6.50/75cl']",6.5,£6.50/75cl
12787,Aqua Libra Sparkling Water Cucumber Mint Lime4x330ml,https://www.tesco.com/groceries/en-GB/products/309493213,1687616400.0506408,"['£3.35', '£0.25/100ml']",3.35,£0.25/100ml
12788,Califia Farms Oat Barista Drink 1L,https://www.tesco.com/groceries/en-GB/products/309175515,1687616400.117919,"['£2.10', '£0.21/100ml']",2.1,£0.21/100ml
12789,Canderel Tablets 300Pk 25.5G,https://www.tesco.com/groceries/en-GB/products/254917598,1687616400.209923,"['£3.30', '£129.41/kg']",3.3,£129.41/kg
12790,San Miguel 0.0% Alcohol 4X330ml,https://www.tesco.com/groceries/en-GB/products/287572211,1687616400.277144,"['£4.00', '£3.03/litre']",4.0,£3.03/litre
12791,Tetley Decaffeinated 80 Teabags 250G,https://www.tesco.com/groceries/en-GB/products/251004865,1687616400.344235,"['£3.00', '£1.20/100g']",3.0,£1.20/100g
12792,Tesco Soya Drink Sweetened 1Ltr,https://www.tesco.com/groceries/en-GB/products/300118092,1687616400.43201,"['£1.25', '£1.25/litre']",1.25,£1.25/litre
12793,Gallo Family Vineyards Pinot Grigio 75Cl,https://www.tesco.com/groceries/en-GB/products/264456782,1687616400.499166,"['£6.50', '£6.50/75cl']",6.5,£6.50/75cl
12794,Tesco Lighter Hot Chocolate 270G,https://www.tesco.com/groceries/en-GB/products/309777569,1687616400.589571,"['£2.25', '£0.83/100g']",2.25,£0.83/100g
12795,Wkd Blue 4% 700Ml,https://www.tesco.com/groceries/en-GB/products/252400734,1687616400.6612039,"['£3.50', '£5.00/litre']",3.5,£5.00/litre
12796,Red Bull Energy Drink 4 X 250Ml,https://www.tesco.com/groceries/en-GB/products/250249801,1687616400.728787,"['£4.75', '£0.48/100ml']",4.75,£0.48/100ml
12797,Stella Artois Premium Alcohol Free Lager Beer 4X330ml,https://www.tesco.com/groceries/en-GB/products/305954003,1687616400.832928,"['£3.50', '£2.65/litre']",3.5,£2.65/litre
12800,Robinsons Creations Strawberry Watermelon 1L,https://www.tesco.com/groceries/en-GB/products/302036299,1687616408.043398,"['£2.50', '£0.25/100ml']",2.5,£0.25/100ml
12801,Tango Dark Berry Sugar Free 6X330ml,https://www.tesco.com/groceries/en-GB/products/308082845,1687616408.123298,"['£2.75', '£0.14/100ml']",2.75,£0.14/100ml
12802,Robinsons Fruit Barley Grapefruit 1L,https://www.tesco.com/groceries/en-GB/products/251310393,1687616408.217108,"['£2.00', '£0.20/100ml']",2.0,£0.20/100ml
12803,Fever Tree Mexican Lime Soda 500Ml,https://www.tesco.com/groceries/en-GB/products/308490932,1687616408.2860758,"['£2.00', '£0.40/100ml']",2.0,£0.40/100ml
12804,J20 Spritz Pear & Raspberry 4 X 250Ml,https://www.tesco.com/groceries/en-GB/products/305959384,1687616408.3826392,"['£2.30', '£0.23/100ml']",2.3,£0.23/100ml
12805,Black Sheep Milk Stout 500Ml 4.4% Alcohol By Volume,https://www.tesco.com/groceries/en-GB/products/299599046,1687616408.487946,"['£2.00', '£4.00/litre']",2.0,£4.00/litre
12806,Blossom Hill Soft & Fruity 18.7Cl,https://www.tesco.com/groceries/en-GB/products/268436575,1687616408.57775,"['£2.10', '£8.42/75cl']",2.1,£8.42/75cl
12807,Tesco Quadruple Strength Orange Lemon & Pineapple 750Ml,https://www.tesco.com/groceries/en-GB/products/310099570,1687616408.6696389,"['£1.35', '£0.18/100ml']",1.35,£0.18/100ml
12808,Tesco Sparkling White Grape & Elderflower 750Ml,https://www.tesco.com/groceries/en-GB/products/304794412,1687616408.745576,"['£1.50', '£0.20/100ml']",1.5,£0.20/100ml
12809,Vk & Soda Berries Zero Sugar Alcoholic Drink 330Ml,https://www.tesco.com/groceries/en-GB/products/314438060,1687616408.8161228,"['£1.75', '£5.30/litre']",1.75,£5.30/litre
12810,Capri-Sun Orange Double Strength Squash 1 Litre,https://www.tesco.com/groceries/en-GB/products/312561169,1687616408.907878,"['£2.00', '£0.20/100ml']",2.0,£0.20/100ml
12811,All Shook Up Pina Colada Cocktail 250Ml,https://www.tesco.com/groceries/en-GB/products/313621063,1687616409.004472,"['£1.85', '£7.40/litre']",1.85,£7.40/litre
12812,Vk & Soda Lime Zero Sugar Alcoholic Drink 330Ml,https://www.tesco.com/groceries/en-GB/products/314298967,1687616409.097473,"['£1.75', '£5.30/litre']",1.75,£5.30/litre
12813,Tesco Finest Marlborough Sauvignon Blanc 187Ml,https://www.tesco.com/groceries/en-GB/products/294970697,1687616409.190976,"['£2.75', '£11.03/75cl']",2.75,£11.03/75cl
12814,Firemark Argentinian Malbec 75Cl,https://www.tesco.com/groceries/en-GB/products/309478899,1687616409.282608,"['£4.49', '£4.49/75cl']",4.49,£4.49/75cl
12815,Mix Up Premium Mixed Coffee Rum & Cola 250Ml,https://www.tesco.com/groceries/en-GB/products/314702438,1687616409.355597,"['£1.80', '£7.20/litre']",1.8,£7.20/litre
12816,Mix Up Premium Mixed Apple Rum Lime & Ginger Ale 250Ml,https://www.tesco.com/groceries/en-GB/products/314595877,1687616409.454005,"['£1.80', '£7.20/litre']",1.8,£7.20/litre
12817,Purity Mad Goose Pale Ale 500Ml,https://www.tesco.com/groceries/en-GB/products/259516961,1687616409.545961,"['£2.00', '£4.00/litre']",2.0,£4.00/litre
12818,J P Chenet Merlot 18.7Cl,https://www.tesco.com/groceries/en-GB/products/264608661,1687616409.6360588,"['£2.10', '£8.42/75cl']",2.1,£8.42/75cl
12819,Taittinger Brut Reserve Non Vintage Champagne 75Cl,https://www.tesco.com/groceries/en-GB/products/255245832,1687616409.726603,"['£43.00', '£43.00/75cl']",43.0,£43.00/75cl
12820,Disaronno Originale 1 Litre,https://www.tesco.com/groceries/en-GB/products/311684181,1687616409.796059,"['£25.00', '£25.00/litre']",25.0,£25.00/litre
12821,Jameson Irish Whiskey 1L,https://www.tesco.com/groceries/en-GB/products/250835977,1687616409.881341,"['£31.00', '£31.00/litre']",31.0,£31.00/litre
12822,Chapoutier Cotes Du Rhone Villages 75Cl,https://www.tesco.com/groceries/en-GB/products/293741106,1687616409.95663,"['£10.00', '£10.00/75cl']",10.0,£10.00/75cl
12823,Kumala Reserve Malbec 75Cl,https://www.tesco.com/groceries/en-GB/products/283672911,1687616410.030215,"['£7.00', '£7.00/75cl']",7.0,£7.00/75cl
12824,Bavaria 0.0% Beer 8 X 330Ml,https://www.tesco.com/groceries/en-GB/products/293673434,1687616410.1077151,"['£5.00', '£1.89/litre']",5.0,£1.89/litre
12825,Abbot Ale 10X440ml,https://www.tesco.com/groceries/en-GB/products/307359198,1687616410.1850922,"['£11.50', '£2.61/litre']",11.5,£2.61/litre
12826,Birra Moretti Zero Alcohol Free Beer 4X330ml,https://www.tesco.com/groceries/en-GB/products/308092879,1687616410.262527,"['£6.00', '£4.54/litre']",6.0,£4.54/litre
12828,Cadbury Bournville Baking Cocoa Powder 250G,https://www.tesco.com/groceries/en-GB/products/282152394,1687616410.499883,"['£3.25', '£1.30/100g']",3.25,£1.30/100g
12829,Silverspoon Tablet Sweetener 400Pk,https://www.tesco.com/groceries/en-GB/products/262750183,1687616410.5840168,"['£2.25', '£0.01/kg']",2.25,£0.01/kg
12830,Tesco Napoleon Brandy 70Cl Bottle,https://www.tesco.com/groceries/en-GB/products/254106066,1687616410.65856,"['£12.00', '£17.14/litre']",12.0,£17.14/litre
12831,Desperados 3X330ml,https://www.tesco.com/groceries/en-GB/products/273901806,1687616410.728718,"['£5.50', '£5.56/litre']",5.5,£5.56/litre
12832,Costa Hot Chocolate 300G,https://www.tesco.com/groceries/en-GB/products/308839209,1687616410.8149068,"['£3.00', '£1.00/100g']",3.0,£1.00/100g
12833,Heineken Lager 5% Cans 6 X 330Ml,https://www.tesco.com/groceries/en-GB/products/255218744,1687616410.908687,"['£7.00', '£3.54/litre']",7.0,£3.54/litre
12834,Brewdog Hazy Jane New England Ipa 12X330ml,https://www.tesco.com/groceries/en-GB/products/307138362,1687616411.064149,"['£16.00', '£4.04/litre']",16.0,£4.04/litre
12835,Magnum Tonic Wine 200Ml,https://www.tesco.com/groceries/en-GB/products/292669430,1687616411.165802,"['£3.90', '£19.50/litre']",3.9,£19.50/litre
12836,Twinings Pure Camomile 20 Tea Bags 30G,https://www.tesco.com/groceries/en-GB/products/254196349,1687616411.243946,"['£2.50', '£8.33/100g']",2.5,£8.33/100g
12837,Bottlegreen Elderflower Sparkling Presse 750Ml,https://www.tesco.com/groceries/en-GB/products/308086173,1687616411.335973,"['£3.00', '£0.40/100ml']",3.0,£0.40/100ml
12838,Engine Gin Tonic 237Ml,https://www.tesco.com/groceries/en-GB/products/314582734,1687616411.411399,"['£3.25', '£13.71/litre']",3.25,£13.71/litre
12839,Naked Green Machine Smoothie 750Ml,https://www.tesco.com/groceries/en-GB/products/289685149,1687616411.5016,"['£4.75', '£0.63/100ml']",4.75,£0.63/100ml
12840,Koko Dairy Free Unsweetened Alternative Drink 1 Litre,https://www.tesco.com/groceries/en-GB/products/297673042,1687616411.59686,"['£1.80', '£1.80/litre']",1.8,£1.80/litre
12841,Eisberg Sauvignon 75Cl Alcohol Free,https://www.tesco.com/groceries/en-GB/products/295208183,1687616411.6645179,"['£3.25', '£3.25/75cl']",3.25,£3.25/75cl
12842,Plenish Organic Almond 1Ltr,https://www.tesco.com/groceries/en-GB/products/305205390,1687616411.73356,"['£2.25', '£2.25/litre']",2.25,£2.25/litre
12843,Tesco Blue Spark Original 1L,https://www.tesco.com/groceries/en-GB/products/301227099,1687616411.823754,"['£0.90', '£0.09/100ml']",0.9,£0.09/100ml
12844,Plenish Ginger Immunity Shot 60Ml,https://www.tesco.com/groceries/en-GB/products/313942368,1687616411.899404,"['£2.00', '£3.33/100ml']",2.0,£3.33/100ml
12845,Bath Ales Gem 500Ml,https://www.tesco.com/groceries/en-GB/products/257830862,1687616411.9954739,"['£1.90', '£3.80/litre']",1.9,£3.80/litre
12846,Copella Apple & Elderflower Juice 900Ml,https://www.tesco.com/groceries/en-GB/products/288307410,1687616412.087084,"['£2.75', '£0.31/100ml']",2.75,£0.31/100ml
12847,Dow's Master Blend Finest Reserve Port 75Cl,https://www.tesco.com/groceries/en-GB/products/268515954,1687616417.970479,"['£13.00', '£13.00/75cl']",13.0,£13.00/75cl
12848,Silver Bay Point Rose 75Cl,https://www.tesco.com/groceries/en-GB/products/266797956,1687616418.1259542,"['£3.95', '£3.95/75cl']",3.95,£3.95/75cl
12849,Ufit High Protein Milkshake White Chocolate Flavoured 330Ml,https://www.tesco.com/groceries/en-GB/products/308115508,1687616418.2012842,"['£2.00', '£0.61/100ml']",2.0,£0.61/100ml
12850,Malibu White Rum With Coconut 70Cl,https://www.tesco.com/groceries/en-GB/products/252249320,1687616418.306583,"['£16.00', '£22.86/litre']",16.0,£22.86/litre
12851,Fruit Shoot Orange No Added Sugar 15X200ml,https://www.tesco.com/groceries/en-GB/products/272409429,1687616418.378023,"['£5.00', '£0.17/100ml']",5.0,£0.17/100ml
12852,Fruit Shoot No Added Sugar Apple & Blackcurrant 15X200ml,https://www.tesco.com/groceries/en-GB/products/272417736,1687616418.450172,"['£5.00', '£0.17/100ml']",5.0,£0.17/100ml
12853,Shipyard American Pale Ale 4X440ml,https://www.tesco.com/groceries/en-GB/products/302286118,1687616418.522146,"['£5.50', '£3.12/litre']",5.5,£3.12/litre
12854,Cono Sur Bicicleta Pinot Noir 75Cl,https://www.tesco.com/groceries/en-GB/products/251886407,1687616418.590013,"['£6.00', '£6.00/75cl']",6.0,£6.00/75cl
12855,Emmi Caffe Latte Cappuccino Mr Big 370Ml,https://www.tesco.com/groceries/en-GB/products/283924539,1687616418.6621902,"['£2.65', '£0.72/100ml']",2.65,£0.72/100ml
12856,Clipper Organic Fairtrade Decaffeinated 40 Tea Bags 116G,https://www.tesco.com/groceries/en-GB/products/306648710,1687616418.7419121,"['£3.30', '£2.84/100g']",3.3,£2.84/100g
12857,Tesco Amaretto Liqueur 50Cl,https://www.tesco.com/groceries/en-GB/products/293073292,1687616418.8154812,"['£8.00', '£16.00/litre']",8.0,£16.00/litre
12858,Twinings Lemon & Ginger 20 Teabags 30G,https://www.tesco.com/groceries/en-GB/products/259145230,1687616418.883212,"['£2.50', '£8.33/100g']",2.5,£8.33/100g
12859,Nescafe Dolce Gusto Cafe Au Lait Decaffeinated Coffee Pods 16 Capsules,https://www.tesco.com/groceries/en-GB/products/301217353,1687616418.973669,"['£4.50', '£2.81/100g']",4.5,£2.81/100g
12860,Delamere Dairy Sterilised Longlife Semi Skimmed Milk 1L,https://www.tesco.com/groceries/en-GB/products/258104839,1687616419.063736,"['£1.20', '£1.20/litre']",1.2,£1.20/litre
12861,Greene King Ipa 500Ml,https://www.tesco.com/groceries/en-GB/products/265553901,1687616419.132641,"['£1.35', '£2.70/litre']",1.35,£2.70/litre
12862,Sunsweet Prune Juice 1 Litre,https://www.tesco.com/groceries/en-GB/products/252930803,1687616419.198254,"['£4.00', '£0.40/100ml']",4.0,£0.40/100ml
12863,Innocent Apple & Berry Juice 1.35L,https://www.tesco.com/groceries/en-GB/products/288178014,1687616419.275024,"['£4.10', '£0.30/100ml']",4.1,£0.30/100ml
12864,Schweppes Citrus With Russchian Pink Soda 1Ltr,https://www.tesco.com/groceries/en-GB/products/261257452,1687616419.3817332,"['£1.75', '£0.18/100ml']",1.75,£0.18/100ml
12865,Carlsberg Alcohol Free Lager 4X330ml,https://www.tesco.com/groceries/en-GB/products/303930207,1687616419.452735,"['£3.00', '£2.27/litre']",3.0,£2.27/litre
12866,Starbucks Caffe Latte Chilled Coffee 220Ml,https://www.tesco.com/groceries/en-GB/products/312110099,1687616419.517513,"['£2.20', '£1.00/100ml']",2.2,£1.00/100ml
12867,House Of Cocktails Cosmo 250Ml,https://www.tesco.com/groceries/en-GB/products/303720491,1687616419.608974,"['£0.99', '£3.96/litre']",0.99,£3.96/litre
12868,Cherrygood Cherry Juice Drink 1 Litre,https://www.tesco.com/groceries/en-GB/products/264685493,1687616419.6788921,"['£1.85', '£0.18/100ml']",1.85,£0.18/100ml
12869,Kopparberg Tropical Rum Punch 250Ml,https://www.tesco.com/groceries/en-GB/products/313949597,1687616419.7487428,"['£1.95', '£7.80/litre']",1.95,£7.80/litre
12870,Bacardi Mango Mojito 250Ml,https://www.tesco.com/groceries/en-GB/products/313512653,1687616419.8401668,"['£2.00', '£8.00/litre']",2.0,£8.00/litre
12871,Tesco Apple Mango Passion Fruit & Peach Juice Not From Concentrate 1L,https://www.tesco.com/groceries/en-GB/products/263450571,1687616419.93088,"['£1.70', '£0.17/100ml']",1.7,£0.17/100ml
12872,Funkin Nitro Pina Colada Cocktail 200Ml,https://www.tesco.com/groceries/en-GB/products/305963319,1687616419.998192,"['£2.25', '£11.25/litre']",2.25,£11.25/litre
12873,Dead Man's Finger Margarita Mix 330Ml,https://www.tesco.com/groceries/en-GB/products/314426419,1687616420.090816,"['£2.00', '£6.06/litre']",2.0,£6.06/litre
12874,Gordon's Pink Gin & Tonic Premix 250Ml,https://www.tesco.com/groceries/en-GB/products/299313944,1687616420.1806679,"['£2.25', '£9.00/litre']",2.25,£9.00/litre
12875,Robinsons Ready To Drink No Added Sugar Raspberry & Apple 500Ml,https://www.tesco.com/groceries/en-GB/products/309449394,1687616420.273866,"['£1.15', '£0.23/100ml']",1.15,£0.23/100ml
12876,Echo Falls Fruit Summer Berries 5.5% 750Ml,https://www.tesco.com/groceries/en-GB/products/307145134,1687616420.392765,"['£3.25', '£3.25/75cl']",3.25,£3.25/75cl
12877,Tesco Blueberry Juice Drink 1L,https://www.tesco.com/groceries/en-GB/products/260027755,1687616420.461345,"['£1.15', '£0.12/100ml']",1.15,£0.12/100ml
12878,Budweiser 660Ml,https://www.tesco.com/groceries/en-GB/products/265214134,1687616420.551521,"['£2.20', '£3.33/litre']",2.2,£3.33/litre
12879,Taparoo Valley Australian Sauvignon Semillon 75Cl,https://www.tesco.com/groceries/en-GB/products/309765687,1687616420.702836,"['£4.25', '£4.25/75cl']",4.25,£4.25/75cl
12880,Piper Heidsieck Brut 75Cl,https://www.tesco.com/groceries/en-GB/products/283507302,1687616420.7716749,"['£39.00', '£39.00/75cl']",39.0,£39.00/75cl
12881,Country Manor Medium Dry Finest Perry 2.25L,https://www.tesco.com/groceries/en-GB/products/314317027,1687616420.8620632,"['£6.00', '£2.00/75cl']",6.0,£2.00/75cl
12882,Guinness Original 12X440ml,https://www.tesco.com/groceries/en-GB/products/253222966,1687616420.9276538,"['£16.00', '£3.03/litre']",16.0,£3.03/litre
12883,Cafedirect Machu Picchu Fair Trade Ground Coffee 227G,https://www.tesco.com/groceries/en-GB/products/251556885,1687616420.99489,"['£5.00', '£2.20/100g']",5.0,£2.20/100g
12884,Villa Maria Sauvignon Blush 750Ml,https://www.tesco.com/groceries/en-GB/products/308468038,1687616421.078136,"['£10.00', '£10.00/75cl']",10.0,£10.00/75cl
12885,Cadbury Highlights Milk Chocolate Jar 220G,https://www.tesco.com/groceries/en-GB/products/300886391,1687616421.1718569,"['£4.00', '£1.82/100g']",4.0,£1.82/100g
12886,First Cape Special Cuvee Sauvignon 75Cl,https://www.tesco.com/groceries/en-GB/products/277104183,1687616421.242016,"['£6.50', '£6.50/75cl']",6.5,£6.50/75cl
12887,Marques De Los Zancos Rioja Blanco 75Cl,https://www.tesco.com/groceries/en-GB/products/311217286,1687616421.310734,"['£5.25', '£5.25/75cl']",5.25,£5.25/75cl
12888,Sprite Lemon-Lime Drink 18X330ml,https://www.tesco.com/groceries/en-GB/products/312829712,1687616421.381414,"['£7.49', '£0.13/100ml']",7.49,£0.13/100ml
12889,Stowford Press Apple Cider 10 X 440Ml,https://www.tesco.com/groceries/en-GB/products/302282278,1687616421.475415,"['£8.00', '£1.82/litre']",8.0,£1.82/litre
12890,Carlsberg Export Lager 4X568ml,https://www.tesco.com/groceries/en-GB/products/264526066,1687616421.570407,"['£5.70', '£2.51/litre']",5.7,£2.51/litre
12891,Trivento Reserve Pinot Grigio 75Cl,https://www.tesco.com/groceries/en-GB/products/306647999,1687616421.63585,"['£8.00', '£8.00/75cl']",8.0,£8.00/75cl
12892,Isla Negra Rose 75Cl,https://www.tesco.com/groceries/en-GB/products/262165979,1687616421.7336361,"['£5.50', '£5.50/75cl']",5.5,£5.50/75cl
12893,Dr Pepper 18X330ml,https://www.tesco.com/groceries/en-GB/products/305989906,1687616421.800663,"['£7.49', '£0.13/100ml']",7.49,£0.13/100ml
12894,Tetley Redbush 40 Teabags 100G,https://www.tesco.com/groceries/en-GB/products/261915457,1687616421.888866,"['£2.20', '£2.20/100g']",2.2,£2.20/100g
12895,Brooklyn Alcohol Free Hoppy Lager 4 X 330Ml,https://www.tesco.com/groceries/en-GB/products/307745115,1687616427.9911108,"['£4.50', '£3.41/litre']",4.5,£3.41/litre
12896,V8 Vegetable Juice 1 Litre,https://www.tesco.com/groceries/en-GB/products/256650348,1687616428.067786,"['£2.90', '£0.29/100ml']",2.9,£0.29/100ml
12897,Palais St Vigny Cotes Du Rhone 75Cl,https://www.tesco.com/groceries/en-GB/products/311805788,1687616428.148763,"['£5.00', '£5.00/75cl']",5.0,£5.00/75cl
12898,Wainwright The Golden Beer 4 X 500Ml,https://www.tesco.com/groceries/en-GB/products/292010812,1687616428.219786,"['£5.50', '£2.75/litre']",5.5,£2.75/litre
12899,All Shook Up Mixed Sharing Cocktail Cans 10X250ml,https://www.tesco.com/groceries/en-GB/products/308090000,1687616428.30924,"['£14.00', '£5.60/litre']",14.0,£5.60/litre
12900,Naked Blue Machine Smoothie 750Ml,https://www.tesco.com/groceries/en-GB/products/289685190,1687616428.4053,"['£4.75', '£0.63/100ml']",4.75,£0.63/100ml
12901,Wairau Cove Merlot 75Cl,https://www.tesco.com/groceries/en-GB/products/299639985,1687616428.50458,"['£7.75', '£7.75/75cl']",7.75,£7.75/75cl
12902,Cawston Press Apple & Ginger Juice 1L,https://www.tesco.com/groceries/en-GB/products/263879352,1687616428.6110988,"['£2.70', '£0.27/100ml']",2.7,£0.27/100ml
12903,Tesco Low Calorie Sweetener 300'S,https://www.tesco.com/groceries/en-GB/products/289397824,1687616428.7084758,"['£1.35', '£0.00/each']",1.35,£0.00/each
12904,Robinsons Fruit Creations Blackberry Blueberry 1L,https://www.tesco.com/groceries/en-GB/products/305947231,1687616428.784218,"['£2.50', '£0.25/100ml']",2.5,£0.25/100ml
12905,Plenish Organic Oat Milk Dairy Alternative 1Ltr,https://www.tesco.com/groceries/en-GB/products/309753880,1687616428.861783,"['£2.00', '£2.00/litre']",2.0,£2.00/litre
12906,Mcewans Export 4X500ml Cans,https://www.tesco.com/groceries/en-GB/products/256977459,1687616428.960681,"['£4.75', '£2.38/litre']",4.75,£2.38/litre
12907,Brewdog Punk Af 4X330ml,https://www.tesco.com/groceries/en-GB/products/304722896,1687616429.034693,"['£5.00', '£3.79/litre']",5.0,£3.79/litre
12908,Tesco Green Escape Smoothie 750Ml,https://www.tesco.com/groceries/en-GB/products/305982672,1687616429.1370082,"['£1.80', '£0.24/100ml']",1.8,£0.24/100ml
12909,Tropicana Long Life Smooth Orange Fruit Juice 850Ml,https://www.tesco.com/groceries/en-GB/products/313838613,1687616429.210081,"['£3.00', '£0.35/100ml']",3.0,£0.35/100ml
12910,Tropicana Long Life Original Orange Juice & Bits 850Ml,https://www.tesco.com/groceries/en-GB/products/314109260,1687616429.3079832,"['£3.00', '£0.35/100ml']",3.0,£0.35/100ml
12911,Red Bull Energy Drink 355Ml,https://www.tesco.com/groceries/en-GB/products/262079459,1687616429.414049,"['£1.90', '£0.54/100ml']",1.9,£0.54/100ml
12912,Tesco Camomile Infusion 40 Bags 60G,https://www.tesco.com/groceries/en-GB/products/272478634,1687616429.584786,"['£1.00', '£1.67/100g']",1.0,£1.67/100g
12913,Archers And Lemonade 250Ml,https://www.tesco.com/groceries/en-GB/products/271060974,1687616429.676755,"['£2.00', '£8.00/litre']",2.0,£8.00/litre
12914,All Shook Up Passion Fruit Martini 250Ml,https://www.tesco.com/groceries/en-GB/products/306809329,1687616429.768363,"['£1.85', '£7.40/litre']",1.85,£7.40/litre
12915,Tropicana Long Life Pressed Apple Fruit Juice 850Ml,https://www.tesco.com/groceries/en-GB/products/313958995,1687616429.855517,"['£3.00', '£0.35/100ml']",3.0,£0.35/100ml
12916,Happy Monkey Milkshake Strawberry 3X200ml,https://www.tesco.com/groceries/en-GB/products/282572461,1687616429.945496,"['£1.20', '£0.20/100ml']",1.2,£0.20/100ml
12917,Rekorderlig Passion Fruit 500Ml Bottle,https://www.tesco.com/groceries/en-GB/products/280486330,1687616430.011837,"['£2.45', '£4.90/litre']",2.45,£4.90/litre
12918,Patrick Chodot Fleurie 75Cl,https://www.tesco.com/groceries/en-GB/products/291644242,1687616430.108542,"['£11.00', '£11.00/75cl']",11.0,£11.00/75cl
12919,Barefoot Bubbly Pink Moscato 75 Cl,https://www.tesco.com/groceries/en-GB/products/280865135,1687616430.181469,"['£8.50', '£8.50/75cl']",8.5,£8.50/75cl
12920,First Cape Special Cuvee Chenin Blanc,https://www.tesco.com/groceries/en-GB/products/301832528,1687616430.2508018,"['£6.50', '£6.50/75cl']",6.5,£6.50/75cl
12921,Tassimo Kenco Cappuccino Coffee Pods X8 260G,https://www.tesco.com/groceries/en-GB/products/295543827,1687616430.318177,"['£5.00', '£1.92/100g']",5.0,£1.92/100g
12922,Kumala Reserve Sauvignon Blanc 75Cl,https://www.tesco.com/groceries/en-GB/products/296631226,1687616430.3852081,"['£7.00', '£7.00/75cl']",7.0,£7.00/75cl
12923,Tesco Finest Mosel Steep Slopes Riesling 75Cl,https://www.tesco.com/groceries/en-GB/products/255819557,1687616430.452254,"['£7.00', '£7.00/75cl']",7.0,£7.00/75cl
12924,Coors 15X440ml,https://www.tesco.com/groceries/en-GB/products/295724660,1687616430.526059,"['£14.50', '£2.20/litre']",14.5,£2.20/litre
12925,Tassimo Kenco Americano Decaf Pods X16 104G,https://www.tesco.com/groceries/en-GB/products/295543902,1687616430.658159,"['£4.80', '£4.62/100g']",4.8,£4.62/100g
12926,Greene King Ipa 4X500ml,https://www.tesco.com/groceries/en-GB/products/251442812,1687616430.78436,"['£5.00', '£2.50/litre']",5.0,£2.50/litre
12927,Calvet Malbec Reserve Red Wine 75Cl,https://www.tesco.com/groceries/en-GB/products/306650833,1687616430.851882,"['£7.75', '£7.75/75cl']",7.75,£7.75/75cl
12928,Vk Mix Pack 10 X 275Ml,https://www.tesco.com/groceries/en-GB/products/295431879,1687616430.942229,"['£11.00', '£4.00/litre']",11.0,£4.00/litre
12929,Kylie Minogue Alcohol Free Sparkling Rose 75Cl,https://www.tesco.com/groceries/en-GB/products/312560061,1687616431.031949,"['£6.00', '£6.00/75cl']",6.0,£6.00/75cl
12930,La Gioiosa Prosecco Rose Millesimato 75Cl,https://www.tesco.com/groceries/en-GB/products/309473681,1687616431.1030028,"['£9.00', '£9.00/75cl']",9.0,£9.00/75cl
12931,Tassimo L'or Latte Macchiato Caramel Coffee X7 237.3G,https://www.tesco.com/groceries/en-GB/products/309194763,1687616431.1856809,"['£3.93', '£1.66/100g']",3.93,£1.66/100g
12932,Cawston Press Rhubarb 4X330,https://www.tesco.com/groceries/en-GB/products/298026583,1687616431.257449,"['£4.30', '£0.33/100ml']",4.3,£0.33/100ml
12933,Tetley Earl Grey 50 Tea Bags 125G,https://www.tesco.com/groceries/en-GB/products/309763729,1687616431.326741,"['£2.65', '£2.12/100g']",2.65,£2.12/100g
12934,Penfolds Koonunga Hill Shiraz 750Ml,https://www.tesco.com/groceries/en-GB/products/311667461,1687616431.413407,"['£10.00', '£10.00/75cl']",10.0,£10.00/75cl
12935,Costa Coffee Caramel Latte 250Ml,https://www.tesco.com/groceries/en-GB/products/304407792,1687616431.510595,"['£1.80', '£0.72/100ml']",1.8,£0.72/100ml
12936,Adnams Southwold Bitter 4 X 500Ml Cans,https://www.tesco.com/groceries/en-GB/products/252446829,1687616431.598613,"['£5.50', '£2.75/litre']",5.5,£2.75/litre
12937,Robinsons Fruit Shoot Summerfruits No Added Sugar 8X200ml,https://www.tesco.com/groceries/en-GB/products/264565900,1687616431.669811,"['£3.55', '£0.22/100ml']",3.55,£0.22/100ml
12938,Robinson Cordial Raspberry Orange & Rhubarb 500Ml,https://www.tesco.com/groceries/en-GB/products/298026174,1687616431.7675772,"['£3.00', '£0.60/100ml']",3.0,£0.60/100ml
12939,Hydr8 Still Scottish Mountain Water,https://www.tesco.com/groceries/en-GB/products/312996893,1687616431.860694,"['£1.75', '£0.04/100ml']",1.75,£0.04/100ml
12940,The Straw Hat White 75Cl,https://www.tesco.com/groceries/en-GB/products/285477304,1687616431.928777,"['£4.50', '£4.50/75cl']",4.5,£4.50/75cl
12941,Oatly Organic Oat Drink 1 Litre,https://www.tesco.com/groceries/en-GB/products/306663547,1687616431.99931,"['£2.20', '£2.20/litre']",2.2,£2.20/litre
12942,Wairau Cove Rose 75Cl,https://www.tesco.com/groceries/en-GB/products/301760555,1687616432.066905,"['£7.50', '£7.50/75cl']",7.5,£7.50/75cl
12943,Oasis Citrus Punch 500Ml (N),https://www.tesco.com/groceries/en-GB/products/256942988,1687616438.148097,"['£1.70', '£0.34/100ml']",1.7,£0.34/100ml
12944,Robinsons Orange Barley Water 850Ml,https://www.tesco.com/groceries/en-GB/products/266597064,1687616438.265665,"['£2.25', '£0.26/100ml']",2.25,£0.26/100ml
12945,Robinson Double Strength Summerfruits No Added Sugar Squash 1L,https://www.tesco.com/groceries/en-GB/products/308479912,1687616438.335294,"['£2.50', '£0.25/100ml']",2.5,£0.25/100ml
12946,Red Bull Energy Drink 473Ml,https://www.tesco.com/groceries/en-GB/products/264556446,1687616438.404605,"['£2.40', '£0.51/100ml']",2.4,£0.51/100ml
12947,Aspall Harry Sparrow Cider 500Ml Bottle,https://www.tesco.com/groceries/en-GB/products/287967211,1687616438.527895,"['£2.45', '£4.90/litre']",2.45,£4.90/litre
12948,Tesco Sparkling Rose Grape & Rhubarb Drink 750Ml,https://www.tesco.com/groceries/en-GB/products/304781940,1687616438.621068,"['£1.50', '£0.20/100ml']",1.5,£0.20/100ml
12949,Coca Cola Zero Sugar Vanilla 2L,https://www.tesco.com/groceries/en-GB/products/305944931,1687616438.688616,"['£1.99', '£0.10/100ml']",1.99,£0.10/100ml
12950,Krombacher Pils 660Ml,https://www.tesco.com/groceries/en-GB/products/299789795,1687616438.785812,"['£2.20', '£3.33/litre']",2.2,£3.33/litre
12951,Smirnoff Raspberry Crush Flavoured Vodka & Lemonade 250Ml,https://www.tesco.com/groceries/en-GB/products/311225875,1687616438.879524,"['£2.00', '£8.00/litre']",2.0,£8.00/litre
12952,Heverlee Belgian Lager 660Ml Bottle,https://www.tesco.com/groceries/en-GB/products/297673946,1687616438.969753,"['£2.00', '£3.03/litre']",2.0,£3.03/litre
12953,Gratien & Meyer Cremant De Loire Brut Rose 75Cl,https://www.tesco.com/groceries/en-GB/products/308486009,1687616439.0598888,"['£12.50', '£12.50/75cl']",12.5,£12.50/75cl
12954,Douwe Egberts Pure Decaffeinated Instant Coffee 190G,https://www.tesco.com/groceries/en-GB/products/304383743,1687616439.137265,"['£7.00', '£3.68/100g']",7.0,£3.68/100g
12955,Yellow Tail Rose 75Cl,https://www.tesco.com/groceries/en-GB/products/273896327,1687616439.207254,"['£7.25', '£7.25/75cl']",7.25,£7.25/75cl
12956,Sharp's Doom Bar Can 4X500ml,https://www.tesco.com/groceries/en-GB/products/300228733,1687616439.275702,"['£6.00', '£3.00/litre']",6.0,£3.00/litre
12957,Bottlegreen Ginger & Lemongrass Cordial 50Cl,https://www.tesco.com/groceries/en-GB/products/251646554,1687616439.3431711,"['£4.00', '£0.80/100ml']",4.0,£0.80/100ml
12958,Isla Negra Cabernet Sauvignon 2.25L,https://www.tesco.com/groceries/en-GB/products/287007421,1687616439.412894,"['£14.50', '£4.83/75cl']",14.5,£4.83/75cl
12959,Monin Caramel Syrup 250Ml,https://www.tesco.com/groceries/en-GB/products/280515429,1687616439.50159,"['£3.25', '£1.30/100ml']",3.25,£1.30/100ml
12960,Ocean Spray Cranberry Classic Juice Drink 4 X 1 Litre,https://www.tesco.com/groceries/en-GB/products/254668811,1687616439.5753322,"['£5.90', '£0.15/100ml']",5.9,£0.15/100ml
12961,Plenish Ginger Immunity 4 Shots 240Ml,https://www.tesco.com/groceries/en-GB/products/314586649,1687616439.64203,"['£4.00', '£1.67/100ml']",4.0,£1.67/100ml
12962,Tesco House Blend Coffee Beans 227G,https://www.tesco.com/groceries/en-GB/products/299584795,1687616439.707137,"['£2.80', '£1.23/100g']",2.8,£1.23/100g
12963,Mcguigan Reserve Pinot Grigio 75Cl,https://www.tesco.com/groceries/en-GB/products/310164147,1687616439.8015711,"['£7.25', '£7.25/75cl']",7.25,£7.25/75cl
12965,Clipper Classic Everyday Tea Bags 80Pk 232G,https://www.tesco.com/groceries/en-GB/products/311786481,1687616439.9895308,"['£3.50', '£1.51/100g']",3.5,£1.51/100g
12966,Belvoir Ginger Beer 750Ml,https://www.tesco.com/groceries/en-GB/products/279055162,1687616440.084676,"['£3.25', '£0.43/100ml']",3.25,£0.43/100ml
12967,Tesco Extra Strong Tea 80 Bags 250G,https://www.tesco.com/groceries/en-GB/products/299584956,1687616440.15301,"['£2.00', '£0.80/100g']",2.0,£0.80/100g
12968,Tetley Decaffeinated Green Tea 50S 100G,https://www.tesco.com/groceries/en-GB/products/261160001,1687616440.225701,"['£2.60', '£2.60/100g']",2.6,£2.60/100g
12969,Belvoir Light Elderflower Presse 750Ml,https://www.tesco.com/groceries/en-GB/products/281444753,1687616440.31549,"['£3.25', '£0.43/100ml']",3.25,£0.43/100ml
12970,Echo Falls 9% Summer Berries 750Ml,https://www.tesco.com/groceries/en-GB/products/309769061,1687616440.383839,"['£4.95', '£4.95/75cl']",4.95,£4.95/75cl
12971,Galaxy Light Instant Hot Chocolate 210G,https://www.tesco.com/groceries/en-GB/products/309498899,1687616440.457281,"['£3.15', '£1.50/100g']",3.15,£1.50/100g
12972,Twinings Camomile And Honey 20'S 30G,https://www.tesco.com/groceries/en-GB/products/252230975,1687616440.524825,"['£2.50', '£8.33/100g']",2.5,£8.33/100g
12973,Twinings Strawberry & Raspberry 40G,https://www.tesco.com/groceries/en-GB/products/255672959,1687616440.6148129,"['£2.50', '£6.25/100g']",2.5,£6.25/100g
12974,Yazoo Banana Milkshake 1 Litre Bottle,https://www.tesco.com/groceries/en-GB/products/251328672,1687616440.7045581,"['£2.00', '£0.20/100ml']",2.0,£0.20/100ml
12975,7 Up Free 500Ml,https://www.tesco.com/groceries/en-GB/products/251516616,1687616440.815867,"['£1.45', '£0.29/100ml']",1.45,£0.29/100ml
12976,Monster Energy 500 Ml Can,https://www.tesco.com/groceries/en-GB/products/264556669,1687616440.987042,"['£1.80', '£0.36/100ml']",1.8,£0.36/100ml
12977,St Austells Tribute 4X500ml,https://www.tesco.com/groceries/en-GB/products/259129837,1687616441.101932,"['£5.50', '£2.75/litre']",5.5,£2.75/litre
12978,Tesco Loose Leaf Original Tea 250G,https://www.tesco.com/groceries/en-GB/products/254887252,1687616441.214056,"['£1.50', '£0.60/100g']",1.5,£0.60/100g
12979,Inch's Medium Apple Cider 500Ml,https://www.tesco.com/groceries/en-GB/products/308109827,1687616441.343356,"['£2.45', '£4.90/litre']",2.45,£4.90/litre
12980,Tesco Tropical Twist Smoothie 3X200ml,https://www.tesco.com/groceries/en-GB/products/306938091,1687616441.436576,"['£1.70', '£0.28/100ml']",1.7,£0.28/100ml
12981,Robinsons Mini Orange No Added Sugar Squash 66Ml,https://www.tesco.com/groceries/en-GB/products/308845979,1687616441.5024261,"['£2.00', '£3.03/100ml']",2.0,£3.03/100ml
12982,Absolut Cocktails Espresso Martini 200Ml,https://www.tesco.com/groceries/en-GB/products/314712991,1687616441.577625,"['£2.20', '£11.00/litre']",2.2,£11.00/litre
12983,Funkin Nitro Cocktails Lime Margarita 200Ml,https://www.tesco.com/groceries/en-GB/products/313964060,1687616441.6729002,"['£2.25', '£11.25/litre']",2.25,£11.25/litre
12984,Most Wanted Sauvignon Blanc Rose 187Ml,https://www.tesco.com/groceries/en-GB/products/314119524,1687616441.76193,"['£2.10', '£8.42/75cl']",2.1,£8.42/75cl
12985,Funkin Nitro Cocktails Berry Woo Woo 200Ml,https://www.tesco.com/groceries/en-GB/products/314420817,1687616441.8553338,"['£2.25', '£11.25/litre']",2.25,£11.25/litre
12986,Funkin Cocktails Aperitivo Spritz 250Ml,https://www.tesco.com/groceries/en-GB/products/314318611,1687616441.946775,"['£2.20', '£8.80/litre']",2.2,£8.80/litre
12987,Sunny Delight Florida Style Orange Juice Drink 1 L,https://www.tesco.com/groceries/en-GB/products/264468556,1687616442.0372858,"['£1.10', '£0.11/100ml']",1.1,£0.11/100ml
12988,Lansdown West Coast Ipa 500Ml,https://www.tesco.com/groceries/en-GB/products/300483677,1687616442.105878,"['£1.90', '£3.80/litre']",1.9,£3.80/litre
12989,Most Wanted Sauvignon Blanc Can 187Ml,https://www.tesco.com/groceries/en-GB/products/313739068,1687616442.243656,"['£2.10', '£8.42/75cl']",2.1,£8.42/75cl
12990,Blaumeister Hock 75Cl,https://www.tesco.com/groceries/en-GB/products/311447088,1687616442.341353,"['£4.00', '£4.00/75cl']",4.0,£4.00/75cl
12991,Tesco Finest Valpolicella Ripasso 75Cl,https://www.tesco.com/groceries/en-GB/products/295211063,1687616449.048646,"['£11.50', '£11.50/75cl']",11.5,£11.50/75cl
12992,Wkd Mixed Sparkling Drinks 10 X 250Ml,https://www.tesco.com/groceries/en-GB/products/314093178,1687616449.122734,"['£12.00', '£4.80/litre']",12.0,£4.80/litre
12993,Tesco Finest Saint Chinian 75Cl,https://www.tesco.com/groceries/en-GB/products/283868185,1687616449.218666,"['£9.00', '£9.00/75cl']",9.0,£9.00/75cl
12994,Harveys Bristol Cream Sherry 75Cl Bottle,https://www.tesco.com/groceries/en-GB/products/257467883,1687616449.29058,"['£12.00', '£12.00/75cl']",12.0,£12.00/75cl
12995,Tesco Finest Vinas Del Rey Albarino 75Cl,https://www.tesco.com/groceries/en-GB/products/262557389,1687616449.370189,"['£10.50', '£10.50/75cl']",10.5,£10.50/75cl
12996,Hermesetas Mini Sweeteners 800 Pack,https://www.tesco.com/groceries/en-GB/products/259247714,1687616449.442913,"['£3.30', '£0.00/kg']",3.3,£0.00/kg
12997,Tassimo Creamer From Milk 16 X 21.5G Pods,https://www.tesco.com/groceries/en-GB/products/274445780,1687616449.545093,"['£4.80', '£13.95/kg']",4.8,£13.95/kg
12998,Bacardi Spiced Rum 1L,https://www.tesco.com/groceries/en-GB/products/303215339,1687616449.617414,"['£21.00', '£21.00/litre']",21.0,£21.00/litre
12999,Nescafe Gold Smooth Instant Coffee 200G,https://www.tesco.com/groceries/en-GB/products/274510564,1687616449.7109818,"['£5.99', '£3.00/100g']",5.99,£3.00/100g
13000,Ovaltine Original Add Milk 300G,https://www.tesco.com/groceries/en-GB/products/258492318,1687616449.779746,"['£3.85', '£1.28/100g']",3.85,£1.28/100g
13001,Codorniu Vintage Cava 75Cl,https://www.tesco.com/groceries/en-GB/products/257444582,1687616449.862011,"['£11.00', '£11.00/75cl']",11.0,£11.00/75cl
13002,Aqua Libra Water Sparkling Raspberry & Blackcurrant 4X330ml,https://www.tesco.com/groceries/en-GB/products/309480712,1687616449.956799,"['£3.35', '£0.25/100ml']",3.35,£0.25/100ml
13003,Thatchers Gold Cider 4X500ml Can,https://www.tesco.com/groceries/en-GB/products/262637519,1687616450.0257988,"['£5.00', '£2.50/litre']",5.0,£2.50/litre
13004,Splenda Low Calorie Sweetener Granulated 125G,https://www.tesco.com/groceries/en-GB/products/261149488,1687616450.100511,"['£3.00', '£24.00/kg']",3.0,£24.00/kg
13006,Kenco Millicano Americano Decaff Instant Coffee 100G,https://www.tesco.com/groceries/en-GB/products/274444994,1687616450.264571,"['£6.00', '£6.00/100g']",6.0,£6.00/100g
13007,Duvel 330Ml Bottle,https://www.tesco.com/groceries/en-GB/products/250108871,1687616450.3578932,"['£2.50', '£7.58/litre']",2.5,£7.58/litre
13008,Fever Tree Light Aromatic Tonic Cans 8X150ml,https://www.tesco.com/groceries/en-GB/products/299914037,1687616450.425452,"['£4.75', '£0.40/100ml']",4.75,£0.40/100ml
13009,San Pellegrino Sparkling Water 750Ml,https://www.tesco.com/groceries/en-GB/products/255209801,1687616450.523263,"['£1.70', '£0.23/100ml']",1.7,£0.23/100ml
13010,Cupiolo Pinot Grigio Blush 750Ml,https://www.tesco.com/groceries/en-GB/products/314105229,1687616450.590712,"['£10.00', '£10.00/75cl']",10.0,£10.00/75cl
13011,Tetley Herbal Fresh Mint 20 Tea Bags 32G,https://www.tesco.com/groceries/en-GB/products/306658220,1687616450.682961,"['£1.75', '£5.47/100g']",1.75,£5.47/100g
13012,Tetley Herbal Pure Camomile 20 Tea Bags 30G,https://www.tesco.com/groceries/en-GB/products/306654691,1687616450.7744808,"['£1.75', '£5.83/100g']",1.75,£5.83/100g
13013,Innocent Kids Pineapple Apple & Carrot 4X150ml,https://www.tesco.com/groceries/en-GB/products/305524599,1687616450.8660119,"['£3.60', '£0.60/100ml']",3.6,£0.60/100ml
13014,Tesco Blended Scotch Whisky 1.5 Litre Bottle,https://www.tesco.com/groceries/en-GB/products/255247784,1687616450.958553,"['£24.00', '£16.00/litre']",24.0,£16.00/litre
13015,Yop Drinking Yogurt Raspberry 500G,https://www.tesco.com/groceries/en-GB/products/266000126,1687616451.028543,"['£1.40', '£0.28/100g']",1.4,£0.28/100g
13016,Fruit Shoot Summer Fruits No Added Sugar 4 X 200Ml,https://www.tesco.com/groceries/en-GB/products/264565883,1687616451.108516,"['£2.00', '£0.25/100ml']",2.0,£0.25/100ml
13017,Tyskie Polish Lager 650Ml,https://www.tesco.com/groceries/en-GB/products/290696187,1687616451.191075,"['£2.30', '£3.54/litre']",2.3,£3.54/litre
13018,Coca Cola Zero Cherry 2Ltr,https://www.tesco.com/groceries/en-GB/products/280878448,1687616451.2997,"['£1.99', '£0.10/100ml']",1.99,£0.10/100ml
13019,Funkin Nitro Espresso Martini Cocktail 200Ml,https://www.tesco.com/groceries/en-GB/products/304410689,1687616451.403276,"['£2.25', '£11.25/litre']",2.25,£11.25/litre
13020,Rekorderlig Mango & Raspberry 500Ml Bottle,https://www.tesco.com/groceries/en-GB/products/289044540,1687616451.503679,"['£2.45', '£4.90/litre']",2.45,£4.90/litre
13021,Bacardi Carta Blanca 70Cl,https://www.tesco.com/groceries/en-GB/products/256563839,1687616451.60146,"['£16.50', '£23.57/litre']",16.5,£23.57/litre
13022,JIM BEAM WHITE BOURBON 70CL,https://www.tesco.com/groceries/en-GB/products/255248535,1687616451.676817,"['£18.50', '£26.43/litre']",18.5,£26.43/litre
13023,Absolut Swedish Vodka 70Cl Bottle,https://www.tesco.com/groceries/en-GB/products/256838452,1687616451.815927,"['£21.00', '£30.00/litre']",21.0,£30.00/litre
13024,Martini Rosso Vermouth 75Cl,https://www.tesco.com/groceries/en-GB/products/303837900,1687616451.8909209,"['£10.00', '£10.00/75cl']",10.0,£10.00/75cl
13025,Mouton Cadet Red Bordeaux 75Cl,https://www.tesco.com/groceries/en-GB/products/312343105,1687616451.965603,"['£10.00', '£10.00/75cl']",10.0,£10.00/75cl
13026,Martini Vermouth Dry 75Cl,https://www.tesco.com/groceries/en-GB/products/255506328,1687616452.042384,"['£10.00', '£10.00/75cl']",10.0,£10.00/75cl
13027,Brewdog Mixed Can Pack 12X330ml,https://www.tesco.com/groceries/en-GB/products/299356697,1687616452.1170409,"['£16.00', '£4.04/litre']",16.0,£4.04/litre
13028,Taylors After Dark Ground Coffee 227G,https://www.tesco.com/groceries/en-GB/products/267010372,1687616452.2299461,"['£4.50', '£1.98/100g']",4.5,£1.98/100g
13029,Tesco Drinking Chocolate 400G,https://www.tesco.com/groceries/en-GB/products/299585264,1687616452.4397178,"['£2.80', '£0.70/100g']",2.8,£0.70/100g
13030,Gordon's Pink Gin & Tonic 10X250ml,https://www.tesco.com/groceries/en-GB/products/301744114,1687616452.5110762,"['£16.00', '£6.40/litre']",16.0,£6.40/litre
13031,Tesco Imperial Vodka 35Cl Bottle,https://www.tesco.com/groceries/en-GB/products/255987230,1687616452.601521,"['£6.15', '£17.57/litre']",6.15,£17.57/litre
13032,Peroni Nastro Azzurro 0.0% Beer 4 X 330Ml,https://www.tesco.com/groceries/en-GB/products/311441716,1687616452.6710951,"['£5.00', '£3.79/litre']",5.0,£3.79/litre
13033,Nesquik Banana Flavoured Milkshake Mix 500G,https://www.tesco.com/groceries/en-GB/products/311953151,1687616452.766793,"['£4.75', '£0.95/100g']",4.75,£0.95/100g
13034,Emmi Caffe Latte Cappuccino 230Ml,https://www.tesco.com/groceries/en-GB/products/253978518,1687616452.8343868,"['£1.85', '£0.80/100ml']",1.85,£0.80/100ml
13035,Gallo Family Vineyards Summer Rose 75 Cl,https://www.tesco.com/groceries/en-GB/products/283222955,1687616452.924602,"['£4.50', '£4.50/75cl']",4.5,£4.50/75cl
13036,Not Guilty Pinot Grigio Zero Alcohol 75Cl,https://www.tesco.com/groceries/en-GB/products/314109104,1687616452.994934,"['£5.00', '£5.00/75cl']",5.0,£5.00/75cl
13037,Budweiser Budvar 500Ml,https://www.tesco.com/groceries/en-GB/products/255235216,1687616453.064917,"['£2.25', '£4.50/litre']",2.25,£4.50/litre
13038,Tesco Liebfraumilch 2.25L Wine Box,https://www.tesco.com/groceries/en-GB/products/280048158,1687616453.1660008,"['£13.00', '£4.33/75cl']",13.0,£4.33/75cl
13039,Oatly Oat Drink Chocolate Deluxe I Litre,https://www.tesco.com/groceries/en-GB/products/305529640,1687616459.718577,"['£2.20', '£2.20/litre']",2.2,£2.20/litre
13040,Tesco Extra Dry Vermouth 1 Litre,https://www.tesco.com/groceries/en-GB/products/253778043,1687616459.791193,"['£6.10', '£4.58/75cl']",6.1,£4.58/75cl
13041,Alpro My Cuppa Soya Drink 750Ml,https://www.tesco.com/groceries/en-GB/products/307744208,1687616459.864977,"['£1.95', '£2.60/litre']",1.95,£2.60/litre
13042,Alpro This Is Not M*Lk Semi Oat Drink 1 Litre,https://www.tesco.com/groceries/en-GB/products/310150238,1687616459.940592,"['£2.00', '£2.00/litre']",2.0,£2.00/litre
13043,Eisberg Rose 75Cl Alcohol Free,https://www.tesco.com/groceries/en-GB/products/257849380,1687616460.015149,"['£3.25', '£3.25/75cl']",3.25,£3.25/75cl
13044,Robinsons Fruit Creations Zingy Lemon & Raspberry 1L,https://www.tesco.com/groceries/en-GB/products/310676526,1687616460.086826,"['£2.50', '£0.25/100ml']",2.5,£0.25/100ml
13045,Not Guilty Red Blend Zero Alcohol 75Cl,https://www.tesco.com/groceries/en-GB/products/314434381,1687616460.16303,"['£5.00', '£5.00/75cl']",5.0,£5.00/75cl
13046,Schweppes Slimline Tonic Grapefruit 1 Litre,https://www.tesco.com/groceries/en-GB/products/312564356,1687616460.22997,"['£1.75', '£0.18/100ml']",1.75,£0.18/100ml
13047,Fever Tree Refreshingly Light Rose Lemonade 500Ml,https://www.tesco.com/groceries/en-GB/products/307155024,1687616460.2973042,"['£2.00', '£0.40/100ml']",2.0,£0.40/100ml
13048,Robinson Mini Summer Fruit No Added Sugar Squash 66Ml,https://www.tesco.com/groceries/en-GB/products/308858245,1687616460.367254,"['£2.00', '£3.03/100ml']",2.0,£3.03/100ml
13049,Alpro Coconut Chilled Drink 1 Litre,https://www.tesco.com/groceries/en-GB/products/282925010,1687616460.445822,"['£2.10', '£2.10/litre']",2.1,£2.10/litre
13050,Relentless Origin 500Ml,https://www.tesco.com/groceries/en-GB/products/260274716,1687616460.539437,"['£1.25', '£0.25/100ml']",1.25,£0.25/100ml
13051,Pepsi Max Cherry 500Ml,https://www.tesco.com/groceries/en-GB/products/297132838,1687616460.6546109,"['£1.45', '£0.29/100ml']",1.45,£0.29/100ml
13052,Lipton Ice Tea Peach 500Ml,https://www.tesco.com/groceries/en-GB/products/265633012,1687616460.771588,"['£1.60', '£0.32/100ml']",1.6,£0.32/100ml
13053,Starbucks Skinny Latte 220Ml,https://www.tesco.com/groceries/en-GB/products/277569409,1687616460.8832278,"['£2.20', '£1.00/100ml']",2.2,£1.00/100ml
13054,Aspall Organic Suffolk Cyder Cider 500Ml Bottle,https://www.tesco.com/groceries/en-GB/products/262595297,1687616460.971883,"['£2.45', '£4.90/litre']",2.45,£4.90/litre
13055,Brewdog Lost Lager 660Ml,https://www.tesco.com/groceries/en-GB/products/308084411,1687616461.060748,"['£2.60', '£3.94/litre']",2.6,£3.94/litre
13056,Thatchers Blood Orange Cider 500Ml,https://www.tesco.com/groceries/en-GB/products/310099541,1687616461.151912,"['£2.30', '£4.60/litre']",2.3,£4.60/litre
13057,St Austell Korev 500Ml,https://www.tesco.com/groceries/en-GB/products/279490112,1687616461.247791,"['£2.20', '£4.40/litre']",2.2,£4.40/litre
13058,Hardys Crest Chardonnay 187Ml,https://www.tesco.com/groceries/en-GB/products/305967989,1687616461.336033,"['£2.10', '£8.42/75cl']",2.1,£8.42/75cl
13059,Kopparberg Mixed Fruit Alcohol Free 500Ml,https://www.tesco.com/groceries/en-GB/products/268265483,1687616461.460402,"['£1.45', '£2.90/litre']",1.45,£2.90/litre
13060,Tesco Pure Orange Juice With Bits 1L,https://www.tesco.com/groceries/en-GB/products/251741199,1687616461.5488498,"['£1.15', '£0.12/100ml']",1.15,£0.12/100ml
13061,Tetley Original Tea Bags 600 Pack 1.875Kg,https://www.tesco.com/groceries/en-GB/products/309203339,1687616461.637701,"['£11.00', '£0.59/100g']",11.0,£0.59/100g
13062,De Kuyper Cherry Brandy Liqueur 50Cl,https://www.tesco.com/groceries/en-GB/products/250413394,1687616461.709664,"['£12.00', '£24.00/litre']",12.0,£24.00/litre
13063,Jack Daniel's Tennessee Whiskey Mclaren 700Ml,https://www.tesco.com/groceries/en-GB/products/314096699,1687616461.799329,"['£28.00', '£40.00/litre']",28.0,£40.00/litre
13064,Pukka Supreme Matcha Green 20 Tea Bags 30G,https://www.tesco.com/groceries/en-GB/products/281507288,1687616461.873827,"['£4.00', '£13.33/100g']",4.0,£13.33/100g
13065,Melini Chianti Governo Docg 75Cl,https://www.tesco.com/groceries/en-GB/products/299599524,1687616461.9419909,"['£9.00', '£9.00/75cl']",9.0,£9.00/75cl
13066,S.Pellegrino Sparkling Mineral Water 6X0.5L,https://www.tesco.com/groceries/en-GB/products/312847696,1687616462.034368,"['£3.95', '£0.13/100ml']",3.95,£0.13/100ml
13067,Carling 10X440ml,https://www.tesco.com/groceries/en-GB/products/253607419,1687616462.159629,"['£9.49', '£2.16/litre']",9.49,£2.16/litre
13068,Tassimo L'or. Americano Coffee Pods X14 116.2G,https://www.tesco.com/groceries/en-GB/products/309174509,1687616462.260981,"['£3.93', '£3.38/100g']",3.93,£3.38/100g
13069,Kopparberg Premium Cider Mixed Fruit Alcohol Free 4X330ml,https://www.tesco.com/groceries/en-GB/products/305973815,1687616462.327338,"['£3.50', '£2.65/litre']",3.5,£2.65/litre
13070,Cawston Press Elderflower Lemonade 4X330ml,https://www.tesco.com/groceries/en-GB/products/298026623,1687616462.394384,"['£4.30', '£0.33/100ml']",4.3,£0.33/100ml
13071,Tesco Low Alcohol Sauvignon Blanc 75Cl,https://www.tesco.com/groceries/en-GB/products/296671070,1687616462.499192,"['£3.50', '£3.50/75cl']",3.5,£3.50/75cl
13072,Fanta Orange 18 X 330Ml,https://www.tesco.com/groceries/en-GB/products/305963735,1687616462.5674171,"['£7.49', '£0.13/100ml']",7.49,£0.13/100ml
13073,Monster Mango Loco Energy Drink 4X500ml,https://www.tesco.com/groceries/en-GB/products/306933469,1687616462.659679,"['£5.80', '£0.29/100ml']",5.8,£0.29/100ml
13074,Tesco Fino Sherry 1 Litre,https://www.tesco.com/groceries/en-GB/products/255246468,1687616462.729836,"['£7.55', '£5.66/75cl']",7.55,£5.66/75cl
13075,Birra Moretti 10 X 330Ml,https://www.tesco.com/groceries/en-GB/products/310160324,1687616462.802549,"['£10.99', '£3.33/litre']",10.99,£3.33/litre
13076,Freixenet Pinot Grigio 75Cl,https://www.tesco.com/groceries/en-GB/products/306665257,1687616462.891753,"['£9.00', '£9.00/75cl']",9.0,£9.00/75cl
13077,Rocks Blackcurrant Squash 740Ml,https://www.tesco.com/groceries/en-GB/products/312089302,1687616462.9870121,"['£3.40', '£0.46/100ml']",3.4,£0.46/100ml
13078,Trivento Reserve Shiraz 75Cl,https://www.tesco.com/groceries/en-GB/products/289932946,1687616463.0751219,"['£8.00', '£8.00/75cl']",8.0,£8.00/75cl
13079,Evian Water 1L,https://www.tesco.com/groceries/en-GB/products/272308641,1687616463.1654642,"['£1.10', '£0.11/100ml']",1.1,£0.11/100ml
13080,Robinsons Fruit Shoot Apple No Added Sugar 8X200ml,https://www.tesco.com/groceries/en-GB/products/256691606,1687616463.230599,"['£3.55', '£0.22/100ml']",3.55,£0.22/100ml
13081,Leffe Blonde 0% Alcohol Free Beer 6X250ml,https://www.tesco.com/groceries/en-GB/products/307136122,1687616463.317079,"['£4.50', '£3.00/litre']",4.5,£3.00/litre
13082,Ribena No Added Sugar Blackcurrant Cartons 6X250ml,https://www.tesco.com/groceries/en-GB/products/306502059,1687616463.3817909,"['£2.65', '£0.18/100ml']",2.65,£0.18/100ml
13083,Vita Coco Natural Coconut Water 1L,https://www.tesco.com/groceries/en-GB/products/268094074,1687616463.4526641,"['£4.00', '£0.40/100ml']",4.0,£0.40/100ml
13084,Fruli Strawberry Beer 330Ml,https://www.tesco.com/groceries/en-GB/products/273675497,1687616463.539534,"['£1.90', '£5.76/litre']",1.9,£5.76/litre
13085,Ocean Spray Sparkling Cranberry Raspberry 1 Litre,https://www.tesco.com/groceries/en-GB/products/291107585,1687616463.633866,"['£1.00', '£0.10/100ml']",1.0,£0.10/100ml
13086,Fanta Orange 500Ml,https://www.tesco.com/groceries/en-GB/products/252061921,1687616463.72425,"['£1.70', '£0.34/100ml']",1.7,£0.34/100ml
13087,Por Do Sol. Portuguese Rose 75Cl,https://www.tesco.com/groceries/en-GB/products/311692729,1687616470.985982,"['£4.80', '£4.80/75cl']",4.8,£4.80/75cl
13088,Nescafe Original Decaffeinated Coffee 100G,https://www.tesco.com/groceries/en-GB/products/254889371,1687616471.10382,"['£2.49', '£2.49/100g']",2.49,£2.49/100g
13089,Tesco Argentinian Malbec 2.25L,https://www.tesco.com/groceries/en-GB/products/306810161,1687616471.2313228,"['£13.25', '£4.42/75cl']",13.25,£4.42/75cl
13090,Tesco Chocolate Sugar Dusting 70G,https://www.tesco.com/groceries/en-GB/products/309493720,1687616471.304244,"['£1.00', '£1.43/100g']",1.0,£1.43/100g
13091,Tesco Green Tea With Lemon Tea Bags 20S 50G,https://www.tesco.com/groceries/en-GB/products/264579481,1687616471.373736,"['£0.80', '£1.60/100g']",0.8,£1.60/100g
13092,Saltaire Blonde Ale 500Ml,https://www.tesco.com/groceries/en-GB/products/268566236,1687616471.446073,"['£1.90', '£3.80/litre']",1.9,£3.80/litre
13093,Angelo Poretti 4 Hops Premium Lager 660Ml,https://www.tesco.com/groceries/en-GB/products/311259351,1687616471.5366662,"['£2.20', '£3.33/litre']",2.2,£3.33/litre
13094,Volvic Touch Of Fruit Lemon And Lime 1.5Ltr,https://www.tesco.com/groceries/en-GB/products/262450751,1687616471.6267111,"['£1.25', '£0.08/100ml']",1.25,£0.08/100ml
13095,Sundown Beach White Zinfandel 75Cl,https://www.tesco.com/groceries/en-GB/products/310650551,1687616471.716846,"['£4.75', '£4.75/75cl']",4.75,£4.75/75cl
13096,Freixenet Italian Rose 20Cl,https://www.tesco.com/groceries/en-GB/products/303183601,1687616471.798351,"['£3.75', '£14.06/75cl']",3.75,£14.06/75cl
13097,Veuve Clicquot Brut Yellow Label Champagne 75Cl,https://www.tesco.com/groceries/en-GB/products/255245947,1687616471.898135,"['£48.00', '£48.00/75cl']",48.0,£48.00/75cl
13098,Absolut Vanilla Vodka 70Cl,https://www.tesco.com/groceries/en-GB/products/258428243,1687616471.9686,"['£21.00', '£30.00/litre']",21.0,£30.00/litre
13099,Hooch Mixed Alcoholic Drinks 8 X 440Ml,https://www.tesco.com/groceries/en-GB/products/314416950,1687616472.039039,"['£15.00', '£4.26/litre']",15.0,£4.26/litre
13100,Archers Peach County Schnapps 70Cl,https://www.tesco.com/groceries/en-GB/products/265638116,1687616472.108219,"['£13.50', '£19.29/litre']",13.5,£19.29/litre
13101,Tesco Blue Spark Sugar Free 24X250ml,https://www.tesco.com/groceries/en-GB/products/301421220,1687616472.181442,"['£9.00', '£0.15/100ml']",9.0,£0.15/100ml
13102,Mirabeau Belle Annee Rose 75Cl,https://www.tesco.com/groceries/en-GB/products/308865553,1687616472.2540412,"['£9.00', '£9.00/75cl']",9.0,£9.00/75cl
13103,Innocent Invigorate Super Smoothie 750Ml,https://www.tesco.com/groceries/en-GB/products/305521078,1687616472.324897,"['£4.50', '£0.60/100ml']",4.5,£0.60/100ml
13104,Kumala Reserve Chenin Blanc 75Cl,https://www.tesco.com/groceries/en-GB/products/272783192,1687616472.392479,"['£7.00', '£7.00/75cl']",7.0,£7.00/75cl
13105,Trivento Golden Reserve Malbec 75Cl,https://www.tesco.com/groceries/en-GB/products/293517995,1687616472.4609559,"['£15.00', '£15.00/75cl']",15.0,£15.00/75cl
13106,Greenalls Gin Wild Berry 37.5% 1 Litre,https://www.tesco.com/groceries/en-GB/products/302142018,1687616472.550234,"['£20.50', '£20.50/litre']",20.5,£20.50/litre
13107,Smirnoff Ice Original Vodka Mixed Drink 10X250ml,https://www.tesco.com/groceries/en-GB/products/313002548,1687616472.640022,"['£13.00', '£5.20/litre']",13.0,£5.20/litre
13108,Drink Me Spiced Chai Latte 250G,https://www.tesco.com/groceries/en-GB/products/256691134,1687616472.732449,"['£2.80', '£1.12/100g']",2.8,£1.12/100g
13109,Trivento Malbec Rose Wine 75Cl,https://www.tesco.com/groceries/en-GB/products/305977022,1687616472.8004858,"['£8.00', '£8.00/75cl']",8.0,£8.00/75cl
13110,Innocent Exotic Energise Super Smoothie 750Ml,https://www.tesco.com/groceries/en-GB/products/313855552,1687616472.889169,"['£4.30', '£0.57/100ml']",4.3,£0.57/100ml
13111,Mcguigan Zero Sauvignon Blanc 75Cl,https://www.tesco.com/groceries/en-GB/products/306493137,1687616472.956862,"['£4.00', '£4.00/75cl']",4.0,£4.00/75cl
13112,Mcguigan Zero Shiraz 75Cl,https://www.tesco.com/groceries/en-GB/products/306492668,1687616473.028849,"['£4.00', '£4.00/75cl']",4.0,£4.00/75cl
13113,Twinings Cranberry And Raspberry 20S 40G,https://www.tesco.com/groceries/en-GB/products/252169593,1687616473.0981262,"['£2.50', '£6.25/100g']",2.5,£6.25/100g
13114,Gordon's Gin &Tonic 250Ml Can,https://www.tesco.com/groceries/en-GB/products/285490057,1687616473.2527401,"['£2.25', '£9.00/litre']",2.25,£9.00/litre
13115,Scrumpy Jack Apple Cider 4X440ml Can,https://www.tesco.com/groceries/en-GB/products/276688264,1687616473.345809,"['£4.65', '£2.64/litre']",4.65,£2.64/litre
13116,Diet Coke 6 X 250Ml,https://www.tesco.com/groceries/en-GB/products/308856149,1687616473.412962,"['£3.20', '£0.21/100ml']",3.2,£0.21/100ml
13117,Tesco White Rum 1L,https://www.tesco.com/groceries/en-GB/products/255249091,1687616473.478512,"['£15.00', '£15.00/litre']",15.0,£15.00/litre
13118,Bombay Presse Citrus Collins Lemon Gin Cocktail 250Ml,https://www.tesco.com/groceries/en-GB/products/313860507,1687616473.549082,"['£2.50', '£10.00/litre']",2.5,£10.00/litre
13119,Blue Moon Wheat Beer 330Ml,https://www.tesco.com/groceries/en-GB/products/293316426,1687616473.637789,"['£2.00', '£6.06/litre']",2.0,£6.06/litre
13121,Fanta Orange Zero 500Ml,https://www.tesco.com/groceries/en-GB/products/255339785,1687616473.800004,"['£1.70', '£0.34/100ml']",1.7,£0.34/100ml
13122,N-Gine Energy Drink Blue 250Ml,https://www.tesco.com/groceries/en-GB/products/274483993,1687616473.912469,"['£0.45', '£0.18/100ml']",0.45,£0.18/100ml
13123,Vista Castelli Montepulciano Dabruzzo 75Cl,https://www.tesco.com/groceries/en-GB/products/310670924,1687616473.980839,"['£4.75', '£4.75/75cl']",4.75,£4.75/75cl
13124,Carling Lager 4X440ml,https://www.tesco.com/groceries/en-GB/products/265261987,1687616474.058093,"['£4.00', '£2.27/litre']",4.0,£2.27/litre
13125,Erdinger Dunkel 500Ml,https://www.tesco.com/groceries/en-GB/products/271028403,1687616474.14373,"['£2.20', '£4.40/litre']",2.2,£4.40/litre
13126,Kopparberg Premium Cider With Cherry 500Ml,https://www.tesco.com/groceries/en-GB/products/305439245,1687616474.233419,"['£2.30', '£4.60/litre']",2.3,£4.60/litre
13127,Rubicon Mango Exotic Juice Drink 288Ml,https://www.tesco.com/groceries/en-GB/products/261625437,1687616474.3238888,"['£0.60', '£0.21/100ml']",0.6,£0.21/100ml
13128,Black Sheep Cry Wolf Black Ipa 500Ml,https://www.tesco.com/groceries/en-GB/products/310120378,1687616474.399404,"['£1.80', '£3.60/litre']",1.8,£3.60/litre
13129,Adnams Ease Up Ipa 500Ml,https://www.tesco.com/groceries/en-GB/products/292759427,1687616474.497805,"['£1.90', '£3.80/litre']",1.9,£3.80/litre
13130,Casa Mana Chardonnay 187Ml,https://www.tesco.com/groceries/en-GB/products/311668955,1687616474.5860941,"['£1.60', '£6.42/75cl']",1.6,£6.42/75cl
13131,Captain Morgan Spiced Rum And Cola 330Ml,https://www.tesco.com/groceries/en-GB/products/295685780,1687616474.674109,"['£2.35', '£7.12/litre']",2.35,£7.12/litre
13132,Cave Des Roches Malbec 75Cl,https://www.tesco.com/groceries/en-GB/products/311443000,1687616474.765835,"['£5.00', '£5.00/75cl']",5.0,£5.00/75cl
13133,Tesco Dark Rum 1L,https://www.tesco.com/groceries/en-GB/products/255249160,1687616474.8364701,"['£15.25', '£15.25/litre']",15.25,£15.25/litre
13134,Bardinet Vsop French Brandy 1Litre,https://www.tesco.com/groceries/en-GB/products/290225452,1687616474.903973,"['£20.00', '£20.00/litre']",20.0,£20.00/litre
13135,Innocent Kids Smoothie Apple & Blackcurrant 10X150ml,https://www.tesco.com/groceries/en-GB/products/309202202,1687616480.3901849,"['£7.00', '£0.47/100ml']",7.0,£0.47/100ml
13136,Tesco Finest Raspberry Ripple Irish Cream Liqueur 70Cl,https://www.tesco.com/groceries/en-GB/products/310670089,1687616480.45983,"['£13.00', '£18.57/litre']",13.0,£18.57/litre
13137,Tesco Low Alcohol Cabernet Tempranillo 75Cl,https://www.tesco.com/groceries/en-GB/products/296671593,1687616480.53155,"['£3.50', '£3.50/75cl']",3.5,£3.50/75cl
13138,Gallo Family Vineyards Chardonnay 75Cl,https://www.tesco.com/groceries/en-GB/products/256651136,1687616480.596899,"['£6.50', '£6.50/75cl']",6.5,£6.50/75cl
13139,Freixenet Italian Rose 75Cl.,https://www.tesco.com/groceries/en-GB/products/306802729,1687616480.6812851,"['£9.00', '£9.00/75cl']",9.0,£9.00/75cl
13140,Most Wanted Pinot Grigio Wine 75Cl,https://www.tesco.com/groceries/en-GB/products/311949099,1687616480.744572,"['£7.00', '£7.00/75cl']",7.0,£7.00/75cl
13141,Campari Bitter 70Cl Bottle,https://www.tesco.com/groceries/en-GB/products/256420341,1687616480.81207,"['£17.00', '£24.29/litre']",17.0,£24.29/litre
13142,Twinings Luxury Chocolate Drink 350G,https://www.tesco.com/groceries/en-GB/products/258454672,1687616480.90501,"['£4.50', '£1.29/100g']",4.5,£1.29/100g
13143,Mellow Birds Instant Coffee 200G,https://www.tesco.com/groceries/en-GB/products/254889837,1687616480.988528,"['£5.65', '£2.82/100g']",5.65,£2.82/100g
13145,St Helen's Fresh Skimmed Goats Milk 1L,https://www.tesco.com/groceries/en-GB/products/264016416,1687616481.131166,"['£2.15', '£2.15/litre']",2.15,£2.15/litre
13146,Monin Vanilla Syrup 25Cl,https://www.tesco.com/groceries/en-GB/products/280515660,1687616481.198702,"['£3.25', '£1.30/100ml']",3.25,£1.30/100ml
13148,Kopparberg Strawberry & Lime 4X330ml Can,https://www.tesco.com/groceries/en-GB/products/275399014,1687616481.360182,"['£5.00', '£3.79/litre']",5.0,£3.79/litre
13149,Monster Absolute Zero 4X500ml,https://www.tesco.com/groceries/en-GB/products/281282926,1687616481.42226,"['£5.20', '£0.26/100ml']",5.2,£0.26/100ml
13150,Belvoir Farm Passion Fruit Martini Non Alcoholic 750Ml,https://www.tesco.com/groceries/en-GB/products/309183315,1687616481.483291,"['£3.25', '£0.43/100ml']",3.25,£0.43/100ml
13151,Tetley Lemon Green Tea 50S 100G,https://www.tesco.com/groceries/en-GB/products/265120279,1687616481.5445619,"['£2.60', '£2.60/100g']",2.6,£2.60/100g
13152,Captain Morgan Original Spiced Gold 70Cl,https://www.tesco.com/groceries/en-GB/products/264416916,1687616481.633311,"['£16.50', '£23.57/litre']",16.5,£23.57/litre
13153,Arctic Coffee Intenso 330Ml,https://www.tesco.com/groceries/en-GB/products/309461999,1687616481.7142909,"['£1.10', '£0.33/100ml']",1.1,£0.33/100ml
13154,Tesco Low Alcohol Sparkling White Wine 75Cl,https://www.tesco.com/groceries/en-GB/products/298040346,1687616481.779467,"['£3.50', '£3.50/75cl']",3.5,£3.50/75cl
13155,Windsor Castle London Dry Gin 70Cl,https://www.tesco.com/groceries/en-GB/products/291724948,1687616481.842595,"['£10.89', '£15.56/litre']",10.89,£15.56/litre
13156,Crabbie's Alcoholic Rhubarb Ginger Beer 500Ml,https://www.tesco.com/groceries/en-GB/products/305729841,1687616481.906492,"['£1.80', '£3.60/litre']",1.8,£3.60/litre
13157,Rubicon Lychee Juice Drink 1 Litre,https://www.tesco.com/groceries/en-GB/products/251286340,1687616481.9885912,"['£1.70', '£0.17/100ml']",1.7,£0.17/100ml
13158,The Straw Hat Red 75Cl,https://www.tesco.com/groceries/en-GB/products/285477477,1687616482.078071,"['£4.50', '£4.50/75cl']",4.5,£4.50/75cl
13159,Malibu Sparkling Strawberry Daquiri Cocktail 250Ml,https://www.tesco.com/groceries/en-GB/products/313951991,1687616482.175551,"['£2.25', '£9.00/litre']",2.25,£9.00/litre
13160,All Shook Up Strawberry Daiquiri 250Ml,https://www.tesco.com/groceries/en-GB/products/306808699,1687616482.267244,"['£1.85', '£7.40/litre']",1.85,£7.40/litre
13161,Edinburgh Gin Strawberry & Pink Peppercorn 250Ml,https://www.tesco.com/groceries/en-GB/products/313612863,1687616482.359335,"['£2.20', '£8.80/litre']",2.2,£8.80/litre
13162,Blaumeister Riesling 75Cl,https://www.tesco.com/groceries/en-GB/products/311668068,1687616482.452418,"['£5.00', '£5.00/75cl']",5.0,£5.00/75cl
13163,Funkin Nitro Cocktail Strawberry Daiquiri 200Ml,https://www.tesco.com/groceries/en-GB/products/309192615,1687616482.5293891,"['£2.25', '£11.25/litre']",2.25,£11.25/litre
13164,Super Bock Lager 66Cl,https://www.tesco.com/groceries/en-GB/products/311690530,1687616482.61679,"['£2.50', '£3.79/litre']",2.5,£3.79/litre
13165,Sheppy's Oak Matured Cider 500Ml Bottle,https://www.tesco.com/groceries/en-GB/products/268773428,1687616482.705208,"['£2.30', '£4.60/litre']",2.3,£4.60/litre
13166,Corona Extra Lager 620Ml,https://www.tesco.com/groceries/en-GB/products/308097897,1687616482.7951071,"['£2.50', '£4.03/litre']",2.5,£4.03/litre
13167,Tesco Finest Premier Cru Non Vintage Champagne 37.5Cl,https://www.tesco.com/groceries/en-GB/products/255245423,1687616482.893576,"['£14.00', '£28.00/75cl']",14.0,£28.00/75cl
13168,Yellow Tail Sparkling Rose Wine 750Ml,https://www.tesco.com/groceries/en-GB/products/302302399,1687616482.961535,"['£10.00', '£10.00/75cl']",10.0,£10.00/75cl
13169,Villa Maria Private Bin Chardonnay 75Cl,https://www.tesco.com/groceries/en-GB/products/262250106,1687616483.033717,"['£10.00', '£10.00/75cl']",10.0,£10.00/75cl
13170,Aperol 100Cl .,https://www.tesco.com/groceries/en-GB/products/303299499,1687616483.100276,"['£20.00', '£20.00/litre']",20.0,£20.00/litre
13171,Yellow Tail Jammy Rose Roo Wine 750Ml,https://www.tesco.com/groceries/en-GB/products/311201788,1687616483.281918,"['£7.25', '£7.25/75cl']",7.25,£7.25/75cl
13172,Costa Amazonian Blend Whole Coffee Beans 200G,https://www.tesco.com/groceries/en-GB/products/309491526,1687616483.367865,"['£4.00', '£2.00/100g']",4.0,£2.00/100g
13173,Haig Club Clubman Whisky 70Cl,https://www.tesco.com/groceries/en-GB/products/293818783,1687616483.4384499,"['£28.00', '£40.00/litre']",28.0,£40.00/litre
13174,Barossa Ink Shiraz 75Cl,https://www.tesco.com/groceries/en-GB/products/295459547,1687616483.531569,"['£10.00', '£10.00/75cl']",10.0,£10.00/75cl
13175,Por Do Sol. Vinho Verde 75Cl,https://www.tesco.com/groceries/en-GB/products/311445326,1687616483.620223,"['£5.25', '£5.25/75cl']",5.25,£5.25/75cl
13176,Jam Shed Rose 75Cl,https://www.tesco.com/groceries/en-GB/products/308864427,1687616483.698526,"['£7.00', '£7.00/75cl']",7.0,£7.00/75cl
13177,Tesco Espresso Ground Coffee 227G,https://www.tesco.com/groceries/en-GB/products/300345830,1687616483.789518,"['£2.80', '£1.23/100g']",2.8,£1.23/100g
13178,Guinness Cold Brew Coffee Beer 4 X 440Ml,https://www.tesco.com/groceries/en-GB/products/311222187,1687616483.856437,"['£6.50', '£3.69/litre']",6.5,£3.69/litre
13179,La Chouffe Strong Blonde Golden Ale 330Ml,https://www.tesco.com/groceries/en-GB/products/297686551,1687616483.921461,"['£2.50', '£7.58/litre']",2.5,£7.58/litre
13180,Marques De Carano Gran Reservado 75Cl,https://www.tesco.com/groceries/en-GB/products/259738807,1687616483.988838,"['£6.00', '£6.00/75cl']",6.0,£6.00/75cl
13181,Red Stripe Lager 6 X 330Ml,https://www.tesco.com/groceries/en-GB/products/305949442,1687616484.0581172,"['£7.25', '£3.66/litre']",7.25,£3.66/litre
13182,Twinings Lemon And Ginger 80S 120G,https://www.tesco.com/groceries/en-GB/products/267011152,1687616484.12649,"['£4.00', '£3.33/100g']",4.0,£3.33/100g
13183,Tesco Special Reserve Scotch Whisky 70Cl,https://www.tesco.com/groceries/en-GB/products/255986830,1687616490.3493,"['£12.50', '£17.86/litre']",12.5,£17.86/litre
13184,Monster Energy Ultra Fiesta Mango Drink 4 X 500Ml,https://www.tesco.com/groceries/en-GB/products/308478216,1687616490.674857,"['£5.20', '£0.26/100ml']",5.2,£0.26/100ml
13185,Monster Origin Energy Drink 4 X 500Ml,https://www.tesco.com/groceries/en-GB/products/272620610,1687616490.8099918,"['£5.80', '£0.29/100ml']",5.8,£0.29/100ml
13186,Clipper Organic 40 Bags Of Earl Grey Tea 96G,https://www.tesco.com/groceries/en-GB/products/306652635,1687616490.883362,"['£2.95', '£3.07/100g']",2.95,£3.07/100g
13187,Hardys Zero Alcohol Free Chardonnay 75Cl,https://www.tesco.com/groceries/en-GB/products/303390338,1687616490.9507918,"['£4.00', '£4.00/75cl']",4.0,£4.00/75cl
13188,Fever-Tree Light Ginger Beer 4X250ml,https://www.tesco.com/groceries/en-GB/products/312089803,1687616491.040498,"['£4.00', '£0.40/100ml']",4.0,£0.40/100ml
13189,Belvoir Farm Non Alcoholic Peach Bellini 750Ml,https://www.tesco.com/groceries/en-GB/products/310653907,1687616491.140667,"['£3.25', '£0.43/100ml']",3.25,£0.43/100ml
13190,Thatchers Blood Orange Cider 4 X 440Ml,https://www.tesco.com/groceries/en-GB/products/310697305,1687616491.2111301,"['£5.50', '£3.12/litre']",5.5,£3.12/litre
13191,Delamere Skimmed Sterilised Milk 1L,https://www.tesco.com/groceries/en-GB/products/256659600,1687616491.28837,"['£1.20', '£1.20/litre']",1.2,£1.20/litre
13192,Pimm's Ready To Drink 250Ml Can,https://www.tesco.com/groceries/en-GB/products/264089830,1687616491.360262,"['£2.25', '£9.00/litre']",2.25,£9.00/litre
13193,Silver Bay Point Red 75Cl,https://www.tesco.com/groceries/en-GB/products/266797144,1687616491.460628,"['£3.95', '£3.95/75cl']",3.95,£3.95/75cl
13194,Marques De Los Zancos Rioja 75Cl,https://www.tesco.com/groceries/en-GB/products/311216523,1687616491.536986,"['£5.25', '£5.25/75cl']",5.25,£5.25/75cl
13195,Monster Energy Ultra 500Ml,https://www.tesco.com/groceries/en-GB/products/290328463,1687616491.60974,"['£1.70', '£0.34/100ml']",1.7,£0.34/100ml
13196,Koko Dairy Free Original Plus Calcium 1 Litre,https://www.tesco.com/groceries/en-GB/products/276993737,1687616491.719414,"['£1.80', '£1.80/litre']",1.8,£1.80/litre
13197,Coco-Cola Zero Sugar 6X250ml,https://www.tesco.com/groceries/en-GB/products/309200469,1687616491.7848818,"['£3.20', '£0.21/100ml']",3.2,£0.21/100ml
13198,Shaken Udder Chocolush Milk Shake 750Ml,https://www.tesco.com/groceries/en-GB/products/302300689,1687616491.852551,"['£2.45', '£0.00/litre']",2.45,£0.00/litre
13199,Gatorade Cool Blue 500Ml,https://www.tesco.com/groceries/en-GB/products/287043106,1687616491.9421551,"['£1.45', '£0.29/100ml']",1.45,£0.29/100ml
13200,Stella Artois Unfiltered Lager Beer 620Ml,https://www.tesco.com/groceries/en-GB/products/311779271,1687616492.097168,"['£2.25', '£3.63/litre']",2.25,£3.63/litre
13201,Ocean Spray Cranberry & Apple Juice Drink 1L,https://www.tesco.com/groceries/en-GB/products/304384270,1687616492.1884239,"['£1.75', '£0.18/100ml']",1.75,£0.18/100ml
13202,Volvic Sports Cap Water 1Ltr,https://www.tesco.com/groceries/en-GB/products/250267952,1687616492.257014,"['£1.00', '£0.10/100ml']",1.0,£0.10/100ml
13203,Dead Man's Fingers Spiced Rum 37.5% 70Cl,https://www.tesco.com/groceries/en-GB/products/303390959,1687616492.37251,"['£22.00', '£31.43/litre']",22.0,£31.43/litre
13204,Dewar's 12Yo Blended Whisky 70Cl,https://www.tesco.com/groceries/en-GB/products/293818702,1687616492.4631512,"['£29.50', '£42.14/litre']",29.5,£42.14/litre
13205,Passoa 70Cl,https://www.tesco.com/groceries/en-GB/products/271215625,1687616492.5337422,"['£12.50', '£17.86/litre']",12.5,£17.86/litre
13206,Jagermeister 70Cl,https://www.tesco.com/groceries/en-GB/products/261104017,1687616492.61509,"['£19.00', '£27.14/litre']",19.0,£27.14/litre
13208,Tesco Italian Inspired Coffee Beans Medium - Strong 454G,https://www.tesco.com/groceries/en-GB/products/307152494,1687616492.779677,"['£4.70', '£1.04/100g']",4.7,£1.04/100g
13209,Teapigs Peppermint & Liquorice Tea Bags 15'S 45G,https://www.tesco.com/groceries/en-GB/products/276899095,1687616492.8487098,"['£4.15', '£9.22/100g']",4.15,£9.22/100g
13210,Camden Hells Lager 12 X 330Ml,https://www.tesco.com/groceries/en-GB/products/310092427,1687616492.918614,"['£15.00', '£3.79/litre']",15.0,£3.79/litre
13211,Brewdog Hazy Jane Guava New England Ipa 4 X 330Ml,https://www.tesco.com/groceries/en-GB/products/309496446,1687616493.0084858,"['£6.00', '£4.54/litre']",6.0,£4.54/litre
13212,Kenco Millicano Americano Intense Instant Coffee 95G,https://www.tesco.com/groceries/en-GB/products/286414502,1687616493.082644,"['£6.00', '£6.32/100g']",6.0,£6.32/100g
13213,"Twinings Superblends Menopause Cool Moments Peach, Lemon Balm, Honeybush & Vitamin B6 20 Tea Bags 40g",https://www.tesco.com/groceries/en-GB/products/314431620,1687616493.196747,"['£3.50', '£8.75/100g']",3.5,£8.75/100g
13214,Desperados 650Ml,https://www.tesco.com/groceries/en-GB/products/283910400,1687616493.271637,"['£3.10', '£4.77/litre']",3.1,£4.77/litre
13215,Penfolds Koonunga Hill Shiraz Cabernet 75Cl,https://www.tesco.com/groceries/en-GB/products/257173026,1687616493.341802,"['£10.00', '£10.00/75cl']",10.0,£10.00/75cl
13216,Emmi Caffe Latte Mr Big Skinny 370Ml,https://www.tesco.com/groceries/en-GB/products/296457330,1687616493.4457831,"['£2.65', '£0.72/100ml']",2.65,£0.72/100ml
13217,Beet It Juice 1L,https://www.tesco.com/groceries/en-GB/products/275216744,1687616493.6434062,"['£3.10', '£0.31/100ml']",3.1,£0.31/100ml
13218,Innis & Gunn Original 330Ml,https://www.tesco.com/groceries/en-GB/products/257815529,1687616493.71717,"['£1.95', '£5.91/litre']",1.95,£5.91/litre
13219,Costa Salted Caramel Latte Coffee 6X17g,https://www.tesco.com/groceries/en-GB/products/313169581,1687616493.835487,"['£2.00', '£1.96/100g']",2.0,£1.96/100g
13220,Budweiser 4X440ml,https://www.tesco.com/groceries/en-GB/products/253234382,1687616493.9143739,"['£4.75', '£2.70/litre']",4.75,£2.70/litre
13221,Monster Juiced Mango Loco 500Ml,https://www.tesco.com/groceries/en-GB/products/303068069,1687616494.013272,"['£1.80', '£0.36/100ml']",1.8,£0.36/100ml
13222,Tango Apple Sugar Free 500Ml Bottle,https://www.tesco.com/groceries/en-GB/products/310662266,1687616494.131325,"['£1.45', '£0.29/100ml']",1.45,£0.29/100ml
13223,Tesco Sweetened Coconut Milk Alternative 1L,https://www.tesco.com/groceries/en-GB/products/300118119,1687616494.258881,"['£1.25', '£1.25/litre']",1.25,£1.25/litre
13224,Mountain Dew Energy 500Ml,https://www.tesco.com/groceries/en-GB/products/267482964,1687616494.332008,"['£1.40', '£0.28/100ml']",1.4,£0.28/100ml
13225,Carlsberg Lager 4X568ml,https://www.tesco.com/groceries/en-GB/products/264501677,1687616494.448318,"['£5.00', '£2.20/litre']",5.0,£2.20/litre
13226,Tanqueray Flor De Sevilla Orange Gin & Tonic 250Ml,https://www.tesco.com/groceries/en-GB/products/309454306,1687616494.5539432,"['£2.50', '£10.00/litre']",2.5,£10.00/litre
13227,Shipyard American Pale Ale 500Ml,https://www.tesco.com/groceries/en-GB/products/302295292,1687616494.653972,"['£2.00', '£4.00/litre']",2.0,£4.00/litre
13228,Evian Water 75Cl,https://www.tesco.com/groceries/en-GB/products/257741719,1687616494.777976,"['£1.20', '£0.16/100ml']",1.2,£0.16/100ml
13229,Proper Job Cornish Ipa 4 X 440Ml,https://www.tesco.com/groceries/en-GB/products/305986604,1687616494.999391,"['£5.75', '£3.27/litre']",5.75,£3.27/litre
13230,Volvic Touch Of Fruit Summer Fruits 1.5Ltr,https://www.tesco.com/groceries/en-GB/products/268352679,1687616495.0907588,"['£1.25', '£0.08/100ml']",1.25,£0.08/100ml
13231,Volvic Touch Of Fruit Peach & Raspberry Natural Flavoured Water 1.5 Litre,https://www.tesco.com/groceries/en-GB/products/311263691,1687616500.7062888,"['£1.25', '£0.08/100ml']",1.25,£0.08/100ml
13232,Don Simon Lemon & Strawberry Juice Drink 1.5 Litres,https://www.tesco.com/groceries/en-GB/products/306657434,1687616500.803212,"['£1.25', '£0.08/100ml']",1.25,£0.08/100ml
13233,Ashfield British Lager 4 X 440Ml,https://www.tesco.com/groceries/en-GB/products/300554916,1687616500.8816588,"['£2.75', '£1.56/litre']",2.75,£1.56/litre
13234,Stella Artois Lager 6X330ml,https://www.tesco.com/groceries/en-GB/products/307361776,1687616500.959132,"['£5.75', '£2.90/litre']",5.75,£2.90/litre
13235,Oakham Ales Inferno Ale 500Ml,https://www.tesco.com/groceries/en-GB/products/271080437,1687616501.0261319,"['£2.10', '£4.20/litre']",2.1,£4.20/litre
13236,Heidsieck & Co Monopole Rose Top Champagne 750Ml,https://www.tesco.com/groceries/en-GB/products/311677126,1687616501.116895,"['£38.00', '£38.00/75cl']",38.0,£38.00/75cl
13237,Fundador Spanish Brandy 1Litre,https://www.tesco.com/groceries/en-GB/products/306493143,1687616501.210051,"['£20.50', '£20.50/litre']",20.5,£20.50/litre
13238,Starbucks Caffe Latte Nescafe Dolce Gusto Coffee Pods 12 Pack 121.2G,https://www.tesco.com/groceries/en-GB/products/308108385,1687616501.282325,"['£4.50', '£3.71/100g']",4.5,£3.71/100g
13239,Smirnoff Raspberry Crush Flavoured Vodka 70Cl,https://www.tesco.com/groceries/en-GB/products/309167197,1687616501.3758662,"['£17.50', '£25.00/litre']",17.5,£25.00/litre
13240,Pukka Organic 20 Night Time Berry Herbal Tea Sachets 36G,https://www.tesco.com/groceries/en-GB/products/309171456,1687616501.446379,"['£4.00', '£11.11/100g']",4.0,£11.11/100g
13241,Paul Mas Reserve Viognier 750Ml,https://www.tesco.com/groceries/en-GB/products/312711079,1687616501.519756,"['£10.00', '£10.00/75cl']",10.0,£10.00/75cl
13242,Tesco Finest Pouilly Fume 75Cl,https://www.tesco.com/groceries/en-GB/products/262426280,1687616501.610522,"['£15.00', '£15.00/75cl']",15.0,£15.00/75cl
13243,Tesco Finest 37.5Cl Valdobbiadene Docg Prosecco,https://www.tesco.com/groceries/en-GB/products/301689755,1687616501.679842,"['£6.50', '£13.00/75cl']",6.5,£13.00/75cl
13244,Dark Horse Sauvignon Blanc 75Cl,https://www.tesco.com/groceries/en-GB/products/295163384,1687616501.748577,"['£9.00', '£9.00/75cl']",9.0,£9.00/75cl
13245,Galaxy Hot Chocolate Pods 8X17g,https://www.tesco.com/groceries/en-GB/products/299537587,1687616501.844955,"['£4.50', '£3.31/100g']",4.5,£3.31/100g
13246,Ocean Spray Cranberry Classic Light Juice Drink 4 X 1 Litre,https://www.tesco.com/groceries/en-GB/products/253983583,1687616501.910625,"['£5.90', '£0.15/100ml']",5.9,£0.15/100ml
13247,Tesco Finest 10 Colombia Supremo Coffee Capsules 54G,https://www.tesco.com/groceries/en-GB/products/305954406,1687616501.976964,"['£2.90', '£5.37/100g']",2.9,£5.37/100g
13248,Johnnie Walker Black Label 12YO Whisky 70cl,https://www.tesco.com/groceries/en-GB/products/256570099,1687616502.043398,"['£32.00', '£45.71/litre']",32.0,£45.71/litre
13249,Gallo Family Vineyards Moscato 75Cl,https://www.tesco.com/groceries/en-GB/products/273679821,1687616502.1297112,"['£6.50', '£6.50/75cl']",6.5,£6.50/75cl
13250,Cave Des Roches Vouvray 75Cl,https://www.tesco.com/groceries/en-GB/products/311264897,1687616502.2551758,"['£7.50', '£7.50/75cl']",7.5,£7.50/75cl
13251,Monster Pipeline Punch 4X500ml,https://www.tesco.com/groceries/en-GB/products/306955784,1687616502.3234692,"['£5.80', '£0.29/100ml']",5.8,£0.29/100ml
13252,Costa Coffee Mocha Italia Signature Blend Lungo 57G,https://www.tesco.com/groceries/en-GB/products/304393299,1687616502.391058,"['£3.15', '£5.53/100g']",3.15,£5.53/100g
13253,Sourz Apple 70Cl,https://www.tesco.com/groceries/en-GB/products/253146098,1687616502.481518,"['£11.00', '£15.71/litre']",11.0,£15.71/litre
13254,Rocks Orange Squash 740Ml,https://www.tesco.com/groceries/en-GB/products/311671109,1687616502.5714161,"['£3.40', '£0.46/100ml']",3.4,£0.46/100ml
13255,Mateus Rose 75Cl,https://www.tesco.com/groceries/en-GB/products/255245360,1687616502.6664488,"['£6.00', '£6.00/75cl']",6.0,£6.00/75cl
13256,Costa Instant Coffee Intense Dark Roast 100G,https://www.tesco.com/groceries/en-GB/products/308458649,1687616502.751503,"['£5.50', '£5.50/100g']",5.5,£5.50/100g
13257,Hobgoblin Ipa 4X440ml,https://www.tesco.com/groceries/en-GB/products/309749154,1687616502.847556,"['£5.50', '£3.12/litre']",5.5,£3.12/litre
13258,Brooklyn Pilsner Lager Beer 12 X 330Ml,https://www.tesco.com/groceries/en-GB/products/312346197,1687616502.921899,"['£14.00', '£3.54/litre']",14.0,£3.54/litre
13259,Benefit 100% Prune Juice 1Litre,https://www.tesco.com/groceries/en-GB/products/298025889,1687616502.997715,"['£3.90', '£0.39/100ml']",3.9,£0.39/100ml
13260,Twinings Blackcurrant & Blueberry 20 Tea Bags 40G,https://www.tesco.com/groceries/en-GB/products/286918928,1687616503.071211,"['£2.50', '£6.25/100g']",2.5,£6.25/100g
13261,Twinings Spiced Ginger 20'S 35G,https://www.tesco.com/groceries/en-GB/products/276770621,1687616503.168394,"['£2.50', '£7.14/100g']",2.5,£7.14/100g
13262,Tesco Finest Passerina 75Cl,https://www.tesco.com/groceries/en-GB/products/292542643,1687616503.3359559,"['£7.00', '£7.00/75cl']",7.0,£7.00/75cl
13263,Peroni Nastro Azzurro Lager Beer 6X330ml,https://www.tesco.com/groceries/en-GB/products/312339566,1687616503.4411352,"['£8.00', '£4.04/litre']",8.0,£4.04/litre
13265,Fullers Esb 500Ml Bottle,https://www.tesco.com/groceries/en-GB/products/252007866,1687616503.615031,"['£1.80', '£3.60/litre']",1.8,£3.60/litre
13266,Glaceau Smartwater 600Ml,https://www.tesco.com/groceries/en-GB/products/285132649,1687616503.7102048,"['£0.90', '£0.15/100ml']",0.9,£0.15/100ml
13267,Old Mout Cider Pineapple & Raspberry 500Ml Bottle,https://www.tesco.com/groceries/en-GB/products/303191793,1687616503.8675919,"['£2.45', '£4.90/litre']",2.45,£4.90/litre
13269,Smirnoff & Cranberry Can 250Ml,https://www.tesco.com/groceries/en-GB/products/285751521,1687616504.142159,"['£2.00', '£8.00/litre']",2.0,£8.00/litre
13270,Don Simon Lemon & Raspberry Juice Drink 1.5L,https://www.tesco.com/groceries/en-GB/products/306941276,1687616504.230942,"['£1.25', '£0.08/100ml']",1.25,£0.08/100ml
13271,Camp Chicory & Coffee 241Ml Bottle,https://www.tesco.com/groceries/en-GB/products/254889872,1687616504.2973819,"['£1.70', '£0.70/100ml']",1.7,£0.70/100ml
13272,Villa Maria Priv. Bin Pinot Grigio 75Cl,https://www.tesco.com/groceries/en-GB/products/263970871,1687616504.377192,"['£10.00', '£10.00/75cl']",10.0,£10.00/75cl
13273,Red Bull Sugar Free Energy Drink 8 X 250Ml,https://www.tesco.com/groceries/en-GB/products/274307944,1687616504.444125,"['£8.50', '£0.42/100ml']",8.5,£0.42/100ml
13274,Campo Viejo Rioja Gran Reserva 75Cl,https://www.tesco.com/groceries/en-GB/products/283842549,1687616504.510338,"['£16.00', '£16.00/75cl']",16.0,£16.00/75cl
13276,Magners Apple Cider 10X440ml Can,https://www.tesco.com/groceries/en-GB/products/271013490,1687616504.681576,"['£9.60', '£2.18/litre']",9.6,£2.18/litre
13277,Pukka Organic Turmeric Active 20 Tea Bags 36G,https://www.tesco.com/groceries/en-GB/products/299608475,1687616504.750695,"['£4.00', '£11.11/100g']",4.0,£11.11/100g
13278,Barefoot Shiraz 75Cl,https://www.tesco.com/groceries/en-GB/products/268708087,1687616504.822745,"['£7.50', '£7.50/75cl']",7.5,£7.50/75cl
13279,Tesco Finest Decaf Earl Grey 50 Tea Bags 125G,https://www.tesco.com/groceries/en-GB/products/279342444,1687616510.069317,"['£1.70', '£1.36/100g']",1.7,£1.36/100g
13280,Free Damm Lager 4X330ml,https://www.tesco.com/groceries/en-GB/products/302153679,1687616510.150771,"['£4.00', '£3.03/litre']",4.0,£3.03/litre
13281,Costa Creamy Cappuccino Coffee 6 X 17G,https://www.tesco.com/groceries/en-GB/products/312844653,1687616510.4520042,"['£2.00', '£1.96/100g']",2.0,£1.96/100g
13282,Brewdog Hazy Jane New England Ipa 4X330ml Can,https://www.tesco.com/groceries/en-GB/products/305529260,1687616510.548782,"['£6.00', '£4.54/litre']",6.0,£4.54/litre
13283,Robinson Mini Passion Fruit & Mango No Added Sugar 66Ml,https://www.tesco.com/groceries/en-GB/products/308863859,1687616510.736311,"['£2.00', '£3.03/100ml']",2.0,£3.03/100ml
13284,Vieux Papes Red Wine 750Ml,https://www.tesco.com/groceries/en-GB/products/312559766,1687616510.842546,"['£4.95', '£4.95/75cl']",4.95,£4.95/75cl
13285,Magners Apple Cider 568Ml Bottle,https://www.tesco.com/groceries/en-GB/products/264070707,1687616510.9259908,"['£2.30', '£4.05/litre']",2.3,£4.05/litre
13286,Henry Westons Cloudy Vintage Cider 500Ml,https://www.tesco.com/groceries/en-GB/products/305733229,1687616511.0203571,"['£2.30', '£4.60/litre']",2.3,£4.60/litre
13287,Lift Instant Lemon Flavour Tea 165G,https://www.tesco.com/groceries/en-GB/products/312837322,1687616511.114702,"['£1.45', '£0.88/100g']",1.45,£0.88/100g
13288,Rubicon Spring Strawberry Kiwi Water 1.5L,https://www.tesco.com/groceries/en-GB/products/298162864,1687616511.1870148,"['£1.60', '£0.11/100ml']",1.6,£0.11/100ml
13289,Courriere Brandy 70Cl,https://www.tesco.com/groceries/en-GB/products/304413536,1687616511.263353,"['£10.80', '£15.43/litre']",10.8,£15.43/litre
13290,Capri Sun No Added Sugar Blackcurrant & Apple Juice Drink 4 X 200Ml,https://www.tesco.com/groceries/en-GB/products/308467932,1687616511.331166,"['£1.50', '£0.19/100ml']",1.5,£0.19/100ml
13291,Buxton Still Water Sports 1L(C),https://www.tesco.com/groceries/en-GB/products/260169362,1687616511.4011252,"['£1.10', '£0.11/100ml']",1.1,£0.11/100ml
13292,Red Bull Energy Drink 250Ml,https://www.tesco.com/groceries/en-GB/products/259153617,1687616511.516271,"['£1.50', '£0.60/100ml']",1.5,£0.60/100ml
13293,Brothers Cherry Bakewell Cider 500Ml,https://www.tesco.com/groceries/en-GB/products/312341551,1687616511.6375198,"['£2.45', '£4.90/litre']",2.45,£4.90/litre
13294,Victoria Malaga Lager Beer 660Ml,https://www.tesco.com/groceries/en-GB/products/310091929,1687616511.760038,"['£2.50', '£3.79/litre']",2.5,£3.79/litre
13295,Tesco Dry Gin & Low Calorie Tonic 4X250ml,https://www.tesco.com/groceries/en-GB/products/297510276,1687616511.851969,"['£4.00', '£4.00/litre']",4.0,£4.00/litre
13296,J P Chenet Sauvignon Blanc 18.7Cl,https://www.tesco.com/groceries/en-GB/products/264608678,1687616511.922549,"['£2.10', '£8.42/75cl']",2.1,£8.42/75cl
13297,Piccodoro Sicilian Rosso Red 75Cl,https://www.tesco.com/groceries/en-GB/products/311670387,1687616512.021303,"['£4.25', '£4.25/75cl']",4.25,£4.25/75cl
13298,Tesco Finest Vintage Champagne 75Cl,https://www.tesco.com/groceries/en-GB/products/255245469,1687616512.090011,"['£30.00', '£30.00/75cl']",30.0,£30.00/75cl
13299,Huel Ready To Drink Chocolate 500Ml,https://www.tesco.com/groceries/en-GB/products/309474668,1687616512.157289,"['£3.50', '£0.70/100ml']",3.5,£0.70/100ml
13300,Perfect Ted Organic Matcha Green Tea Powder 30g Ceremonial Grade,https://www.tesco.com/groceries/en-GB/products/314097208,1687616512.24646,"['£10.50', '£35.00/100g']",10.5,£35.00/100g
13301,Glens Vodka 1L,https://www.tesco.com/groceries/en-GB/products/251552722,1687616512.336141,"['£16.50', '£16.50/litre']",16.5,£16.50/litre
13302,Southern Comfort 70Cl,https://www.tesco.com/groceries/en-GB/products/251985123,1687616512.40664,"['£20.50', '£29.29/litre']",20.5,£29.29/litre
13303,Costa Coffee Mocha Italia Signature Decaf Blend 200G,https://www.tesco.com/groceries/en-GB/products/308491741,1687616512.5050912,"['£4.00', '£2.00/100g']",4.0,£2.00/100g
13304,Tesco Finest Argentinian Malbec Rose 75Cl,https://www.tesco.com/groceries/en-GB/products/301202376,1687616512.573477,"['£8.00', '£8.00/75cl']",8.0,£8.00/75cl
13305,Oriel Mediterranean Rose 75Cl,https://www.tesco.com/groceries/en-GB/products/295375945,1687616512.648382,"['£7.50', '£7.50/75cl']",7.5,£7.50/75cl
13306,First Cape Special Cuvee Cabernet Sauvignon 75Cl,https://www.tesco.com/groceries/en-GB/products/277684284,1687616512.718209,"['£6.50', '£6.50/75cl']",6.5,£6.50/75cl
13307,Magners Apple Cider 8X500ml Bottle,https://www.tesco.com/groceries/en-GB/products/274821041,1687616512.7911198,"['£11.50', '£2.88/litre']",11.5,£2.88/litre
13308,Tesco Finest Soave Classico Superiore 75Cl,https://www.tesco.com/groceries/en-GB/products/268741000,1687616512.944554,"['£7.50', '£7.50/75cl']",7.5,£7.50/75cl
13309,Lavazza A Modo Mio Passionale Coffee 16 Capsules,https://www.tesco.com/groceries/en-GB/products/283314144,1687616513.013654,"['£4.40', '£3.67/100g']",4.4,£3.67/100g
13310,Sapporo Premium Beer 650Ml,https://www.tesco.com/groceries/en-GB/products/268761483,1687616513.084981,"['£2.95', '£4.54/litre']",2.95,£4.54/litre
13311,Gordon's Sicilian Lemon Gin 70Cl,https://www.tesco.com/groceries/en-GB/products/305973510,1687616513.152692,"['£17.50', '£25.00/litre']",17.5,£25.00/litre
13312,Rubicon Sparkling Mango Drink 18 X 330Ml,https://www.tesco.com/groceries/en-GB/products/301269417,1687616513.2415411,"['£6.75', '£0.11/100ml']",6.75,£0.11/100ml
13313,Casillero Del Diablo Shiraz 75Cl,https://www.tesco.com/groceries/en-GB/products/261058238,1687616513.311862,"['£7.50', '£7.50/75cl']",7.5,£7.50/75cl
13314,Vita Coco 100% Natural Coconut Water 4 X 330Ml,https://www.tesco.com/groceries/en-GB/products/277820452,1687616513.378719,"['£4.80', '£0.36/100ml']",4.8,£0.36/100ml
13315,Volvic Still Mineral Water 6X500ml Bottle,https://www.tesco.com/groceries/en-GB/products/255605764,1687616513.4472141,"['£3.00', '£0.10/100ml']",3.0,£0.10/100ml
13316,Tesco Peach Schnapps 70Cl,https://www.tesco.com/groceries/en-GB/products/293073735,1687616513.5300171,"['£8.00', '£11.43/litre']",8.0,£11.43/litre
13317,Casa Roscoli Organic Primitivo 75Cl,https://www.tesco.com/groceries/en-GB/products/301745706,1687616513.601278,"['£8.00', '£8.00/75cl']",8.0,£8.00/75cl
13318,Wairau Cove Gisborne Chardonnay 75Cl,https://www.tesco.com/groceries/en-GB/products/277043444,1687616513.693526,"['£7.75', '£7.75/75cl']",7.75,£7.75/75cl
13319,Days Alcohol Free Pale Ale 330Ml,https://www.tesco.com/groceries/en-GB/products/312852672,1687616513.7881129,"['£1.80', '£5.46/litre']",1.8,£5.46/litre
13320,Mavrodaphni Of Patra Sweet Red Wine 75Cl,https://www.tesco.com/groceries/en-GB/products/253313847,1687616513.8556778,"['£6.25', '£6.25/75cl']",6.25,£6.25/75cl
13321,The Fair Mile Sauvignon/Chenin Blanc 75Cl,https://www.tesco.com/groceries/en-GB/products/301745107,1687616513.9283662,"['£6.50', '£6.50/75cl']",6.5,£6.50/75cl
13322,Innocent Blueberries Peach & Apple Smoothie 750 Ml,https://www.tesco.com/groceries/en-GB/products/308113706,1687616514.0175061,"['£3.50', '£0.47/100ml']",3.5,£0.47/100ml
13323,Strongbow Original Cider 4X440ml.,https://www.tesco.com/groceries/en-GB/products/305949718,1687616514.0923169,"['£4.55', '£2.58/litre']",4.55,£2.58/litre
13324,Kopparberg Mixed Fruit Tropical Alcohol Free 4X330ml,https://www.tesco.com/groceries/en-GB/products/309767420,1687616514.159762,"['£3.50', '£2.65/litre']",3.5,£2.65/litre
13325,Merrydown Vintage Cider 750Ml Bottle,https://www.tesco.com/groceries/en-GB/products/267021998,1687616514.2572732,"['£2.60', '£3.47/litre']",2.6,£3.47/litre
13326,Taylors 10 Hot Lava Java Coffee Bags 75G,https://www.tesco.com/groceries/en-GB/products/301175107,1687616514.32553,"['£3.25', '£4.33/100g']",3.25,£4.33/100g
13327,Costa Coffee Millionaires Mocha 6X23g,https://www.tesco.com/groceries/en-GB/products/312587640,1687616520.0952792,"['£2.00', '£1.45/100g']",2.0,£1.45/100g
13328,Tesco Finest Cox's Apple & Elder Presse 750Ml,https://www.tesco.com/groceries/en-GB/products/280520935,1687616520.17297,"['£2.10', '£0.28/100ml']",2.1,£0.28/100ml
13329,Innocent Energise Super Smoothie 300Ml,https://www.tesco.com/groceries/en-GB/products/305518993,1687616520.2427158,"['£2.36', '£0.79/100ml']",2.36,£0.79/100ml
13330,Firemark Argentinian Malbec 187Ml,https://www.tesco.com/groceries/en-GB/products/312096092,1687616520.3554041,"['£2.25', '£9.02/75cl']",2.25,£9.02/75cl
13331,Tesco Salted Caramel Sugar Dusting 80G,https://www.tesco.com/groceries/en-GB/products/309481642,1687616520.449009,"['£1.00', '£1.25/100g']",1.0,£1.25/100g
13332,Kopparberg Strawberry & Liime Gin&Lemonad250ml,https://www.tesco.com/groceries/en-GB/products/304378197,1687616520.5299258,"['£1.95', '£7.80/litre']",1.95,£7.80/litre
13333,San Pellegrino Sparkling Water 500Ml (New),https://www.tesco.com/groceries/en-GB/products/251074208,1687616520.622904,"['£0.90', '£0.18/100ml']",0.9,£0.18/100ml
13334,Barr Irn Bru 500Ml,https://www.tesco.com/groceries/en-GB/products/259160983,1687616520.77598,"['£1.09', '£0.22/100ml']",1.09,£0.22/100ml
13335,Rekorderlig Blood Orange Cider 500Ml,https://www.tesco.com/groceries/en-GB/products/311205692,1687616520.895684,"['£2.45', '£4.90/litre']",2.45,£4.90/litre
13336,Angioletti Apple Cider 500Ml Bottle,https://www.tesco.com/groceries/en-GB/products/299456279,1687616520.9875011,"['£2.45', '£4.90/litre']",2.45,£4.90/litre
13337,Edinburgh Gin's Rhubarb & Ginger Liqueur 50Cl,https://www.tesco.com/groceries/en-GB/products/295703450,1687616521.079853,"['£15.00', '£30.00/litre']",15.0,£30.00/litre
13338,Blandy's Duke Of Clarence Madeira 75Cl,https://www.tesco.com/groceries/en-GB/products/251326518,1687616521.146534,"['£12.50', '£12.50/75cl']",12.5,£12.50/75cl
13339,Dv Catena Tinto Historico Malbec 750Ml,https://www.tesco.com/groceries/en-GB/products/306827372,1687616521.217876,"['£12.00', '£12.00/75cl']",12.0,£12.00/75cl
13340,Canti Estate Gavi White Wine 750Ml,https://www.tesco.com/groceries/en-GB/products/307137547,1687616521.2859032,"['£11.00', '£11.00/75cl']",11.0,£11.00/75cl
13341,Ramon Bilbao Rioja Crianza 75Cl,https://www.tesco.com/groceries/en-GB/products/308473072,1687616521.357923,"['£9.25', '£9.25/75cl']",9.25,£9.25/75cl
13342,Grahams 10 Year Tawny Port 75Cl,https://www.tesco.com/groceries/en-GB/products/265252176,1687616521.4229782,"['£20.00', '£20.00/75cl']",20.0,£20.00/75cl
13343,Pukka Feel New Herbal Tea 20S 40G,https://www.tesco.com/groceries/en-GB/products/303837163,1687616521.5103831,"['£4.00', '£10.00/100g']",4.0,£10.00/100g
13344,Mud House Chile Sauvignon Blanc Rose 750Ml,https://www.tesco.com/groceries/en-GB/products/311666306,1687616521.578568,"['£9.00', '£9.00/75cl']",9.0,£9.00/75cl
13345,Clipper Organic Fair Trade Pure Green Tea 80S 160G,https://www.tesco.com/groceries/en-GB/products/297489928,1687616521.6713789,"['£4.00', '£2.50/100g']",4.0,£2.50/100g
13346,Tesco Finest Fair Trade Colombian Beans 227G,https://www.tesco.com/groceries/en-GB/products/300769449,1687616521.7386382,"['£3.90', '£1.72/100g']",3.9,£1.72/100g
13347,Cardhu Gold Reserve Single Malt Whisky 70Cl,https://www.tesco.com/groceries/en-GB/products/285694951,1687616521.8167129,"['£42.00', '£60.00/litre']",42.0,£60.00/litre
13348,Tesco Finest English Breakfast 100 Tea Bags 250G,https://www.tesco.com/groceries/en-GB/products/279342524,1687616521.9095192,"['£2.60', '£1.04/100g']",2.6,£1.04/100g
13349,Henry Westons Medium Dry Organic Cider 3Ltr,https://www.tesco.com/groceries/en-GB/products/311260792,1687616521.977483,"['£7.50', '£2.50/litre']",7.5,£2.50/litre
13350,Teapigs Peppermint Leaves 15'S 30G,https://www.tesco.com/groceries/en-GB/products/276899319,1687616522.067714,"['£4.00', '£13.33/100g']",4.0,£13.33/100g
13351,Thatchers Haze Cider 4X440ml Can,https://www.tesco.com/groceries/en-GB/products/288514389,1687616522.135666,"['£5.00', '£2.84/litre']",5.0,£2.84/litre
13352,Remedy Kombucha Ginger & Lemon 4X330ml,https://www.tesco.com/groceries/en-GB/products/307156501,1687616522.2047691,"['£5.25', '£0.40/100ml']",5.25,£0.40/100ml
13353,Tesco Finest 10 Ristretto Espresso Capsules 54G,https://www.tesco.com/groceries/en-GB/products/305968079,1687616522.2725801,"['£2.90', '£5.37/100g']",2.9,£5.37/100g
13354,Tesco Finest 10 Leggero Coffee Capsules Strength 6 54G,https://www.tesco.com/groceries/en-GB/products/305981689,1687616522.345703,"['£2.90', '£5.37/100g']",2.9,£5.37/100g
13355,Volvic Touch Of Fruit Strawberry 6X500ml,https://www.tesco.com/groceries/en-GB/products/281840468,1687616522.412925,"['£4.00', '£0.13/100ml']",4.0,£0.13/100ml
13356,Relentless Multipack 4 X 500Ml,https://www.tesco.com/groceries/en-GB/products/292442519,1687616522.478611,"['£3.90', '£0.20/100ml']",3.9,£0.20/100ml
13357,Monster Energy Drink Ultra Gold 4 X 500Ml,https://www.tesco.com/groceries/en-GB/products/310143063,1687616522.5449579,"['£5.20', '£0.26/100ml']",5.2,£0.26/100ml
13358,Bottlegreen Elderflower Light Presse 75Cl,https://www.tesco.com/groceries/en-GB/products/258043686,1687616522.610871,"['£3.00', '£0.40/100ml']",3.0,£0.40/100ml
13359,Dg Dragon Stout 284Ml,https://www.tesco.com/groceries/en-GB/products/259903883,1687616522.677322,"['£1.80', '£6.34/litre']",1.8,£6.34/litre
13360,Amstel Lager Beer Can 4 X 440Ml,https://www.tesco.com/groceries/en-GB/products/291857497,1687616522.743689,"['£4.60', '£2.61/litre']",4.6,£2.61/litre
13361,Tesco Finest Belgian Hot Chocolate Flakes 200G,https://www.tesco.com/groceries/en-GB/products/310666976,1687616522.8111172,"['£2.65', '£1.32/100g']",2.65,£1.32/100g
13362,Sprite Regular 500Ml,https://www.tesco.com/groceries/en-GB/products/251806135,1687616522.883865,"['£1.70', '£0.34/100ml']",1.7,£0.34/100ml
13363,Innocent Bolt From The Blue Juice 750Ml,https://www.tesco.com/groceries/en-GB/products/303415189,1687616523.047196,"['£3.80', '£0.51/100ml']",3.8,£0.51/100ml
13364,Tesco Vermouth Rosso 1L,https://www.tesco.com/groceries/en-GB/products/253786465,1687616523.152129,"['£6.10', '£4.58/75cl']",6.1,£4.58/75cl
13365,Dr Pepper Zero 500Ml,https://www.tesco.com/groceries/en-GB/products/263709140,1687616523.221745,"['£1.70', '£0.34/100ml']",1.7,£0.34/100ml
13366,Robinsons Creations Mango Pineapple Drink 1L,https://www.tesco.com/groceries/en-GB/products/298025745,1687616523.34219,"['£2.50', '£0.25/100ml']",2.5,£0.25/100ml
13367,Mateus Rose 18.7Cl,https://www.tesco.com/groceries/en-GB/products/265173826,1687616523.415141,"['£2.60', '£10.43/75cl']",2.6,£10.43/75cl
13368,Starbucks Caramel Macchiato 220Ml,https://www.tesco.com/groceries/en-GB/products/266891815,1687616523.536948,"['£2.20', '£1.00/100ml']",2.2,£1.00/100ml
13369,Tesco Pomegranate Crush Fruit Smoothie 750Ml,https://www.tesco.com/groceries/en-GB/products/305970185,1687616523.6335602,"['£1.80', '£0.24/100ml']",1.8,£0.24/100ml
13370,Oasis Summer Fruits Light 500Ml,https://www.tesco.com/groceries/en-GB/products/250607009,1687616523.707388,"['£1.70', '£0.34/100ml']",1.7,£0.34/100ml
13371,London Essence Orange & Elderflower Tonic Water 500Ml,https://www.tesco.com/groceries/en-GB/products/302038407,1687616523.839353,"['£2.00', '£0.40/100ml']",2.0,£0.40/100ml
13372,Highland Spring Sports Bottle 750 Ml,https://www.tesco.com/groceries/en-GB/products/260205412,1687616523.9135811,"['£1.00', '£0.13/100ml']",1.0,£0.13/100ml
13373,Tesco Gin & Tonic 250Ml,https://www.tesco.com/groceries/en-GB/products/285173859,1687616524.025737,"['£1.10', '£4.40/litre']",1.1,£4.40/litre
13374,Ashfield Original Bitter 4 X 440Ml,https://www.tesco.com/groceries/en-GB/products/312698088,1687616524.100437,"['£1.35', '£0.77/litre']",1.35,£0.77/litre
13375,Oakham Ales Bishops Farewell 500Ml,https://www.tesco.com/groceries/en-GB/products/271080691,1687616530.032916,"['£1.70', '£3.40/litre']",1.7,£3.40/litre
13376,Tanqueray Sevilla Gin 70Cl,https://www.tesco.com/groceries/en-GB/products/299638780,1687616530.143897,"['£26.50', '£37.86/litre']",26.5,£37.86/litre
13377,Red Bull Energy Drink Sugar Free 12 X 250Ml,https://www.tesco.com/groceries/en-GB/products/299835499,1687616530.217694,"['£12.50', '£0.42/100ml']",12.5,£0.42/100ml
13378,Splenda Sweetener 500Pk,https://www.tesco.com/groceries/en-GB/products/260614861,1687616530.28458,"['£5.90', '£786.67/kg']",5.9,£786.67/kg
13379,Huel Ready To Drink Banana 500Ml,https://www.tesco.com/groceries/en-GB/products/309751248,1687616530.352726,"['£3.50', '£0.70/100ml']",3.5,£0.70/100ml
13380,Shallow Bay South African Sauvignon Blanc 2.25L,https://www.tesco.com/groceries/en-GB/products/311803364,1687616530.473828,"['£15.00', '£5.00/75cl']",15.0,£5.00/75cl
13381,Tesco Finest Cahors Malbec 75Cl,https://www.tesco.com/groceries/en-GB/products/257169239,1687616530.5419168,"['£8.50', '£8.50/75cl']",8.5,£8.50/75cl
13383,Kumala Reserve Shiraz 75Cl,https://www.tesco.com/groceries/en-GB/products/272783226,1687616530.6895418,"['£7.00', '£7.00/75cl']",7.0,£7.00/75cl
13384,Tesco Finest Primitivo Terre Di Chieti 75Cl,https://www.tesco.com/groceries/en-GB/products/309499005,1687616530.760264,"['£7.00', '£7.00/75cl']",7.0,£7.00/75cl
13385,Ufit Pro50 Protein Drink Chocolate 500Ml,https://www.tesco.com/groceries/en-GB/products/283690780,1687616530.838445,"['£3.00', '£0.01/litre']",3.0,£0.01/litre
13386,For Goodness Shakes Recovery Milk Chocolate 475Ml,https://www.tesco.com/groceries/en-GB/products/279845143,1687616530.933592,"['£2.00', '£0.42/100ml']",2.0,£0.42/100ml
13387,Casillero Del Diablo Rose 75Cl,https://www.tesco.com/groceries/en-GB/products/266434386,1687616531.007189,"['£7.50', '£7.50/75cl']",7.5,£7.50/75cl
13388,Fullers London Pride 4X500ml Can,https://www.tesco.com/groceries/en-GB/products/253580967,1687616531.0800462,"['£6.00', '£3.00/litre']",6.0,£3.00/litre
13389,Beavertown Lunar Haze Pale Ale 4X330ml,https://www.tesco.com/groceries/en-GB/products/311271180,1687616531.146711,"['£8.00', '£6.06/litre']",8.0,£6.06/litre
13390,Strongbow Dark Fruit Cider 4X440ml Can,https://www.tesco.com/groceries/en-GB/products/278590272,1687616531.233873,"['£5.60', '£3.18/litre']",5.6,£3.18/litre
13391,Tesco Finest Kenyan Fair Trade Ground Coffee 227G,https://www.tesco.com/groceries/en-GB/products/278856840,1687616531.2989042,"['£3.90', '£1.72/100g']",3.9,£1.72/100g
13392,Old Mout Strawberry & Apple Flavoured Cider 10 X 330Ml,https://www.tesco.com/groceries/en-GB/products/311272461,1687616531.365124,"['£12.00', '£3.64/litre']",12.0,£3.64/litre
13393,Chocomel Chocolate Flavoured Milk Drink 250Ml,https://www.tesco.com/groceries/en-GB/products/306929453,1687616531.4312162,"['£1.70', '£6.80/litre']",1.7,£6.80/litre
13394,Monster Energy Ultra Watermelon Drink 500Ml X 4,https://www.tesco.com/groceries/en-GB/products/310669339,1687616531.5298991,"['£5.20', '£0.26/100ml']",5.2,£0.26/100ml
13395,Trivento Argentina White Malbec 75Cl,https://www.tesco.com/groceries/en-GB/products/304392778,1687616531.5984309,"['£8.00', '£8.00/75cl']",8.0,£8.00/75cl
13396,Casa Mana Moscatel De Valencia 75Cl,https://www.tesco.com/groceries/en-GB/products/255244044,1687616531.689166,"['£5.75', '£5.75/75cl']",5.75,£5.75/75cl
13397,JJ Whitley Raspberry Vodka 1L,https://www.tesco.com/groceries/en-GB/products/306660032,1687616531.7590652,"['£21.00', '£21.00/litre']",21.0,£21.00/litre
13398,Campaneo Old Vines Garnacha 75Cl,https://www.tesco.com/groceries/en-GB/products/301744159,1687616531.850263,"['£5.50', '£5.50/75cl']",5.5,£5.50/75cl
13399,Lambrini Strawberry 75Cl,https://www.tesco.com/groceries/en-GB/products/308845928,1687616531.918647,"['£3.65', '£4.87/litre']",3.65,£4.87/litre
13400,St Austell Korev Lager 6 X330ml Can,https://www.tesco.com/groceries/en-GB/products/287040576,1687616531.993261,"['£6.00', '£3.03/litre']",6.0,£3.03/litre
13401,Arctic Coffee Caramel Latte 330Ml,https://www.tesco.com/groceries/en-GB/products/305967119,1687616532.060123,"['£1.10', '£0.33/100ml']",1.1,£0.33/100ml
13402,Tesco Special Reserve Port 75Cl,https://www.tesco.com/groceries/en-GB/products/251180136,1687616532.129211,"['£8.50', '£8.50/75cl']",8.5,£8.50/75cl
13403,Kopparberg Mixed Fruit Can 4X330ml (C),https://www.tesco.com/groceries/en-GB/products/289300600,1687616532.200043,"['£5.00', '£3.79/litre']",5.0,£3.79/litre
13404,London Essence Orange & Elderflower Tonic 6 X 150Ml,https://www.tesco.com/groceries/en-GB/products/304794470,1687616532.268217,"['£3.50', '£0.39/100ml']",3.5,£0.39/100ml
13405,Tesco Finest Sicilian Lemon & Mint Presse 750Ml,https://www.tesco.com/groceries/en-GB/products/280520808,1687616532.335745,"['£2.10', '£0.28/100ml']",2.1,£0.28/100ml
13406,Tesco Vermouth Bianco 1 Litre,https://www.tesco.com/groceries/en-GB/products/253785685,1687616532.40847,"['£6.10', '£4.58/75cl']",6.1,£4.58/75cl
13407,Aqua Carpatica Kids Natural Still Water 6X250ml,https://www.tesco.com/groceries/en-GB/products/304407037,1687616532.560556,"['£2.50', '£0.17/100ml']",2.5,£0.17/100ml
13408,Robinsons Double Concentrate Lemon Squash No Added Sugar 1.75L,https://www.tesco.com/groceries/en-GB/products/268345135,1687616532.628684,"['£3.50', '£0.20/100ml']",3.5,£0.20/100ml
13409,Tesco Gin & Low Calorie Tonic 250Ml,https://www.tesco.com/groceries/en-GB/products/285141379,1687616532.719512,"['£1.10', '£4.40/litre']",1.1,£4.40/litre
13410,Alpro Coconut No Sugars Chilled Drink 1 Litre,https://www.tesco.com/groceries/en-GB/products/303836423,1687616532.789002,"['£2.10', '£2.10/litre']",2.1,£2.10/litre
13411,Juice Burst Apple Juice 500Ml,https://www.tesco.com/groceries/en-GB/products/277975204,1687616532.87834,"['£1.50', '£0.30/100ml']",1.5,£0.30/100ml
13412,PG tips 80 Cups Loose Tea 250g,https://www.tesco.com/groceries/en-GB/products/254887396,1687616532.989193,"['£2.75', '£1.10/100g']",2.75,£1.10/100g
13413,Shandy Carib Sorrel 275Ml,https://www.tesco.com/groceries/en-GB/products/301413368,1687616533.059034,"['£1.55', '£5.64/litre']",1.55,£5.64/litre
13414,Wolf Blass Yellow Label Cabernet Sauvignon 187Ml,https://www.tesco.com/groceries/en-GB/products/295163142,1687616533.162265,"['£2.85', '£11.43/75cl']",2.85,£11.43/75cl
13415,Tesco Cinnamon Dusting 80G,https://www.tesco.com/groceries/en-GB/products/309476136,1687616533.2645912,"['£1.00', '£1.25/100g']",1.0,£1.25/100g
13416,Mighty Pea M.Lk Unsweetened Milk Alternative 1 Litre,https://www.tesco.com/groceries/en-GB/products/308105313,1687616533.344676,"['£2.00', '£2.00/litre']",2.0,£2.00/litre
13417,Innis & Gunn Blood Red Sky 330Ml,https://www.tesco.com/groceries/en-GB/products/275681647,1687616533.44539,"['£1.95', '£5.91/litre']",1.95,£5.91/litre
13418,Evian Sparkling Natural Water 330Ml,https://www.tesco.com/groceries/en-GB/products/310680889,1687616533.542285,"['£0.75', '£0.23/100ml']",0.75,£0.23/100ml
13419,H Valrasque Chateauneuf Du Pape 75Cl,https://www.tesco.com/groceries/en-GB/products/289221866,1687616533.6987,"['£18.00', '£18.00/75cl']",18.0,£18.00/75cl
13420,Penfolds Max's Shiraz Cabernet 750Ml,https://www.tesco.com/groceries/en-GB/products/309205274,1687616533.801247,"['£20.00', '£20.00/75cl']",20.0,£20.00/75cl
13421,Huel Ready To Drink Vanilla 500Ml,https://www.tesco.com/groceries/en-GB/products/309758349,1687616533.951317,"['£3.50', '£0.70/100ml']",3.5,£0.70/100ml
13422,Mucho Mas Vino Tinto Wine 75Cl,https://www.tesco.com/groceries/en-GB/products/309493858,1687616534.053209,"['£8.00', '£8.00/75cl']",8.0,£8.00/75cl
13423,Truvia Sweetener From Stevia Leaf Extract 270G,https://www.tesco.com/groceries/en-GB/products/272063451,1687616539.7374048,"['£5.50', '£20.37/kg']",5.5,£20.37/kg
13424,Pukka Organic Chamomile Vanilla & Manuka 20 Tea Bags 32G,https://www.tesco.com/groceries/en-GB/products/287066350,1687616539.8116841,"['£4.00', '£12.50/100g']",4.0,£12.50/100g
13425,19 Crimes Red Wine 1.5L,https://www.tesco.com/groceries/en-GB/products/306935013,1687616539.888014,"['£14.00', '£7.00/75cl']",14.0,£7.00/75cl
13426,Options Hot Chocolate Salted Caramel 220G,https://www.tesco.com/groceries/en-GB/products/293163600,1687616539.963444,"['£4.50', '£2.04/100g']",4.5,£2.04/100g
13427,Twinings Assam Tea Bags 80S 200G,https://www.tesco.com/groceries/en-GB/products/286841908,1687616540.04111,"['£6.00', '£3.00/100g']",6.0,£3.00/100g
13428,Alamos Malbec 75Cl,https://www.tesco.com/groceries/en-GB/products/312350246,1687616540.1326761,"['£9.00', '£9.00/75cl']",9.0,£9.00/75cl
13429,Twinings Pure Green 80S 200G,https://www.tesco.com/groceries/en-GB/products/267685989,1687616540.205602,"['£4.50', '£2.25/100g']",4.5,£2.25/100g
13430,Old Rosie Scrumpy Cider 2L Bottle,https://www.tesco.com/groceries/en-GB/products/273792334,1687616540.2788239,"['£5.50', '£2.75/litre']",5.5,£2.75/litre
13431,Tesco Finest Pedro Ximenez 37.5Cl,https://www.tesco.com/groceries/en-GB/products/299817705,1687616540.347153,"['£6.50', '£13.00/75cl']",6.5,£13.00/75cl
13432,Gordons Gin Mediterranean Orange 70Cl,https://www.tesco.com/groceries/en-GB/products/305982666,1687616540.415215,"['£17.50', '£25.00/litre']",17.5,£25.00/litre
13433,Casa Roscoli Organic Pinot Grigio 75Cl,https://www.tesco.com/groceries/en-GB/products/301156741,1687616540.506452,"['£8.00', '£8.00/75cl']",8.0,£8.00/75cl
13434,Casillero Reserva Especial Cabernet Sauvignon 75Cl,https://www.tesco.com/groceries/en-GB/products/299804041,1687616540.6016588,"['£9.00', '£9.00/75cl']",9.0,£9.00/75cl
13435,Costa Coffee Signature Caramel Latta 8 Serves 182.4G,https://www.tesco.com/groceries/en-GB/products/308102558,1687616540.696278,"['£3.25', '£1.78/100g']",3.25,£1.78/100g
13436,Twinings Spicy Chai 40 Tea Bags 100g,https://www.tesco.com/groceries/en-GB/products/313627195,1687616540.76895,"['£2.79', '£2.79/100g']",2.79,£2.79/100g
13437,Thatchers Apple Rose Cider 4X440ml Can,https://www.tesco.com/groceries/en-GB/products/303183669,1687616540.844348,"['£5.50', '£3.12/litre']",5.5,£3.12/litre
13438,Twinings Earl Grey 40 Tea Bags 100g,https://www.tesco.com/groceries/en-GB/products/313612137,1687616540.914508,"['£2.79', '£2.79/100g']",2.79,£2.79/100g
13439,Yorkshire Tea Bedtime Brew 40 Pack 100G,https://www.tesco.com/groceries/en-GB/products/295665988,1687616540.985003,"['£2.40', '£2.40/100g']",2.4,£2.40/100g
13440,Twinings Pure Green Teabags 20'S 50G,https://www.tesco.com/groceries/en-GB/products/252178150,1687616541.053556,"['£2.50', '£5.00/100g']",2.5,£5.00/100g
13441,Twinings Green With Ginger 20'S 40G,https://www.tesco.com/groceries/en-GB/products/281786843,1687616541.1431198,"['£2.50', '£6.25/100g']",2.5,£6.25/100g
13442,Harveys Amontillado Sherry 75Cl,https://www.tesco.com/groceries/en-GB/products/257468029,1687616541.267179,"['£11.00', '£11.00/75cl']",11.0,£11.00/75cl
13443,Leffe Brune 750 Ml,https://www.tesco.com/groceries/en-GB/products/256674921,1687616541.355812,"['£3.49', '£4.65/litre']",3.49,£4.65/litre
13444,Tesco Full Cream Fortified British Wine 1L.,https://www.tesco.com/groceries/en-GB/products/255247012,1687616541.423365,"['£5.85', '£4.39/75cl']",5.85,£4.39/75cl
13445,Boon Kriek Lambic Cherry Beer 250Ml,https://www.tesco.com/groceries/en-GB/products/307148678,1687616541.490177,"['£2.00', '£8.00/litre']",2.0,£8.00/litre
13446,Tesco Double Strength Fruit & Barley No Added Sugar Peach 1L,https://www.tesco.com/groceries/en-GB/products/311936517,1687616541.5825138,"['£1.75', '£0.18/100ml']",1.75,£0.18/100ml
13447,Bombay Sapphire Gin & Tonic 250Ml,https://www.tesco.com/groceries/en-GB/products/305732259,1687616541.6602602,"['£2.50', '£10.00/litre']",2.5,£10.00/litre
13448,Guinness Nigerian Stout 600Ml,https://www.tesco.com/groceries/en-GB/products/266402526,1687616541.772453,"['£4.15', '£6.92/litre']",4.15,£6.92/litre
13449,Ribena Blackcurrant Bottle 500Ml,https://www.tesco.com/groceries/en-GB/products/255658833,1687616541.870219,"['£1.49', '£0.30/100ml']",1.49,£0.30/100ml
13450,Gentleman Jack 70Cl,https://www.tesco.com/groceries/en-GB/products/266815631,1687616541.991035,"['£35.00', '£50.00/litre']",35.0,£50.00/litre
13451,Wolf Blass Yellow Label Chardonnay 187Ml,https://www.tesco.com/groceries/en-GB/products/254467761,1687616542.0649111,"['£2.85', '£11.43/75cl']",2.85,£11.43/75cl
13452,Smirnoff & Diet Cola 250Ml,https://www.tesco.com/groceries/en-GB/products/288090451,1687616542.236369,"['£2.00', '£8.00/litre']",2.0,£8.00/litre
13453,Lucky Saint Unfiltered Lager 330Ml,https://www.tesco.com/groceries/en-GB/products/306930053,1687616542.3414762,"['£1.80', '£5.46/litre']",1.8,£5.46/litre
13454,Alpro Soya Chocolate Chilled Drink 1 Litre,https://www.tesco.com/groceries/en-GB/products/255769120,1687616542.447774,"['£2.10', '£2.10/litre']",2.1,£2.10/litre
13455,Rubicon Guava Juice Drink 1 Litre,https://www.tesco.com/groceries/en-GB/products/265415651,1687616542.543804,"['£1.70', '£0.17/100ml']",1.7,£0.17/100ml
13456,Tesco Green Tea Bags 20'S 50G,https://www.tesco.com/groceries/en-GB/products/264579377,1687616542.640604,"['£0.80', '£1.60/100g']",0.8,£1.60/100g
13457,Ribena Ready To Drink Blackcurrant 1 Litre,https://www.tesco.com/groceries/en-GB/products/258455325,1687616542.714943,"['£1.25', '£0.12/100ml']",1.25,£0.12/100ml
13458,Calvet Beaujolais Wine 750Ml,https://www.tesco.com/groceries/en-GB/products/310671347,1687616542.785871,"['£7.75', '£7.75/75cl']",7.75,£7.75/75cl
13459,Havana Club Anejo Especial Rum 70Cl,https://www.tesco.com/groceries/en-GB/products/258144288,1687616542.9270642,"['£20.50', '£29.29/litre']",20.5,£29.29/litre
13460,Mad Fish Sauvignon Blanc Wine 75Cl,https://www.tesco.com/groceries/en-GB/products/306500286,1687616543.080702,"['£9.50', '£9.50/75cl']",9.5,£9.50/75cl
13461,Glenmorangie Original Sle Mlt Wky 70Cl - Fruity,https://www.tesco.com/groceries/en-GB/products/256569770,1687616543.149482,"['£37.00', '£52.86/litre']",37.0,£52.86/litre
13462,Mad Fish Shiraz Wine 75Cl,https://www.tesco.com/groceries/en-GB/products/306502825,1687616543.2602491,"['£9.00', '£9.00/75cl']",9.0,£9.00/75cl
13463,Vallade Gavi Docg Wine 75Cl,https://www.tesco.com/groceries/en-GB/products/286703779,1687616543.3274539,"['£8.50', '£8.50/75cl']",8.5,£8.50/75cl
13464,Apothic Cabernet Sauvignon 75Cl,https://www.tesco.com/groceries/en-GB/products/306932673,1687616543.400715,"['£9.50', '£9.50/75cl']",9.5,£9.50/75cl
13465,Twinings Everyday Decaff 80 Teabags 250G,https://www.tesco.com/groceries/en-GB/products/261250046,1687616543.466176,"['£5.30', '£2.12/100g']",5.3,£2.12/100g
13466,Freixenet Cordon Rosado Seco 75Cl,https://www.tesco.com/groceries/en-GB/products/291377080,1687616543.532767,"['£10.00', '£10.00/75cl']",10.0,£10.00/75cl
13467,Tesco Low Alcohol Reduced Calorie G & Tesco 4 X 250Ml,https://www.tesco.com/groceries/en-GB/products/298413482,1687616543.599324,"['£4.00', '£4.00/litre']",4.0,£4.00/litre
13468,Tesco Dry London Gin 70Cl Bottle,https://www.tesco.com/groceries/en-GB/products/253472364,1687616543.673234,"['£11.75', '£16.79/litre']",11.75,£16.79/litre
13469,Brewdog Planet Pale Ale 4 X 330Ml,https://www.tesco.com/groceries/en-GB/products/309471971,1687616543.7468889,"['£6.00', '£4.54/litre']",6.0,£4.54/litre
13470,Ufit Pro50 Protein Drink Strawberry 500Ml,https://www.tesco.com/groceries/en-GB/products/283668387,1687616543.813845,"['£3.00', '£0.60/100ml']",3.0,£0.60/100ml
13471,Tesco Finest St Emilion 75Cl,https://www.tesco.com/groceries/en-GB/products/271773804,1687616549.588844,"['£9.00', '£9.00/75cl']",9.0,£9.00/75cl
13472,Tesco Finest 10 Accordo Capsules No. 8 Strength 54G,https://www.tesco.com/groceries/en-GB/products/305980173,1687616549.6749198,"['£2.90', '£5.37/100g']",2.9,£5.37/100g
13473,Kumala Shiraz 75Cl,https://www.tesco.com/groceries/en-GB/products/306949688,1687616549.9399512,"['£5.50', '£5.50/75cl']",5.5,£5.50/75cl
13474,Tesco Finest Puemo Carmenere 75Cl,https://www.tesco.com/groceries/en-GB/products/268733309,1687616550.0106251,"['£8.00', '£8.00/75cl']",8.0,£8.00/75cl
13475,Sourz Cherry 70Cl,https://www.tesco.com/groceries/en-GB/products/260568932,1687616550.0883,"['£11.00', '£15.71/litre']",11.0,£15.71/litre
13476,Innocent Guava Pineapple & Apple Smoothie 750 Ml,https://www.tesco.com/groceries/en-GB/products/307741199,1687616550.181846,"['£3.50', '£0.47/100ml']",3.5,£0.47/100ml
13477,Costa Mocha Italian Signature Blend Latte 182.4G,https://www.tesco.com/groceries/en-GB/products/305960940,1687616550.249824,"['£3.25', '£1.78/100g']",3.25,£1.78/100g
13478,Tesco Coffee Liqueur 70Cl,https://www.tesco.com/groceries/en-GB/products/293073568,1687616550.321512,"['£8.50', '£12.14/litre']",8.5,£12.14/litre
13479,Tesco Finest 10Yr Old Tawny Port 75Cl Bottle,https://www.tesco.com/groceries/en-GB/products/255247179,1687616550.3938198,"['£12.50', '£12.50/75cl']",12.5,£12.50/75cl
13480,Flavorz Grenadine Cocktail Syrup 25Cl,https://www.tesco.com/groceries/en-GB/products/313178558,1687616550.470078,"['£2.50', '£10.00/litre']",2.5,£10.00/litre
13481,Echo Falls Fruit Fusion Orchard Fruits 750Ml,https://www.tesco.com/groceries/en-GB/products/314328069,1687616550.546423,"['£4.95', '£4.95/75cl']",4.95,£4.95/75cl
13482,Echo Falls Fruit Fusion Sparkling Summer Garden 750Ml,https://www.tesco.com/groceries/en-GB/products/314436387,1687616550.6209438,"['£4.95', '£4.95/75cl']",4.95,£4.95/75cl
13483,Vieux Papes White 75Cl,https://www.tesco.com/groceries/en-GB/products/283910469,1687616550.688061,"['£5.15', '£5.15/75cl']",5.15,£5.15/75cl
13484,Remedy Kombucha Raspberry Lemonade 700Ml,https://www.tesco.com/groceries/en-GB/products/312097465,1687616550.767524,"['£2.75', '£0.39/100ml']",2.75,£0.39/100ml
13485,Tesco Instant Hot Chocolate 400G,https://www.tesco.com/groceries/en-GB/products/299585304,1687616550.833937,"['£2.25', '£0.56/100g']",2.25,£0.56/100g
13486,Remedy Kombucha Ginger Lemon 700Ml,https://www.tesco.com/groceries/en-GB/products/312583638,1687616550.90006,"['£2.75', '£3.93/litre']",2.75,£3.93/litre
13487,Tchibo Family Roasted Ground Coffee 250G,https://www.tesco.com/groceries/en-GB/products/286058586,1687616550.9677062,"['£2.00', '£0.80/100g']",2.0,£0.80/100g
13488,Nescafe Gold Oat Latte (6X16g) Gb,https://www.tesco.com/groceries/en-GB/products/304264942,1687616551.0355608,"['£2.35', '£2.45/100g']",2.35,£2.45/100g
13489,Cawston Press Apple & Rhubarb Juice 1Ltr,https://www.tesco.com/groceries/en-GB/products/263879438,1687616551.147865,"['£2.70', '£0.27/100ml']",2.7,£0.27/100ml
13490,Ribena Blackcurrant Really Light 500Ml Bottle,https://www.tesco.com/groceries/en-GB/products/256538277,1687616551.235502,"['£1.49', '£0.30/100ml']",1.49,£0.30/100ml
13491,Canti Rose Extra Dry 75Cl,https://www.tesco.com/groceries/en-GB/products/312090037,1687616551.349141,"['£7.50', '£7.50/75cl']",7.5,£7.50/75cl
13492,Blue Moon Mango Wheat Beer 330Ml,https://www.tesco.com/groceries/en-GB/products/304402273,1687616551.4405088,"['£2.00', '£6.06/litre']",2.0,£6.06/litre
13493,Brewdog Lost Lager 4X440ml,https://www.tesco.com/groceries/en-GB/products/308115727,1687616551.530047,"['£4.75', '£2.70/litre']",4.75,£2.70/litre
13494,Lift Instant Lemon Flavour Tea Reduced Sweetness 165G,https://www.tesco.com/groceries/en-GB/products/312850037,1687616551.611562,"['£1.45', '£0.88/100g']",1.45,£0.88/100g
13495,Lipton Ice Tea Lemon 500Ml,https://www.tesco.com/groceries/en-GB/products/265633041,1687616551.6826649,"['£1.60', '£0.32/100ml']",1.6,£0.32/100ml
13496,Rubicon Lychee Exotic Juice Drink 288Ml,https://www.tesco.com/groceries/en-GB/products/253320280,1687616551.795073,"['£0.60', '£0.21/100ml']",0.6,£0.21/100ml
13497,Italiano Lambrusco Rosso 75Cl,https://www.tesco.com/groceries/en-GB/products/312566777,1687616551.863606,"['£3.00', '£3.00/75cl']",3.0,£3.00/75cl
13498,Badger Fropical Ferret Ipa 500Ml,https://www.tesco.com/groceries/en-GB/products/310150780,1687616551.933318,"['£2.00', '£4.00/litre']",2.0,£4.00/litre
13499,Tanqueray Alcohol Free 0% Spirit 70Cl,https://www.tesco.com/groceries/en-GB/products/308862769,1687616552.029601,"['£17.50', '£25.00/litre']",17.5,£25.00/litre
13500,Bouchard Grand Conseiller Chardonnay 75Cl,https://www.tesco.com/groceries/en-GB/products/285415868,1687616552.11885,"['£9.00', '£9.00/75cl']",9.0,£9.00/75cl
13501,Martini Vermouth Bianco 75Cl Bottle,https://www.tesco.com/groceries/en-GB/products/255506305,1687616552.194064,"['£10.00', '£10.00/75cl']",10.0,£10.00/75cl
13503,Pukka Elderberry & Echinacea Organic 20 Tea Bags 40G,https://www.tesco.com/groceries/en-GB/products/279527318,1687616552.33162,"['£4.00', '£10.00/100g']",4.0,£10.00/100g
13504,Rubicon Mango Juice Drink 4 X 1Ltr,https://www.tesco.com/groceries/en-GB/products/263502522,1687616552.399997,"['£5.75', '£0.14/100ml']",5.75,£0.14/100ml
13505,Options Mint Madness 220G,https://www.tesco.com/groceries/en-GB/products/258248588,1687616552.471807,"['£4.50', '£2.04/100g']",4.5,£2.04/100g
13506,Finca Las Moras Pinot Grigio Wine 75Cl,https://www.tesco.com/groceries/en-GB/products/309470056,1687616552.539424,"['£6.50', '£6.50/75cl']",6.5,£6.50/75cl
13507,Peroni Nastro Azzurro Lager Beer 10X330ml,https://www.tesco.com/groceries/en-GB/products/312347965,1687616552.6056561,"['£11.00', '£3.33/litre']",11.0,£3.33/litre
13508,Remedy Kombucha Wild Berry Drink 4 X 330Ml,https://www.tesco.com/groceries/en-GB/products/311220137,1687616552.675371,"['£5.25', '£0.40/100ml']",5.25,£0.40/100ml
13509,Bottle Green 2 X 750Ml,https://www.tesco.com/groceries/en-GB/products/268328146,1687616552.74353,"['£5.80', '£0.39/100ml']",5.8,£0.39/100ml
13510,Uvc Petit Chablis 75Cl,https://www.tesco.com/groceries/en-GB/products/306801932,1687616552.9088,"['£13.00', '£13.00/75cl']",13.0,£13.00/75cl
13511,Schofferhofer Grapefruit Can 500Ml,https://www.tesco.com/groceries/en-GB/products/294151359,1687616553.003873,"['£2.20', '£4.40/litre']",2.2,£4.40/litre
13512,Volvic Touch Of Fruit Lemon And Lime 6X500ml,https://www.tesco.com/groceries/en-GB/products/281840514,1687616553.095927,"['£4.00', '£0.13/100ml']",4.0,£0.13/100ml
13513,Penfolds Koonunga Hill Chardonnay 75Cl,https://www.tesco.com/groceries/en-GB/products/258014871,1687616553.1678238,"['£10.00', '£10.00/75cl']",10.0,£10.00/75cl
13514,Starbucks Caffe Latte Chilled Coffee 750Ml,https://www.tesco.com/groceries/en-GB/products/311783227,1687616553.2577229,"['£3.75', '£0.50/100ml']",3.75,£0.50/100ml
13515,Coors 4X440ml,https://www.tesco.com/groceries/en-GB/products/274571451,1687616553.361144,"['£4.20', '£2.39/litre']",4.2,£2.39/litre
13516,Sangria Penasol 1L,https://www.tesco.com/groceries/en-GB/products/285476271,1687616553.440386,"['£3.45', '£2.59/75cl']",3.45,£2.59/75cl
13517,Tesco Tawny Port 75Cl Bottle,https://www.tesco.com/groceries/en-GB/products/255247191,1687616553.5237818,"['£7.50', '£7.50/75cl']",7.5,£7.50/75cl
13518,Capri Sun No Added Sugar Multi Vitamin Juice 8X200ml,https://www.tesco.com/groceries/en-GB/products/306943464,1687616553.599196,"['£3.25', '£0.20/100ml']",3.25,£0.20/100ml
13519,Jimmy's Iced Coffee Mocha 275Ml,https://www.tesco.com/groceries/en-GB/products/308495541,1687616560.1403131,"['£2.00', '£0.73/100ml']",2.0,£0.73/100ml
13520,Tick Tock Earl Grey Rooibos Tea Bags 40S 90G,https://www.tesco.com/groceries/en-GB/products/307746477,1687616560.311671,"['£2.25', '£2.50/100g']",2.25,£2.50/100g
13521,Grande Nuit Sauvignon Blanc 750Ml,https://www.tesco.com/groceries/en-GB/products/310656429,1687616560.414498,"['£7.00', '£7.00/75cl']",7.0,£7.00/75cl
13522,Lucozade Zero Pink Lemonade 4 X 380Ml,https://www.tesco.com/groceries/en-GB/products/308490235,1687616560.50797,"['£2.50', '£0.16/100ml']",2.5,£0.16/100ml
13523,Jimmy's Iced Coffee Original 275Ml,https://www.tesco.com/groceries/en-GB/products/308489727,1687616560.585624,"['£2.00', '£0.73/100ml']",2.0,£0.73/100ml
13524,Shaken Udder Vanillalicious Milkshake 750Ml,https://www.tesco.com/groceries/en-GB/products/309460713,1687616560.701937,"['£2.45', '£0.33/100ml']",2.45,£0.33/100ml
13525,Purdeys Rejuvenation Fruit Drink 330Ml,https://www.tesco.com/groceries/en-GB/products/272855015,1687616560.791839,"['£1.50', '£0.46/100ml']",1.5,£0.46/100ml
13526,Lucozade Original 500Ml,https://www.tesco.com/groceries/en-GB/products/250792387,1687616560.9022028,"['£1.69', '£0.34/100ml']",1.69,£0.34/100ml
13527,Evian Natural Mineral Water 500Ml,https://www.tesco.com/groceries/en-GB/products/252168830,1687616561.014685,"['£0.90', '£0.18/100ml']",0.9,£0.18/100ml
13528,Nescafe Gold Salted Caramel Iced Latte Coffee 7 X 14.5G,https://www.tesco.com/groceries/en-GB/products/308844716,1687616561.1286678,"['£2.10', '£2.07/100g']",2.1,£2.07/100g
13529,Capri Sun Orange 330Ml,https://www.tesco.com/groceries/en-GB/products/262253149,1687616561.1970408,"['£1.30', '£0.39/100ml']",1.3,£0.39/100ml
13530,Get More Vitamin D 500 Ml,https://www.tesco.com/groceries/en-GB/products/278002866,1687616561.31216,"['£1.25', '£0.25/100ml']",1.25,£0.25/100ml
13531,Brooklyn Brewery Pilsner 660Ml,https://www.tesco.com/groceries/en-GB/products/312208290,1687616561.422248,"['£2.20', '£3.33/litre']",2.2,£3.33/litre
13532,Rekorderlig Watermelon Citrus Cider 500Ml,https://www.tesco.com/groceries/en-GB/products/305735165,1687616561.512654,"['£2.45', '£4.90/litre']",2.45,£4.90/litre
13533,Singha Beer 630Ml,https://www.tesco.com/groceries/en-GB/products/260340251,1687616561.643946,"['£2.20', '£3.49/litre']",2.2,£3.49/litre
13534,Tesco Red Berries 40 Tea Bags 120G,https://www.tesco.com/groceries/en-GB/products/309485868,1687616561.733713,"['£1.00', '£0.83/100g']",1.0,£0.83/100g
13535,Tesco Finest Rose Champagne 75Cl,https://www.tesco.com/groceries/en-GB/products/274763190,1687616561.803444,"['£25.00', '£25.00/75cl']",25.0,£25.00/75cl
13536,Suntory Roku Gin 70Cl,https://www.tesco.com/groceries/en-GB/products/299638715,1687616561.8700402,"['£30.00', '£42.86/litre']",30.0,£42.86/litre
13537,Taylors Of Harrogate Italian Coffee Beans 1Kg,https://www.tesco.com/groceries/en-GB/products/311215392,1687616561.963455,"['£10.50', '£1.05/100g']",10.5,£1.05/100g
13538,Lanson Le Black Label Champagne 375Ml,https://www.tesco.com/groceries/en-GB/products/311951251,1687616562.0313191,"['£22.00', '£44.00/75cl']",22.0,£44.00/75cl
13539,Tesco Blue Spark 24X250ml,https://www.tesco.com/groceries/en-GB/products/301421208,1687616562.136745,"['£9.50', '£0.16/100ml']",9.5,£0.16/100ml
13540,Pukka Organic Fair Trade Vanilla Chai 20 Tea Bags 40G,https://www.tesco.com/groceries/en-GB/products/272565168,1687616562.211122,"['£4.00', '£10.00/100g']",4.0,£10.00/100g
13541,Piccini Memoro Red 75Cl,https://www.tesco.com/groceries/en-GB/products/268451032,1687616562.2788758,"['£8.00', '£8.00/75cl']",8.0,£8.00/75cl
13542,Innocent Blue Spark Super Smoothie 750Ml,https://www.tesco.com/groceries/en-GB/products/305524708,1687616562.35273,"['£4.50', '£0.60/100ml']",4.5,£0.60/100ml
13543,Vocation Hop Skip & Juice Hazy Pale Ale 4X440ml,https://www.tesco.com/groceries/en-GB/products/309468054,1687616562.429882,"['£8.00', '£4.54/litre']",8.0,£4.54/litre
13544,Strongbow Cloudy Apple Cider 10 X 440Ml,https://www.tesco.com/groceries/en-GB/products/305988821,1687616562.5063071,"['£10.00', '£2.27/litre']",10.0,£2.27/litre
13545,Lavazza A Modo Mio Lungo Dolce Coffee 16 Capsules,https://www.tesco.com/groceries/en-GB/products/283314328,1687616562.605163,"['£4.40', '£3.44/100g']",4.4,£3.44/100g
13546,Hoegaarden White Beer 4X330 Ml Bottles,https://www.tesco.com/groceries/en-GB/products/251879140,1687616562.694231,"['£6.00', '£4.54/litre']",6.0,£4.54/litre
13547,Costa Coffee Caramel Latte Cans 4 X 250Ml,https://www.tesco.com/groceries/en-GB/products/308850651,1687616562.853695,"['£4.50', '£0.45/100ml']",4.5,£0.45/100ml
13548,Gordon's Gin & Slimline Tonic 250Ml 10 Pack,https://www.tesco.com/groceries/en-GB/products/295430425,1687616562.934426,"['£16.00', '£6.40/litre']",16.0,£6.40/litre
13549,Marques De Los Zancos Rioja Crianza 75Cl,https://www.tesco.com/groceries/en-GB/products/310133052,1687616563.046081,"['£6.75', '£6.75/75cl']",6.75,£6.75/75cl
13550,Diablo Red Blend 750Ml,https://www.tesco.com/groceries/en-GB/products/299042348,1687616563.1202528,"['£10.00', '£10.00/75cl']",10.0,£10.00/75cl
13551,Remedy Kombucha Raspberry Lemonade 4X330ml,https://www.tesco.com/groceries/en-GB/products/307142575,1687616563.219008,"['£5.25', '£0.40/100ml']",5.25,£0.40/100ml
13552,Corona Extra 10 X 330Ml,https://www.tesco.com/groceries/en-GB/products/306942275,1687616563.305558,"['£10.00', '£3.03/litre']",10.0,£3.03/litre
13553,Tesco Low Alcohol Garnacha Rose 75Cl,https://www.tesco.com/groceries/en-GB/products/296671437,1687616563.379494,"['£3.50', '£3.50/75cl']",3.5,£3.50/75cl
13554,The Pebble Sauvignon Blanc 75Cl,https://www.tesco.com/groceries/en-GB/products/301908624,1687616563.455316,"['£9.00', '£9.00/75cl']",9.0,£9.00/75cl
13555,Twinings Peach & Orange 20 Teabags 40G,https://www.tesco.com/groceries/en-GB/products/306496791,1687616563.55232,"['£2.80', '£7.00/100g']",2.8,£7.00/100g
13556,Twinings Green Tea And Mint 20'S 40G,https://www.tesco.com/groceries/en-GB/products/264763809,1687616563.680099,"['£2.50', '£6.25/100g']",2.5,£6.25/100g
13557,Badger Tangle Foot Traditional Golden Ale 4 X 440Ml,https://www.tesco.com/groceries/en-GB/products/305962978,1687616563.8311691,"['£5.00', '£2.84/litre']",5.0,£2.84/litre
13558,Twinings Jasmine Green Teabags 20'S 50G,https://www.tesco.com/groceries/en-GB/products/252178478,1687616563.9495082,"['£2.50', '£5.00/100g']",2.5,£5.00/100g
13559,Alpro Barista Oat Chilled Drink 750Ml,https://www.tesco.com/groceries/en-GB/products/309187115,1687616564.0390122,"['£2.10', '£2.80/litre']",2.1,£2.80/litre
13560,Glaceau Smartwater Sport Cap 850Ml,https://www.tesco.com/groceries/en-GB/products/293541591,1687616564.107588,"['£1.30', '£0.15/100ml']",1.3,£0.15/100ml
13561,Clipper Snore & Peace Chamomile Lemon & Lavender Tea Bags 30G,https://www.tesco.com/groceries/en-GB/products/311797796,1687616564.2321239,"['£2.50', '£8.33/100g']",2.5,£8.33/100g
13562,"Gordon's Pink Gin 5Cl, Glass & Shimmer Gift Set",https://www.tesco.com/groceries/en-GB/products/312215799,1687616564.3050082,"['£8.00', '£8.00/each']",8.0,£8.00/each
13563,Lanson Le Rose Brut 75Cl,https://www.tesco.com/groceries/en-GB/products/255245659,1687616564.37275,"['£44.00', '£44.00/75cl']",44.0,£44.00/75cl
13564,Tesco Pale Cream Fortified British Wine 1L.,https://www.tesco.com/groceries/en-GB/products/255247058,1687616564.462854,"['£5.85', '£4.39/75cl']",5.85,£4.39/75cl
13565,Shaken Udder Chocolush Milkshake 330Ml,https://www.tesco.com/groceries/en-GB/products/268891449,1687616564.5299299,"['£1.60', '£0.48/100ml']",1.6,£0.48/100ml
13566,Westmalle Dubbel Trappist Ale Dark 7% 330Ml,https://www.tesco.com/groceries/en-GB/products/295221379,1687616564.596977,"['£2.25', '£6.82/litre']",2.25,£6.82/litre
13567,Duvel Triple Hop Belgian Golden Ale 330Ml,https://www.tesco.com/groceries/en-GB/products/297686390,1687616571.650209,"['£2.50', '£7.58/litre']",2.5,£7.58/litre
13568,Naked Strawberry & Banana Smoothie 300Ml,https://www.tesco.com/groceries/en-GB/products/313505748,1687616571.724895,"['£2.10', '£0.70/100ml']",2.1,£0.70/100ml
13569,Brothers Marshmallow English Cider 500Ml,https://www.tesco.com/groceries/en-GB/products/305728116,1687616571.845758,"['£2.45', '£4.90/litre']",2.45,£4.90/litre
13570,Coca Cola Zero 330Ml,https://www.tesco.com/groceries/en-GB/products/273350743,1687616571.9535549,"['£1.00', '£0.30/100ml']",1.0,£0.30/100ml
13571,Robinsons No Added Sugar Ready To Drink Blackberry & Blueberry 500Ml,https://www.tesco.com/groceries/en-GB/products/309467562,1687616572.066964,"['£1.15', '£0.23/100ml']",1.15,£0.23/100ml
13572,Echo Falls Fruit Peach & Mango 5.5% 750Ml,https://www.tesco.com/groceries/en-GB/products/307338079,1687616572.186081,"['£3.25', '£3.25/75cl']",3.25,£3.25/75cl
13573,Lavazza Qualita Rossa Coffee Beans 1Kg,https://www.tesco.com/groceries/en-GB/products/261258831,1687616572.25717,"['£15.75', '£1.58/100g']",15.75,£1.58/100g
13574,Mirabeau Pure Provence Rose 75Cl,https://www.tesco.com/groceries/en-GB/products/308827697,1687616572.324406,"['£15.50', '£15.50/75cl']",15.5,£15.50/75cl
13575,Red Bull Energy Drink 12 X 250Ml,https://www.tesco.com/groceries/en-GB/products/251028192,1687616572.3950741,"['£13.00', '£0.43/100ml']",13.0,£0.43/100ml
13576,The Famous Grouse Scotch Whisky 70Cl,https://www.tesco.com/groceries/en-GB/products/256521498,1687616572.4635022,"['£16.50', '£23.57/litre']",16.5,£23.57/litre
13577,Aprimondo Appassimento 750Ml,https://www.tesco.com/groceries/en-GB/products/304376412,1687616572.534642,"['£8.50', '£8.50/75cl']",8.5,£8.50/75cl
13578,Paul Mas Languedoc Blanc 750Ml,https://www.tesco.com/groceries/en-GB/products/312712737,1687616572.6144278,"['£10.00', '£10.00/75cl']",10.0,£10.00/75cl
13579,Canderel Refil Sachets 500Pk 42.5G,https://www.tesco.com/groceries/en-GB/products/250028660,1687616572.705833,"['£5.30', '£124.71/kg']",5.3,£124.71/kg
13580,Francois Martenot Chardonnay 750Ml,https://www.tesco.com/groceries/en-GB/products/311680640,1687616572.773812,"['£7.00', '£7.00/75cl']",7.0,£7.00/75cl
13581,Boschendal Sauvignon Blanc 75Cl,https://www.tesco.com/groceries/en-GB/products/256820357,1687616572.845379,"['£9.00', '£9.00/75cl']",9.0,£9.00/75cl
13582,Tesco Finest Roast & Ground Colombian Coffee Decaffeinated 227G,https://www.tesco.com/groceries/en-GB/products/307132466,1687616572.9360871,"['£3.90', '£1.72/100g']",3.9,£1.72/100g
13583,Tesco Finest Accordo Decaffeinated Coffee Capsules 54G,https://www.tesco.com/groceries/en-GB/products/309204148,1687616573.003912,"['£2.90', '£5.37/100g']",2.9,£5.37/100g
13584,Costa Coffee Brazilian Blend Ristretto 57G,https://www.tesco.com/groceries/en-GB/products/304416717,1687616573.078082,"['£3.15', '£5.53/100g']",3.15,£5.53/100g
13585,Prima Luna Frascati 750Ml,https://www.tesco.com/groceries/en-GB/products/311271957,1687616573.19771,"['£5.75', '£5.75/75cl']",5.75,£5.75/75cl
13586,Thatchers Cloudy Lemon Cider 4 X 440Ml,https://www.tesco.com/groceries/en-GB/products/305738369,1687616573.267863,"['£5.50', '£3.12/litre']",5.5,£3.12/litre
13587,Tropicana Multivitamins 300Ml,https://www.tesco.com/groceries/en-GB/products/287939251,1687616573.341623,"['£1.90', '£0.63/100ml']",1.9,£0.63/100ml
13588,Starbucks Caramel Macchiato Flavoured Coffee 750Ml,https://www.tesco.com/groceries/en-GB/products/311667187,1687616573.461544,"['£3.75', '£0.50/100ml']",3.75,£0.50/100ml
13589,Costa Coffee Late 250Ml,https://www.tesco.com/groceries/en-GB/products/304400252,1687616573.5570712,"['£1.80', '£0.72/100ml']",1.8,£0.72/100ml
13590,Tropicana Original Orange Juice 300Ml,https://www.tesco.com/groceries/en-GB/products/287438135,1687616573.6482172,"['£1.90', '£0.63/100ml']",1.9,£0.63/100ml
13591,Bruce Jack Sauvignon Blanc 2020 750Ml,https://www.tesco.com/groceries/en-GB/products/306823192,1687616573.762893,"['£7.00', '£7.00/75cl']",7.0,£7.00/75cl
13592,Fanta Lemon 500Ml,https://www.tesco.com/groceries/en-GB/products/252062033,1687616573.856373,"['£1.70', '£0.34/100ml']",1.7,£0.34/100ml
13593,Welch's Purple Grape Juice 1 Litre,https://www.tesco.com/groceries/en-GB/products/253404930,1687616573.972138,"['£2.80', '£0.28/100ml']",2.8,£0.28/100ml
13594,Vita Coco 100% Natural Coconut Water 500Ml,https://www.tesco.com/groceries/en-GB/products/274623051,1687616574.068786,"['£2.49', '£0.50/100ml']",2.49,£0.50/100ml
13596,Coca Cola Zero Cherry 500Ml,https://www.tesco.com/groceries/en-GB/products/292389520,1687616574.377488,"['£1.59', '£0.32/100ml']",1.59,£0.32/100ml
13597,Naked Rainbow Machine Smoothie 750Ml,https://www.tesco.com/groceries/en-GB/products/308452984,1687616574.490506,"['£4.75', '£0.63/100ml']",4.75,£0.63/100ml
13598,Diet Coke Caffeine Free 500Ml,https://www.tesco.com/groceries/en-GB/products/251616826,1687616574.581311,"['£1.59', '£0.32/100ml']",1.59,£0.32/100ml
13599,Tesco Double Strength Fruit & Barley No Added Sugar Orange 1L,https://www.tesco.com/groceries/en-GB/products/312560308,1687616574.707934,"['£1.75', '£0.18/100ml']",1.75,£0.18/100ml
13600,Scots Club Blended Scotch Whisky 70Cl,https://www.tesco.com/groceries/en-GB/products/291725567,1687616574.781245,"['£11.75', '£16.79/litre']",11.75,£16.79/litre
13601,London Essence Original Indian Tonic Water 500Ml,https://www.tesco.com/groceries/en-GB/products/305052879,1687616574.8543942,"['£2.00', '£0.40/100ml']",2.0,£0.40/100ml
13602,Diet Coke Sublime Lime 500Ml,https://www.tesco.com/groceries/en-GB/products/305432552,1687616574.928587,"['£1.59', '£0.32/100ml']",1.59,£0.32/100ml
13603,Get More Vitamin D Still Mango & Passion Fruit 1Ltr,https://www.tesco.com/groceries/en-GB/products/296660139,1687616575.04606,"['£1.80', '£0.18/100ml']",1.8,£0.18/100ml
13604,Tesco Lemon & Ginger 40S 80G,https://www.tesco.com/groceries/en-GB/products/272478761,1687616575.114599,"['£1.00', '£1.25/100g']",1.0,£1.25/100g
13605,Smirnoff Passionfruit Martini Cocktail 250Ml,https://www.tesco.com/groceries/en-GB/products/312084463,1687616575.1828039,"['£2.40', '£9.60/litre']",2.4,£9.60/litre
13606,Tesco Finest Gold Loose Leaf Tea 250G,https://www.tesco.com/groceries/en-GB/products/313378074,1687616575.286884,"['£1.70', '£0.68/100g']",1.7,£0.68/100g
13607,Perfectly Clear Red Apple Sugar Free Flavoured water 1.5L,https://www.tesco.com/groceries/en-GB/products/314424312,1687616575.3588932,"['£1.00', '£0.07/100ml']",1.0,£0.07/100ml
13608,Perfectly Clear Summer Fruits Sugar Free Flavoured water 1.5L,https://www.tesco.com/groceries/en-GB/products/314823024,1687616575.4425228,"['£1.00', '£0.07/100ml']",1.0,£0.07/100ml
13609,Perfectly Clear Cherry & Raspberry Sugar Free Flavoured water 1.5L,https://www.tesco.com/groceries/en-GB/products/314581787,1687616575.518523,"['£1.00', '£0.07/100ml']",1.0,£0.07/100ml
13610,Carib Caribbean Lager 330Ml,https://www.tesco.com/groceries/en-GB/products/266317057,1687616575.5952508,"['£1.40', '£4.24/litre']",1.4,£4.24/litre
13611,Italiano Lambrusco Bianco 75Cl,https://www.tesco.com/groceries/en-GB/products/311441517,1687616575.66674,"['£3.00', '£3.00/75cl']",3.0,£3.00/75cl
13612,Tesco Dark Rum 35Cl,https://www.tesco.com/groceries/en-GB/products/261051126,1687616575.7366772,"['£5.75', '£16.43/litre']",5.75,£16.43/litre
13613,Paco & Lola Albarino 75Cl,https://www.tesco.com/groceries/en-GB/products/300440607,1687616575.8096871,"['£14.00', '£14.00/75cl']",14.0,£14.00/75cl
13614,Villa Maria Private Bin Pinot Noir 75Cl,https://www.tesco.com/groceries/en-GB/products/262253224,1687616575.9127371,"['£12.00', '£12.00/75cl']",12.0,£12.00/75cl
13615,Studio By Miraval Mediterranean Rose Wine 750Ml,https://www.tesco.com/groceries/en-GB/products/304797714,1687616582.7747,"['£12.00', '£12.00/75cl']",12.0,£12.00/75cl
13616,Georges Duboeuf Fleurie 75Cl,https://www.tesco.com/groceries/en-GB/products/308490713,1687616582.939817,"['£13.00', '£13.00/75cl']",13.0,£13.00/75cl
13617,Moillard Burgundy Gamay 75Cl,https://www.tesco.com/groceries/en-GB/products/299772031,1687616583.063005,"['£11.00', '£11.00/75cl']",11.0,£11.00/75cl
13618,Tesco Finest South African Shiraz 75Cl,https://www.tesco.com/groceries/en-GB/products/274763570,1687616583.135809,"['£7.50', '£7.50/75cl']",7.5,£7.50/75cl
13620,Tesco Finest Amarone Valpolicella Docg 75C,https://www.tesco.com/groceries/en-GB/products/286703157,1687616583.287714,"['£16.00', '£16.00/75cl']",16.0,£16.00/75cl
13621,Jameson Irish Whiskey Bottle,https://www.tesco.com/groceries/en-GB/products/256409920,1687616583.361699,"['£24.00', '£34.29/litre']",24.0,£34.29/litre
13622,Amarula Original Cream Liqueur 70Cl,https://www.tesco.com/groceries/en-GB/products/250714435,1687616583.4541702,"['£12.50', '£17.86/litre']",12.5,£17.86/litre
13623,Pepperbox Shiraz Wine 750Ml,https://www.tesco.com/groceries/en-GB/products/309163944,1687616583.54546,"['£10.00', '£10.00/75cl']",10.0,£10.00/75cl
13624,Patient Cottat Pouilly Fume 750Ml,https://www.tesco.com/groceries/en-GB/products/310158973,1687616583.6146991,"['£15.00', '£15.00/75cl']",15.0,£15.00/75cl
13625,Edinburgh Gin Selection Gift Set,https://www.tesco.com/groceries/en-GB/products/306953262,1687616583.6873019,"['£8.00', '£53.33/litre']",8.0,£53.33/litre
13626,Tesco Medium Dry Fortified British Wine 1L.,https://www.tesco.com/groceries/en-GB/products/255247035,1687616583.761058,"['£5.85', '£4.39/75cl']",5.85,£4.39/75cl
13627,Des Tourelles Bordeaux Superieur 75Cl,https://www.tesco.com/groceries/en-GB/products/311798991,1687616583.8309681,"['£7.00', '£7.00/75cl']",7.0,£7.00/75cl
13628,Palais St Vigni Cotes Du Rhone Villages 75Cl,https://www.tesco.com/groceries/en-GB/products/301839348,1687616583.904595,"['£7.00', '£7.00/75cl']",7.0,£7.00/75cl
13629,Simonnet Febvre Brut Cremant De Bourgogne 75Cl,https://www.tesco.com/groceries/en-GB/products/311791347,1687616583.985777,"['£15.00', '£15.00/75cl']",15.0,£15.00/75cl
13630,Tetley Extra Strong 75 Teabags 237G,https://www.tesco.com/groceries/en-GB/products/287128836,1687616584.0517702,"['£3.50', '£1.48/100g']",3.5,£1.48/100g
13631,Bell's Original Whisky 70Cl,https://www.tesco.com/groceries/en-GB/products/259776617,1687616584.145393,"['£16.50', '£23.57/litre']",16.5,£23.57/litre
13632,Maschio Prosecco Extra Dry 75Cl,https://www.tesco.com/groceries/en-GB/products/262273010,1687616584.272171,"['£10.00', '£10.00/75cl']",10.0,£10.00/75cl
13633,Au Vodka Black Grape 330Ml,https://www.tesco.com/groceries/en-GB/products/312997108,1687616584.3663921,"['£3.00', '£9.09/litre']",3.0,£9.09/litre
13634,Yazoo Chocolate No Added Sugar Milk Drink 6 X 200 Ml,https://www.tesco.com/groceries/en-GB/products/312359527,1687616584.457094,"['£2.40', '£0.20/100ml']",2.4,£0.20/100ml
13635,Twinnings Fennel Teabags 20S 40G,https://www.tesco.com/groceries/en-GB/products/258216505,1687616584.5309482,"['£2.50', '£6.25/100g']",2.5,£6.25/100g
13636,Dino Primitivo 75Cl,https://www.tesco.com/groceries/en-GB/products/311952707,1687616584.623044,"['£6.00', '£6.00/75cl']",6.0,£6.00/75cl
13637,Innis & Gunn Lager Beer 4X440ml,https://www.tesco.com/groceries/en-GB/products/295724907,1687616584.689423,"['£4.49', '£2.55/litre']",4.49,£2.55/litre
13638,Tetley Green Tea Matcha 50 Tea Bags 105g,https://www.tesco.com/groceries/en-GB/products/314414027,1687616584.760281,"['£2.25', '£2.14/100g']",2.25,£2.14/100g
13639,Tesco Finest Assam Leaf Tea 125G,https://www.tesco.com/groceries/en-GB/products/279322353,1687616584.853697,"['£1.70', '£1.36/100g']",1.7,£1.36/100g
13640,Innocent Berry Set Go Juice 750Ml,https://www.tesco.com/groceries/en-GB/products/303415121,1687616584.93054,"['£3.80', '£0.51/100ml']",3.8,£0.51/100ml
13641,Innocent Mangoes Passion Fruit 250Ml,https://www.tesco.com/groceries/en-GB/products/253845275,1687616585.023456,"['£2.00', '£0.80/100ml']",2.0,£0.80/100ml
13642,Coke Zero 4X250ml,https://www.tesco.com/groceries/en-GB/products/298025503,1687616585.135724,"['£4.20', '£0.42/100ml']",4.2,£0.42/100ml
13643,Shaken Udder Strawberries & Clotted Cream Milkshake 750Ml,https://www.tesco.com/groceries/en-GB/products/305965917,1687616585.237806,"['£2.45', '£0.33/100ml']",2.45,£0.33/100ml
13644,Rubicon Spring Orange Mango 1.5L,https://www.tesco.com/groceries/en-GB/products/298162829,1687616585.3267899,"['£1.60', '£0.11/100ml']",1.6,£0.11/100ml
13645,Alpro Hazelnut Chilled Drink 1Litre,https://www.tesco.com/groceries/en-GB/products/272103606,1687616585.394326,"['£2.10', '£2.10/litre']",2.1,£2.10/litre
13646,Black Tower Smooth Red 750Ml,https://www.tesco.com/groceries/en-GB/products/281380355,1687616585.4834461,"['£5.00', '£5.00/75cl']",5.0,£5.00/75cl
13647,Tenzing Natural Energy Pineapple & Passion Fruit 330Ml,https://www.tesco.com/groceries/en-GB/products/309782089,1687616585.616149,"['£1.80', '£0.54/100ml']",1.8,£0.54/100ml
13648,Red Bull Energy Drink Sugar Free 473Ml,https://www.tesco.com/groceries/en-GB/products/298026024,1687616585.730892,"['£2.30', '£0.49/100ml']",2.3,£0.49/100ml
13649,HENDRICK'S FLORA ADORA GIN 70CL,https://www.tesco.com/groceries/en-GB/products/313843105,1687616585.845564,"['£30.00', '£42.86/litre']",30.0,£42.86/litre
13650,Casa Mana Tempranillo Garnacha Rose 75Cl,https://www.tesco.com/groceries/en-GB/products/310159004,1687616585.9362,"['£3.89', '£3.89/75cl']",3.89,£3.89/75cl
13651,Whitley Neill Black Cherry Gin 70Cl,https://www.tesco.com/groceries/en-GB/products/313001477,1687616586.01056,"['£28.00', '£40.00/litre']",28.0,£40.00/litre
13652,Mount Gay Barbados Rum 70Cl Bottle,https://www.tesco.com/groceries/en-GB/products/255947376,1687616586.0789208,"['£22.00', '£31.43/litre']",22.0,£31.43/litre
13653,Laphroaig Select Malt Whisky 70Cl - Smoky,https://www.tesco.com/groceries/en-GB/products/285331961,1687616586.145003,"['£33.00', '£47.14/litre']",33.0,£47.14/litre
13654,Havana Club 7 Year Old Dark Rum 70Cl,https://www.tesco.com/groceries/en-GB/products/268439480,1687616586.2320461,"['£26.00', '£37.14/litre']",26.0,£37.14/litre
13655,Pellegrino Marsala Superiore 75Cl,https://www.tesco.com/groceries/en-GB/products/257466043,1687616586.3382342,"['£11.00', '£11.00/75cl']",11.0,£11.00/75cl
13656,Illy Espresso Ground Coffee 250G,https://www.tesco.com/groceries/en-GB/products/250351950,1687616586.413717,"['£6.80', '£2.72/100g']",6.8,£2.72/100g
13657,Smirnoff Flavoured Vodka Mango & Passion Fruit 700Ml,https://www.tesco.com/groceries/en-GB/products/310170554,1687616586.4862442,"['£17.50', '£25.00/litre']",17.5,£25.00/litre
13658,Pukka Peace Organic Tea 20 Sachets 30G,https://www.tesco.com/groceries/en-GB/products/302306563,1687616586.5585542,"['£4.00', '£13.33/100g']",4.0,£13.33/100g
13659,Rocca Alata Valpolicella 75Cl,https://www.tesco.com/groceries/en-GB/products/306660320,1687616586.631985,"['£8.00', '£8.00/75cl']",8.0,£8.00/75cl
13660,Dalwhinnie Winter Gold Wky 70Cl - Spicy,https://www.tesco.com/groceries/en-GB/products/290873041,1687616586.70481,"['£42.00', '£60.00/litre']",42.0,£60.00/litre
13661,Luis Felipe Edwards Gran Reserve Pinot Noir 75Cl,https://www.tesco.com/groceries/en-GB/products/311216327,1687616586.7987862,"['£10.00', '£10.00/75cl']",10.0,£10.00/75cl
13662,Louis Latour Bourgogne Chardonnay 75Cl,https://www.tesco.com/groceries/en-GB/products/308471454,1687616586.871857,"['£15.00', '£15.00/75cl']",15.0,£15.00/75cl
13664,Purdeys Grape & Apple Natural Energy Drink 4X250ml,https://www.tesco.com/groceries/en-GB/products/308468712,1687616593.472333,"['£4.00', '£0.40/100ml']",4.0,£0.40/100ml
13665,Beefeater Blood Orange Gin 70Cl,https://www.tesco.com/groceries/en-GB/products/303732874,1687616593.6510248,"['£17.00', '£24.29/litre']",17.0,£24.29/litre
13666,Bacchus Kriek 375Ml,https://www.tesco.com/groceries/en-GB/products/259940757,1687616593.751931,"['£3.25', '£8.67/litre']",3.25,£8.67/litre
13667,Aime Roquesante Coteaux Varois En Provence Rose,https://www.tesco.com/groceries/en-GB/products/299964927,1687616593.855177,"['£8.00', '£8.00/75cl']",8.0,£8.00/75cl
13668,Famous Grouse Scotch Whisky 35Cl,https://www.tesco.com/groceries/en-GB/products/256521469,1687616593.9237041,"['£10.50', '£30.00/litre']",10.5,£30.00/litre
13669,Diet Coke Sublime Lime 10 X 330Ml,https://www.tesco.com/groceries/en-GB/products/309165049,1687616594.0147352,"['£4.69', '£0.14/100ml']",4.69,£0.14/100ml
13670,Monster Pacific Punch Energy Drink 4 X 500Ml,https://www.tesco.com/groceries/en-GB/products/309176249,1687616594.1066508,"['£5.80', '£0.29/100ml']",5.8,£0.29/100ml
13671,Gordon's Premium Pink Gin & Tonic Premix 4 X 250Ml,https://www.tesco.com/groceries/en-GB/products/301689732,1687616594.178106,"['£6.00', '£6.00/litre']",6.0,£6.00/litre
13672,Canti Prosecco Rose 200Ml & Milk Prseco Truffles 38G,https://www.tesco.com/groceries/en-GB/products/312361544,1687616594.248752,"['£5.50', '£5.50/each']",5.5,£5.50/each
13673,Mcewan's Champion 4X440ml,https://www.tesco.com/groceries/en-GB/products/305524167,1687616594.318351,"['£6.00', '£3.41/litre']",6.0,£3.41/litre
13674,Tesco Special Reserve Scotch Whisky 35Cl,https://www.tesco.com/groceries/en-GB/products/255986761,1687616594.387475,"['£6.50', '£18.57/litre']",6.5,£18.57/litre
13675,Guinness Nigerian Stout Bottle 4 X 325Ml,https://www.tesco.com/groceries/en-GB/products/271232852,1687616594.455967,"['£7.00', '£5.38/litre']",7.0,£5.38/litre
13676,Ribena No Added Sugar Strawberry Cartons 6X250ml,https://www.tesco.com/groceries/en-GB/products/305972298,1687616594.553569,"['£2.65', '£0.18/100ml']",2.65,£0.18/100ml
13678,Northern Monk Wasted Summerfruits Pale Ale 440Ml,https://www.tesco.com/groceries/en-GB/products/314698957,1687616594.7253602,"['£3.00', '£6.82/litre']",3.0,£6.82/litre
13679,Tesco Double Strength Fruit & Barley No Added Sugar Summer Fruits 1L,https://www.tesco.com/groceries/en-GB/products/312577652,1687616594.8214772,"['£1.75', '£0.18/100ml']",1.75,£0.18/100ml
13680,Shaken Udder Vanilla-Licious Milkshake 330Ml,https://www.tesco.com/groceries/en-GB/products/268890865,1687616594.89255,"['£1.60', '£0.48/100ml']",1.6,£0.48/100ml
13681,Lucozade Energy Orange 500Ml,https://www.tesco.com/groceries/en-GB/products/263850201,1687616594.959105,"['£1.69', '£0.34/100ml']",1.69,£0.34/100ml
13682,Lucozade Sport Orange Still 500Ml,https://www.tesco.com/groceries/en-GB/products/255231748,1687616595.0784872,"['£1.70', '£0.34/100ml']",1.7,£0.34/100ml
13683,Red Bull Sugar Free Energy Drink 250Ml,https://www.tesco.com/groceries/en-GB/products/256128751,1687616595.19547,"['£1.40', '£0.56/100ml']",1.4,£0.56/100ml
13684,Rubicon Sparkling Zero Added Sugar Mango 2 Litre,https://www.tesco.com/groceries/en-GB/products/302288329,1687616595.3046348,"['£1.80', '£0.09/100ml']",1.8,£0.09/100ml
13685,La Vieille Ferme Rose 187Ml,https://www.tesco.com/groceries/en-GB/products/309463762,1687616595.372014,"['£2.60', '£10.43/75cl']",2.6,£10.43/75cl
13686,All Shook Up Mixed Berry Mojito 250Ml,https://www.tesco.com/groceries/en-GB/products/308101185,1687616595.462656,"['£1.85', '£7.40/litre']",1.85,£7.40/litre
13687,Bosun's Bay Dark Rum 70Cl,https://www.tesco.com/groceries/en-GB/products/308482648,1687616595.557389,"['£10.50', '£15.00/litre']",10.5,£15.00/litre
13688,Mumm Cordon Rouge Champagne Non Vintage 75Cl,https://www.tesco.com/groceries/en-GB/products/257377027,1687616595.625524,"['£39.00', '£39.00/75cl']",39.0,£39.00/75cl
13689,Bird In Hand Two In The Bush Shiraz 750Ml,https://www.tesco.com/groceries/en-GB/products/309188689,1687616595.692767,"['£14.00', '£14.00/75cl']",14.0,£14.00/75cl
13690,Sierra Tequila Silver 50Cl,https://www.tesco.com/groceries/en-GB/products/251554766,1687616595.759889,"['£15.50', '£31.00/litre']",15.5,£31.00/litre
13691,Gordons Alcohol Free Spirit 70Cl,https://www.tesco.com/groceries/en-GB/products/308082033,1687616595.86066,"['£15.00', '£21.43/litre']",15.0,£21.43/litre
13692,Plymouth Gin 70Cl,https://www.tesco.com/groceries/en-GB/products/278452995,1687616595.9327319,"['£26.00', '£37.14/litre']",26.0,£37.14/litre
13693,Luis Felipe Edwards Cabernet Sauvignon 75Cl,https://www.tesco.com/groceries/en-GB/products/310144747,1687616596.024402,"['£10.00', '£10.00/75cl']",10.0,£10.00/75cl
13694,De Colmar Gewurztraminer 750Ml,https://www.tesco.com/groceries/en-GB/products/306935369,1687616596.093042,"['£10.00', '£10.00/75cl']",10.0,£10.00/75cl
13695,Kopparberg Pear 10X330ml,https://www.tesco.com/groceries/en-GB/products/287488962,1687616596.158957,"['£10.00', '£3.03/litre']",10.0,£3.03/litre
13696,Pure Via Sweet Granules With Stevia Leaf 250G,https://www.tesco.com/groceries/en-GB/products/304116992,1687616596.3136818,"['£4.60', '£18.40/kg']",4.6,£18.40/kg
13697,Pukka Organic 20 Lemongrass & Ginger Tea Bags 36G,https://www.tesco.com/groceries/en-GB/products/301419615,1687616596.379741,"['£4.00', '£11.11/100g']",4.0,£11.11/100g
13698,Lambs Navy Rum 1L,https://www.tesco.com/groceries/en-GB/products/271233614,1687616596.451628,"['£22.00', '£22.00/litre']",22.0,£22.00/litre
13699,Bushmill Original 700Ml Irish Whiskey,https://www.tesco.com/groceries/en-GB/products/251773944,1687616596.540309,"['£21.00', '£30.00/litre']",21.0,£30.00/litre
13700,Castillo San Lorenzo Reserva 75Cl,https://www.tesco.com/groceries/en-GB/products/256990990,1687616596.628727,"['£7.50', '£7.50/75cl']",7.5,£7.50/75cl
13701,Wairau Cove Marlborough Sauvignon Blanc 2.25L,https://www.tesco.com/groceries/en-GB/products/312562266,1687616596.698636,"['£21.00', '£7.00/75cl']",21.0,£7.00/75cl
13702,Salt Jute Session Ipa 4X330ml,https://www.tesco.com/groceries/en-GB/products/307159285,1687616596.786208,"['£6.00', '£4.54/litre']",6.0,£4.54/litre
13703,Sweet Freedom Chocolate Shot Liquid Chocolate 320G,https://www.tesco.com/groceries/en-GB/products/278831973,1687616596.856411,"['£3.50', '£1.09/100g']",3.5,£1.09/100g
13704,Casillero Reserva Especial Sauvignon Blanc 75Cl,https://www.tesco.com/groceries/en-GB/products/310679581,1687616596.923102,"['£9.00', '£9.00/75cl']",9.0,£9.00/75cl
13705,Delirium Blonde Belgian Ale 330Ml,https://www.tesco.com/groceries/en-GB/products/297862210,1687616597.019947,"['£3.00', '£9.09/litre']",3.0,£9.09/litre
13706,Califia Farms Mocha Cold Coffee With Almond 750Ml,https://www.tesco.com/groceries/en-GB/products/304370983,1687616597.089453,"['£2.95', '£0.39/100ml']",2.95,£0.39/100ml
13707,Califia Farms Xx Espresso Cold Brew Dairy Free Coffee 750Ml,https://www.tesco.com/groceries/en-GB/products/304395556,1687616597.174485,"['£2.95', '£0.39/100ml']",2.95,£0.39/100ml
13708,Galaxy Vegan Instant Hot Chocolate 250G,https://www.tesco.com/groceries/en-GB/products/309177185,1687616597.250852,"['£3.00', '£1.20/100g']",3.0,£1.20/100g
13709,Lavazza Espresso Lungo Coffee Capsules X10 45G,https://www.tesco.com/groceries/en-GB/products/311957072,1687616597.3348658,"['£3.50', '£6.25/100g']",3.5,£6.25/100g
13710,Soffio Prosecco Spumante 75Cl,https://www.tesco.com/groceries/en-GB/products/296863527,1687616597.4113889,"['£10.00', '£10.00/75cl']",10.0,£10.00/75cl
13711,Amarone Docg Valpolicella Rocca Alata 75Cl,https://www.tesco.com/groceries/en-GB/products/251954008,1687616603.2032661,"['£18.00', '£18.00/75cl']",18.0,£18.00/75cl
13712,Stolichnaya Premium Vodka 70Cl,https://www.tesco.com/groceries/en-GB/products/256914391,1687616603.274925,"['£20.00', '£28.57/litre']",20.0,£28.57/litre
13713,Chivas Regal 12 Year Old Blended Whisky 70Cl,https://www.tesco.com/groceries/en-GB/products/256565653,1687616603.356627,"['£28.00', '£40.00/litre']",28.0,£40.00/litre
13714,Tesco Finest Xo Brandy 70Cl,https://www.tesco.com/groceries/en-GB/products/285694317,1687616603.431803,"['£16.50', '£23.57/litre']",16.5,£23.57/litre
13715,Piccini Chianti Riserva 75Cl,https://www.tesco.com/groceries/en-GB/products/260505760,1687616603.499721,"['£8.00', '£8.00/75cl']",8.0,£8.00/75cl
13716,Gonzalez Tio Pepe Sherry 75Cl,https://www.tesco.com/groceries/en-GB/products/257467791,1687616603.566565,"['£11.50', '£11.50/75cl']",11.5,£11.50/75cl
13717,Natvia All Natural Sweetener 300G,https://www.tesco.com/groceries/en-GB/products/291614360,1687616603.6324139,"['£5.00', '£16.67/kg']",5.0,£16.67/kg
13718,Funkin Cocktails Passion Fruit Martini 700Ml,https://www.tesco.com/groceries/en-GB/products/309207259,1687616603.699141,"['£9.50', '£13.57/litre']",9.5,£13.57/litre
13719,Aspall Premier Cru Apple Cyder 6X500ml,https://www.tesco.com/groceries/en-GB/products/311800972,1687616603.7960472,"['£10.75', '£3.58/litre']",10.75,£3.58/litre
13720,Bird In Hand Sparkling Wine 750Ml,https://www.tesco.com/groceries/en-GB/products/309497508,1687616603.893111,"['£16.00', '£16.00/75cl']",16.0,£16.00/75cl
13721,Casillero Del Diablo Spain Tempranillo 75Cl,https://www.tesco.com/groceries/en-GB/products/308088447,1687616603.9858592,"['£7.50', '£7.50/75cl']",7.5,£7.50/75cl
13722,Remedy Kombucha Mango Passion Drink 4 X 330Ml,https://www.tesco.com/groceries/en-GB/products/311267977,1687616604.054636,"['£5.25', '£0.40/100ml']",5.25,£0.40/100ml
13723,Moth Margarita 125Ml,https://www.tesco.com/groceries/en-GB/products/311690697,1687616604.128473,"['£3.90', '£31.20/litre']",3.9,£31.20/litre
13724,Gordon's Pink Lemonade Alcohol Free Premixed 4X250ml,https://www.tesco.com/groceries/en-GB/products/314309173,1687616604.218816,"['£5.50', '£5.50/litre']",5.5,£5.50/litre
13725,S. Pellegrino Essenza Dark Cherry & Pomegranate 6X330ml,https://www.tesco.com/groceries/en-GB/products/304797052,1687616604.287085,"['£4.20', '£0.21/100ml']",4.2,£0.21/100ml
13726,Costa Coffee Mocha Italia Dolce Gusto Cappuccino 146.4,https://www.tesco.com/groceries/en-GB/products/304376245,1687616604.362775,"['£3.25', '£2.22/100g']",3.25,£2.22/100g
13727,Piccodoro Nero D'avola 75Cl,https://www.tesco.com/groceries/en-GB/products/311439910,1687616604.432464,"['£5.75', '£5.75/75cl']",5.75,£5.75/75cl
13728,Stowford Press Apple Cider 4 X 440Ml Can,https://www.tesco.com/groceries/en-GB/products/303261526,1687616604.5028522,"['£3.50', '£1.99/litre']",3.5,£1.99/litre
13729,Yazoo Strawberry No Added Sugar Milk Drink 6 X 200 Ml,https://www.tesco.com/groceries/en-GB/products/313383793,1687616604.570528,"['£2.40', '£0.20/100ml']",2.4,£0.20/100ml
13730,Twinings Assam Loose Tea 125G,https://www.tesco.com/groceries/en-GB/products/255633747,1687616604.639921,"['£2.50', '£2.00/100g']",2.5,£2.00/100g
13731,Twinings Raspberry & Lemon 20 Teabags 40G,https://www.tesco.com/groceries/en-GB/products/306500659,1687616604.708482,"['£2.80', '£7.00/100g']",2.8,£7.00/100g
13732,Twinings Green Tea And Lemon Tea20s 40G,https://www.tesco.com/groceries/en-GB/products/264763886,1687616604.80042,"['£2.50', '£6.25/100g']",2.5,£6.25/100g
13733,Clipper Restore Organic Ginger & Turmeric Tea 36G,https://www.tesco.com/groceries/en-GB/products/311789702,1687616604.901346,"['£2.50', '£6.94/100g']",2.5,£6.94/100g
13734,Tesco Finest Sloe Berry & Plum Sparkling Drink 750Ml,https://www.tesco.com/groceries/en-GB/products/306660389,1687616604.970907,"['£2.10', '£0.28/100ml']",2.1,£0.28/100ml
13735,Diet Coke 4X250ml,https://www.tesco.com/groceries/en-GB/products/298025388,1687616605.039538,"['£4.20', '£0.42/100ml']",4.2,£0.42/100ml
13736,Vk Orange & Passion Fruit 70Cl,https://www.tesco.com/groceries/en-GB/products/306815743,1687616605.129323,"['£2.00', '£2.86/litre']",2.0,£2.86/litre
13737,Jack Daniels Tennessee Honey & Lemonade 250Ml,https://www.tesco.com/groceries/en-GB/products/308496649,1687616605.20576,"['£1.90', '£7.60/litre']",1.9,£7.60/litre
13738,Vimto Still 500Ml,https://www.tesco.com/groceries/en-GB/products/262080192,1687616605.3021739,"['£1.15', '£0.23/100ml']",1.15,£0.23/100ml
13740,Angelo Poretti Premium Lager 4 X 330Ml,https://www.tesco.com/groceries/en-GB/products/311217580,1687616605.4810581,"['£5.50', '£4.17/litre']",5.5,£4.17/litre
13741,Lateral Chilean Chardonnay 75Cl 75Cl,https://www.tesco.com/groceries/en-GB/products/309748627,1687616605.576004,"['£4.39', '£4.39/75cl']",4.39,£4.39/75cl
13742,Sipsmith London Dry Gin 70Cl,https://www.tesco.com/groceries/en-GB/products/285970774,1687616605.650948,"['£28.50', '£40.71/litre']",28.5,£40.71/litre
13743,Appleton Estate Jamaica Rum 70Cl,https://www.tesco.com/groceries/en-GB/products/259678371,1687616605.71739,"['£25.00', '£35.71/litre']",25.0,£35.71/litre
13744,Jose Cuervo Gold Tequila 70Cl Bottle,https://www.tesco.com/groceries/en-GB/products/255575130,1687616605.7849731,"['£22.50', '£32.14/litre']",22.5,£32.14/litre
13745,Estancia Pinot Noir 750Ml,https://www.tesco.com/groceries/en-GB/products/311444016,1687616605.914712,"['£14.00', '£14.00/75cl']",14.0,£14.00/75cl
13746,Auchentoshan Single Malt Whiskey 70Cl - Fruity,https://www.tesco.com/groceries/en-GB/products/285332856,1687616606.038204,"['£32.00', '£45.71/litre']",32.0,£45.71/litre
13747,Te Pa Signature Series Sauvignon Blanc 75Cl,https://www.tesco.com/groceries/en-GB/products/306808867,1687616606.129935,"['£10.00', '£10.00/75cl']",10.0,£10.00/75cl
13750,Wray & Nephew White Overproof Rum 200Ml,https://www.tesco.com/groceries/en-GB/products/290922329,1687616606.346656,"['£10.00', '£50.00/litre']",10.0,£50.00/litre
13751,Tesco Finest Sancerre Rose 75Cl,https://www.tesco.com/groceries/en-GB/products/279753240,1687616606.4144971,"['£13.00', '£13.00/75cl']",13.0,£13.00/75cl
13752,Options Vegan Belgian Hot Chocolate Drink 200G,https://www.tesco.com/groceries/en-GB/products/309781051,1687616606.4881139,"['£4.50', '£2.25/100g']",4.5,£2.25/100g
13753,Twinings Superblends Sleep 30G,https://www.tesco.com/groceries/en-GB/products/299556161,1687616606.562369,"['£3.50', '£11.67/100g']",3.5,£11.67/100g
13754,Trapiche Reserve Cabernet Sauvignon 75Cl,https://www.tesco.com/groceries/en-GB/products/311224467,1687616606.6354408,"['£7.50', '£7.50/75cl']",7.5,£7.50/75cl
13755,Tesco Finest Earl Grey 100 Teabags 250G,https://www.tesco.com/groceries/en-GB/products/279335960,1687616606.736628,"['£2.60', '£1.04/100g']",2.6,£1.04/100g
13756,Vinalba Reserve Cabernet Sauvignon 75Cl,https://www.tesco.com/groceries/en-GB/products/306819347,1687616606.811826,"['£10.00', '£10.00/75cl']",10.0,£10.00/75cl
13757,Lofbergs Brazil Medium Roast Ground Coffee 450G,https://www.tesco.com/groceries/en-GB/products/311960856,1687616606.9155,"['£5.50', '£1.22/100g']",5.5,£1.22/100g
13758,Gordon's Alcohol Free &Tonic With Lime 4X250ml,https://www.tesco.com/groceries/en-GB/products/309452130,1687616607.007272,"['£5.50', '£5.50/litre']",5.5,£5.50/litre
13759,Tesco Rooibos 80 Bags 200G,https://www.tesco.com/groceries/en-GB/products/300770199,1687616613.860579,"['£2.55', '£1.28/100g']",2.55,£1.28/100g
13760,Relentless Zero Sugar Raspberry Energy Drink 4X500ml,https://www.tesco.com/groceries/en-GB/products/312563567,1687616613.935529,"['£3.90', '£0.20/100ml']",3.9,£0.20/100ml
13761,Mount Impey Malborough Sauvignon Blanc 750Ml,https://www.tesco.com/groceries/en-GB/products/309487872,1687616614.026735,"['£12.00', '£12.00/75cl']",12.0,£12.00/75cl
13762,Grenade Carb Killa Shake Fudge Brownie,https://www.tesco.com/groceries/en-GB/products/301939731,1687616614.098824,"['£2.25', '£0.68/100ml']",2.25,£0.68/100ml
13763,Lavazza Espresso Intenso Coffee Capsules X10 57G,https://www.tesco.com/groceries/en-GB/products/311690023,1687616614.169429,"['£3.50', '£6.14/100g']",3.5,£6.14/100g
13764,Monster Energy Juiced Monarch 500Ml X4,https://www.tesco.com/groceries/en-GB/products/310187598,1687616614.26368,"['£5.80', '£0.29/100ml']",5.8,£0.29/100ml
13765,Twinings Earl Grey Leaf Tea 125G,https://www.tesco.com/groceries/en-GB/products/255633782,1687616614.334591,"['£2.50', '£2.00/100g']",2.5,£2.00/100g
13766,Tymbark Apple Watermelon Drink 2 Litre,https://www.tesco.com/groceries/en-GB/products/300112737,1687616614.4046621,"['£2.55', '£0.13/100ml']",2.55,£0.13/100ml
13767,Hooch Pink Alcoholic Raspberry Lemonade 70Cl,https://www.tesco.com/groceries/en-GB/products/305990368,1687616614.475841,"['£3.00', '£4.29/litre']",3.0,£4.29/litre
13768,Tick Tock Organic Green Tea 40S 72G,https://www.tesco.com/groceries/en-GB/products/286614395,1687616614.547188,"['£2.25', '£3.12/100g']",2.25,£3.12/100g
13769,Brewdog Dead Pony Club Ale 4 X 330Ml,https://www.tesco.com/groceries/en-GB/products/292199853,1687616614.640265,"['£6.00', '£4.54/litre']",6.0,£4.54/litre
13770,Coca-Cola Cherry 1 Litre,https://www.tesco.com/groceries/en-GB/products/299918989,1687616614.731425,"['£2.00', '£0.20/100ml']",2.0,£0.20/100ml
13771,Green Canderel Stevia 100 Pack,https://www.tesco.com/groceries/en-GB/products/272092824,1687616614.8004422,"['£1.65', '£194.12/kg']",1.65,£194.12/kg
13772,Don Simon Mango Passion Fruit & Orange Smoothie 330Ml,https://www.tesco.com/groceries/en-GB/products/311269402,1687616614.9005198,"['£1.50', '£0.46/100ml']",1.5,£0.46/100ml
13773,Volvic Touch Of Fruit Lemon & Lime 750Ml,https://www.tesco.com/groceries/en-GB/products/268352610,1687616615.014116,"['£1.50', '£0.20/100ml']",1.5,£0.20/100ml
13774,Kubus 100% Multivitamin Juice 300Ml,https://www.tesco.com/groceries/en-GB/products/300420418,1687616615.135854,"['£0.75', '£0.25/100ml']",0.75,£0.25/100ml
13775,Tesco Vanilla Dusting 80G,https://www.tesco.com/groceries/en-GB/products/309496475,1687616615.205166,"['£1.00', '£1.25/100g']",1.0,£1.25/100g
13776,Juhayna Mango Fruit Drink 1 Litre,https://www.tesco.com/groceries/en-GB/products/311442813,1687616615.3067572,"['£2.10', '£0.21/100ml']",2.1,£0.21/100ml
13777,Canti Cantiseco Vino Spumante Dry 75C,https://www.tesco.com/groceries/en-GB/products/312222977,1687616615.379671,"['£7.50', '£7.50/75cl']",7.5,£7.50/75cl
13778,Rubicon Mango 6X330ml,https://www.tesco.com/groceries/en-GB/products/281466214,1687616615.4702778,"['£2.69', '£0.14/100ml']",2.69,£0.14/100ml
13779,All Shook Up Spritz Peach & Lychee 250Ml,https://www.tesco.com/groceries/en-GB/products/305990679,1687616615.5395951,"['£1.75', '£5.25/75cl']",1.75,£5.25/75cl
13780,Gordons & Slimline Tonic 250Ml,https://www.tesco.com/groceries/en-GB/products/285498475,1687616615.629686,"['£2.25', '£9.00/litre']",2.25,£9.00/litre
13781,"Tesco Vodka, Lime & Lemonade 4X250ml",https://www.tesco.com/groceries/en-GB/products/297510253,1687616615.717056,"['£4.00', '£4.00/litre']",4.0,£4.00/litre
13782,Jose Cuervo Especial Silver 70Cl,https://www.tesco.com/groceries/en-GB/products/290642522,1687616615.789512,"['£21.00', '£30.00/litre']",21.0,£30.00/litre
13783,Jack Daniels Tennessee Fire 70Cl,https://www.tesco.com/groceries/en-GB/products/288953554,1687616615.86538,"['£26.00', '£37.14/litre']",26.0,£37.14/litre
13784,The Glenlivet Rsr Malt Whisky 70Cl - Fruity,https://www.tesco.com/groceries/en-GB/products/288154722,1687616615.9486358,"['£34.00', '£48.57/litre']",34.0,£48.57/litre
13785,Tesco Finest Gingerbread Latte Cream Liqueur 70Cl,https://www.tesco.com/groceries/en-GB/products/306824605,1687616616.023555,"['£13.00', '£18.57/litre']",13.0,£18.57/litre
13786,Aperol 70Cl,https://www.tesco.com/groceries/en-GB/products/278480235,1687616616.1006021,"['£16.00', '£22.86/litre']",16.0,£22.86/litre
13787,Tesco Timeless Classic Wine Glass 4 Pack,https://www.tesco.com/groceries/en-GB/products/295953716,1687616616.198236,"['£6.00', '£1.50/each']",6.0,£1.50/each
13788,Courvoisier Vsop Cognac 70Cl,https://www.tesco.com/groceries/en-GB/products/254666220,1687616616.278385,"['£37.00', '£52.86/litre']",37.0,£52.86/litre
13789,Prospero Leggero Secco Rosato 750Ml,https://www.tesco.com/groceries/en-GB/products/304388352,1687616616.376946,"['£7.50', '£7.50/75cl']",7.5,£7.50/75cl
13790,First Cape Special Cuvee Shiraz 75Cl,https://www.tesco.com/groceries/en-GB/products/260555129,1687616616.509668,"['£6.50', '£6.50/75cl']",6.5,£6.50/75cl
13791,De Kuyper Curacao Triple Sec Liqueur 35Cl,https://www.tesco.com/groceries/en-GB/products/312096506,1687616616.591567,"['£8.00', '£22.86/litre']",8.0,£22.86/litre
13792,Paul Mas Languedoc Noir 750Ml,https://www.tesco.com/groceries/en-GB/products/312702113,1687616616.6679711,"['£10.00', '£10.00/75cl']",10.0,£10.00/75cl
13793,Errazuriz Sauvignon Blanc 75Cl,https://www.tesco.com/groceries/en-GB/products/262289844,1687616616.7663648,"['£9.00', '£9.00/75cl']",9.0,£9.00/75cl
13794,Tesco Finest West Australian Chardonnay 75Cl,https://www.tesco.com/groceries/en-GB/products/306822262,1687616616.839252,"['£8.00', '£8.00/75cl']",8.0,£8.00/75cl
13795,Bottlegreen Lime & Mint Cordial 500Ml,https://www.tesco.com/groceries/en-GB/products/312836847,1687616616.9091232,"['£4.00', '£0.80/100ml']",4.0,£0.80/100ml
13796,Moth Mojito 200Ml,https://www.tesco.com/groceries/en-GB/products/311445015,1687616616.9852219,"['£3.90', '£19.50/litre']",3.9,£19.50/litre
13797,Tesco Finest Fino Sherry 37.5Cl,https://www.tesco.com/groceries/en-GB/products/299817671,1687616617.210628,"['£6.50', '£13.00/75cl']",6.5,£13.00/75cl
13798,Kopparberg Mixed Fruit Tropical 12 X 330Ml,https://www.tesco.com/groceries/en-GB/products/307735248,1687616617.2791371,"['£12.50', '£3.16/litre']",12.5,£3.16/litre
13799,Sourz Raspberry 70Cl,https://www.tesco.com/groceries/en-GB/products/268716077,1687616617.376786,"['£11.00', '£15.71/litre']",11.0,£15.71/litre
13800,Inch's Medium Apple Cider 4 X 440Ml,https://www.tesco.com/groceries/en-GB/products/307761752,1687616617.474953,"['£4.75', '£2.70/litre']",4.75,£2.70/litre
13801,Most Wanted Malbec 75Cl,https://www.tesco.com/groceries/en-GB/products/299790648,1687616617.552462,"['£7.75', '£7.75/75cl']",7.75,£7.75/75cl
13802,Bacardi Spiced Rum 70Cl,https://www.tesco.com/groceries/en-GB/products/303215317,1687616617.6434848,"['£16.50', '£23.57/litre']",16.5,£23.57/litre
13803,Copella Apple Juice 300Ml,https://www.tesco.com/groceries/en-GB/products/287438020,1687616617.71875,"['£1.85', '£0.62/100ml']",1.85,£0.62/100ml
13804,Tropicana Plus Berry Boost Juice Drink 750Ml,https://www.tesco.com/groceries/en-GB/products/307133373,1687616617.832812,"['£3.50', '£0.47/100ml']",3.5,£0.47/100ml
13805,Ufit Strawberry 22G Protein Milkshake 310Ml,https://www.tesco.com/groceries/en-GB/products/310696053,1687616617.907732,"['£2.00', '£6.45/litre']",2.0,£6.45/litre
13806,Tick Tock Rooibos Tea Vanilla 40'S 80G,https://www.tesco.com/groceries/en-GB/products/302310874,1687616618.023233,"['£2.25', '£2.81/100g']",2.25,£2.81/100g
13807,Duvel 666 Belgian Blond Ale 330Ml,https://www.tesco.com/groceries/en-GB/products/309208490,1687616623.746151,"['£2.50', '£7.58/litre']",2.5,£7.58/litre
13808,Wray & Nephew Rum Cream 200Ml,https://www.tesco.com/groceries/en-GB/products/279751357,1687616623.8385699,"['£4.50', '£22.50/litre']",4.5,£22.50/litre
13809,Thompsons Irish Breakfast Tea 80 Tea Bags 250G,https://www.tesco.com/groceries/en-GB/products/264522329,1687616623.917751,"['£2.95', '£1.18/100g']",2.95,£1.18/100g
13810,Rockstar Juiced Enery El Mango 500Ml,https://www.tesco.com/groceries/en-GB/products/305056818,1687616624.0126731,"['£1.30', '£0.26/100ml']",1.3,£0.26/100ml
13811,Coco Cabana Coconut Water 1 Litre,https://www.tesco.com/groceries/en-GB/products/305979377,1687616624.124192,"['£2.50', '£0.25/100ml']",2.5,£0.25/100ml
13812,Ribena No Added Sugar Strawberry 850Ml,https://www.tesco.com/groceries/en-GB/products/299915042,1687616624.192907,"['£2.00', '£0.24/100ml']",2.0,£0.24/100ml
13813,Rubicon Pomegranate Juice Drink 1Ltr,https://www.tesco.com/groceries/en-GB/products/265415645,1687616624.263792,"['£1.70', '£0.17/100ml']",1.7,£0.17/100ml
13814,Chimay Trappist Triple Ale 330Ml,https://www.tesco.com/groceries/en-GB/products/311440717,1687616624.393043,"['£2.65', '£8.03/litre']",2.65,£8.03/litre
13815,Mionetto Cuvee Frizzante 20Cl,https://www.tesco.com/groceries/en-GB/products/310096627,1687616624.459881,"['£3.15', '£11.81/75cl']",3.15,£11.81/75cl
13816,Echo Falls Fruit Strawberry & Lime 5.5% 750Ml,https://www.tesco.com/groceries/en-GB/products/307350259,1687616624.5514848,"['£3.25', '£3.25/75cl']",3.25,£3.25/75cl
13817,Moet & Chandon Brut Imperial Non Vintage Champagne 37.5Cl,https://www.tesco.com/groceries/en-GB/products/255245515,1687616624.624151,"['£25.00', '£50.00/75cl']",25.0,£50.00/75cl
13818,Tesco Finest Ribera Del Duero 75Cl,https://www.tesco.com/groceries/en-GB/products/306943389,1687616624.694229,"['£12.00', '£12.00/75cl']",12.0,£12.00/75cl
13819,Glen Moray Single Malt 70Cl - Floral,https://www.tesco.com/groceries/en-GB/products/251486299,1687616624.7617621,"['£22.50', '£32.14/litre']",22.5,£32.14/litre
13820,Brumale Vino Di Montepulciano 750Ml,https://www.tesco.com/groceries/en-GB/products/304375579,1687616624.8370078,"['£12.00', '£12.00/75cl']",12.0,£12.00/75cl
13821,Banrock Station Flat Rpet Chardonnay 75Cl,https://www.tesco.com/groceries/en-GB/products/311665768,1687616624.9063199,"['£7.00', '£7.00/75cl']",7.0,£7.00/75cl
13822,Ascheri Gavi Di Gavi Docg 75Cl,https://www.tesco.com/groceries/en-GB/products/278463325,1687616624.973164,"['£13.00', '£13.00/75cl']",13.0,£13.00/75cl
13823,Bellingham Pinotage 75Cl,https://www.tesco.com/groceries/en-GB/products/293688175,1687616625.04036,"['£10.00', '£10.00/75cl']",10.0,£10.00/75cl
13824,Jack Daniel's Bonded Tennessee Whiskey 70Cl,https://www.tesco.com/groceries/en-GB/products/314433762,1687616625.10703,"['£40.00', '£57.14/litre']",40.0,£57.14/litre
13825,Tesco V.S. Cognac 70Cl,https://www.tesco.com/groceries/en-GB/products/255249350,1687616625.196503,"['£18.50', '£26.43/litre']",18.5,£26.43/litre
13826,Grandeza Aged Red Wine 75Cl,https://www.tesco.com/groceries/en-GB/products/299537915,1687616625.269126,"['£6.75', '£6.75/75cl']",6.75,£6.75/75cl
13827,Kleine Zalze Shiraz Cabernet Sauvignon 750Ml,https://www.tesco.com/groceries/en-GB/products/311688277,1687616625.350284,"['£7.50', '£7.50/75cl']",7.5,£7.50/75cl
13828,Lost Cosmonauts Ipa 4 X 440Ml,https://www.tesco.com/groceries/en-GB/products/308477396,1687616625.424512,"['£8.00', '£4.54/litre']",8.0,£4.54/litre
13829,Oyster Bay Merlot 75Cl,https://www.tesco.com/groceries/en-GB/products/261618256,1687616625.4937978,"['£10.50', '£10.50/75cl']",10.5,£10.50/75cl
13830,Gallo Spritz Raspberry & Lime 75Cl,https://www.tesco.com/groceries/en-GB/products/288181712,1687616625.561444,"['£4.80', '£4.80/75cl']",4.8,£4.80/75cl
13831,Brooklyn Pilsner Lager Beer 6 X 330Ml,https://www.tesco.com/groceries/en-GB/products/312090377,1687616625.6353338,"['£6.00', '£3.03/litre']",6.0,£3.03/litre
13832,Tempus Two Sauvignon Blanc 75Cl,https://www.tesco.com/groceries/en-GB/products/308450531,1687616625.708498,"['£8.00', '£8.00/75cl']",8.0,£8.00/75cl
13833,Whitstable Bay Pale Ale 4 X 440Ml,https://www.tesco.com/groceries/en-GB/products/311795648,1687616625.818707,"['£5.50', '£3.12/litre']",5.5,£3.12/litre
13834,La Burgondie Macon-Villages Chardonnay 750Ml,https://www.tesco.com/groceries/en-GB/products/304137552,1687616625.886241,"['£11.00', '£11.00/75cl']",11.0,£11.00/75cl
13835,Fentimans Victorian Lemonade 750Ml,https://www.tesco.com/groceries/en-GB/products/312347343,1687616625.990975,"['£3.50', '£0.47/100ml']",3.5,£0.47/100ml
13836,Tesco Finest Dessert Semillon 37.5Cl,https://www.tesco.com/groceries/en-GB/products/253834530,1687616626.062936,"['£6.25', '£12.50/75cl']",6.25,£12.50/75cl
13838,Hoegaarden 750Ml Bottle,https://www.tesco.com/groceries/en-GB/products/250303766,1687616626.22065,"['£3.25', '£4.33/litre']",3.25,£4.33/litre
13839,Twinings English Breakfast Leaf Tea 125G,https://www.tesco.com/groceries/en-GB/products/254887494,1687616626.298675,"['£2.50', '£2.00/100g']",2.5,£2.00/100g
13840,Dash Raspberry Infused Sparkling Water 4X330ml,https://www.tesco.com/groceries/en-GB/products/312558220,1687616626.3886158,"['£4.00', '£0.30/100ml']",4.0,£0.30/100ml
13841,White Claw Hard Seltzer Black Cherry 330Ml,https://www.tesco.com/groceries/en-GB/products/306826177,1687616626.547114,"['£2.20', '£6.67/litre']",2.2,£6.67/litre
13842,Mountain Vineyards Pinotage 75Cl,https://www.tesco.com/groceries/en-GB/products/302307458,1687616626.64357,"['£4.95', '£4.95/75cl']",4.95,£4.95/75cl
13843,Gatorade Tropical Punch 500Ml,https://www.tesco.com/groceries/en-GB/products/287043141,1687616626.7197819,"['£1.45', '£0.29/100ml']",1.45,£0.29/100ml
13844,Costa Frappe Smooth Coffee 250Ml,https://www.tesco.com/groceries/en-GB/products/311782358,1687616626.880491,"['£1.80', '£0.72/100ml']",1.8,£0.72/100ml
13845,Evian Sparkling Natural Mineral Water 1L,https://www.tesco.com/groceries/en-GB/products/311786400,1687616627.0365188,"['£1.70', '£0.17/100ml']",1.7,£0.17/100ml
13846,Rubicon Spring Black Cherry & Raspberry 500Ml,https://www.tesco.com/groceries/en-GB/products/296870560,1687616627.1052659,"['£1.35', '£0.27/100ml']",1.35,£0.27/100ml
13847,Dead Man's Fingers Spiced Rum & Cola 330Ml,https://www.tesco.com/groceries/en-GB/products/312989366,1687616627.217875,"['£2.00', '£6.06/litre']",2.0,£6.06/litre
13848,Pulpt Flare Superior South West Cider 500Ml,https://www.tesco.com/groceries/en-GB/products/309178731,1687616627.313494,"['£2.30', '£4.60/litre']",2.3,£4.60/litre
13849,Caparelli Pinot Grigio 187Ml,https://www.tesco.com/groceries/en-GB/products/311441296,1687616627.403511,"['£2.00', '£8.02/75cl']",2.0,£8.02/75cl
13850,Chapel Down Brut Non Vintage 75Cl,https://www.tesco.com/groceries/en-GB/products/252869300,1687616627.493048,"['£27.00', '£27.00/75cl']",27.0,£27.00/75cl
13851,Martell V.S. Cognac 70Cl,https://www.tesco.com/groceries/en-GB/products/255814948,1687616627.5607371,"['£32.00', '£45.71/litre']",32.0,£45.71/litre
13852,Makers Mark Bourbon 70Cl,https://www.tesco.com/groceries/en-GB/products/267214426,1687616627.6277251,"['£32.00', '£45.71/litre']",32.0,£45.71/litre
13853,Bombay Bramble Gin Blackberry & Raspberry 700Ml,https://www.tesco.com/groceries/en-GB/products/305835663,1687616627.7158358,"['£24.00', '£34.29/litre']",24.0,£34.29/litre
13854,The Glenlivet 12Yr Old Malt Whisky 70Cl,https://www.tesco.com/groceries/en-GB/products/256640190,1687616627.78547,"['£42.00', '£60.00/litre']",42.0,£60.00/litre
13855,Olmeca Altos Plata Tequila 70Cl,https://www.tesco.com/groceries/en-GB/products/295702818,1687616634.5142112,"['£25.50', '£36.43/litre']",25.5,£36.43/litre
13856,Captain Morgan Dark Rum 70Cl Bottle,https://www.tesco.com/groceries/en-GB/products/256640881,1687616634.618418,"['£17.25', '£24.64/litre']",17.25,£24.64/litre
13857,Fireball Liqueur 70Cl,https://www.tesco.com/groceries/en-GB/products/304388110,1687616634.690279,"['£18.00', '£25.71/litre']",18.0,£25.71/litre
13858,Stella Artois Gluten Free Lager 4X330ml,https://www.tesco.com/groceries/en-GB/products/307160075,1687616634.7904441,"['£5.75', '£4.36/litre']",5.75,£4.36/litre
13859,Moet & Chandon Rose Non Vintage Champagne 75Cl,https://www.tesco.com/groceries/en-GB/products/253882276,1687616634.8627079,"['£49.00', '£49.00/75cl']",49.0,£49.00/75cl
13860,Salt Huckaback Neipa 4 X 440Ml,https://www.tesco.com/groceries/en-GB/products/308451075,1687616634.9316669,"['£8.00', '£4.54/litre']",8.0,£4.54/litre
13861,Jack Daniel's Family 3X5cl Set,https://www.tesco.com/groceries/en-GB/products/267271315,1687616635.0394502,"['£12.00', '£80.00/litre']",12.0,£80.00/litre
13862,Blue Moon 4 Pack 4X330ml,https://www.tesco.com/groceries/en-GB/products/299599560,1687616635.1069062,"['£6.00', '£4.54/litre']",6.0,£4.54/litre
13863,Diablo Black Cabernet Sauvignon 750Ml,https://www.tesco.com/groceries/en-GB/products/305919927,1687616635.174874,"['£10.00', '£10.00/75cl']",10.0,£10.00/75cl
13864,Cockburn's Fine White Port 75Cl,https://www.tesco.com/groceries/en-GB/products/301744391,1687616635.2656782,"['£12.50', '£12.50/75cl']",12.5,£12.50/75cl
13865,Tesco Finest Colombian Instant Coffee 100G,https://www.tesco.com/groceries/en-GB/products/279458624,1687616635.338468,"['£3.35', '£3.35/100g']",3.35,£3.35/100g
13866,Freixenet Prosecco Doc 150Cl,https://www.tesco.com/groceries/en-GB/products/309167859,1687616635.406067,"['£20.00', '£10.00/75cl']",20.0,£10.00/75cl
13867,Schweppes Slimline With Lemon 1L,https://www.tesco.com/groceries/en-GB/products/280365174,1687616635.4778051,"['£1.75', '£0.18/100ml']",1.75,£0.18/100ml
13868,Thornbridge Jaipur Ipa 4X330ml Can,https://www.tesco.com/groceries/en-GB/products/302142030,1687616635.551403,"['£6.00', '£4.54/litre']",6.0,£4.54/litre
13869,Veuve Clicquot Brut Rose Champagne 75Cl,https://www.tesco.com/groceries/en-GB/products/265168159,1687616635.6195798,"['£54.00', '£54.00/75cl']",54.0,£54.00/75cl
13870,Cervezas Alhambra 1925 Amber Lager 70Cl,https://www.tesco.com/groceries/en-GB/products/307158286,1687616635.695816,"['£4.00', '£5.71/litre']",4.0,£5.71/litre
13871,Tetley Redbush & Vanilla 40 Teabags 100G,https://www.tesco.com/groceries/en-GB/products/268641723,1687616635.762975,"['£2.20', '£2.20/100g']",2.2,£2.20/100g
13872,Flavorz Simple Cocktail Syrup 25Cl,https://www.tesco.com/groceries/en-GB/products/312854007,1687616635.831201,"['£2.50', '£10.00/litre']",2.5,£10.00/litre
13873,Red Bull Sugar Free Tropical Fruit Edition 4X250ml,https://www.tesco.com/groceries/en-GB/products/312856443,1687616635.899301,"['£4.55', '£0.46/100ml']",4.55,£0.46/100ml
13874,Pg Tips Extra Strong Pyramid 80S Teabags 232G,https://www.tesco.com/groceries/en-GB/products/287184492,1687616635.987787,"['£4.10', '£1.77/100g']",4.1,£1.77/100g
13875,Wkd Blue Alcoholic Ready To Drink Cans 4X250ml,https://www.tesco.com/groceries/en-GB/products/314118957,1687616636.0623748,"['£5.00', '£5.00/litre']",5.0,£5.00/litre
13876,Tesco Finest Barossa Shiraz 75Cl,https://www.tesco.com/groceries/en-GB/products/296424450,1687616636.1293209,"['£10.00', '£10.00/75cl']",10.0,£10.00/75cl
13877,Rubicon Raw Energy Raspberry /Blberry 4X500ml,https://www.tesco.com/groceries/en-GB/products/310131463,1687616636.220316,"['£4.50', '£0.22/100ml']",4.5,£0.22/100ml
13878,Smirnoff Ice Original Vodka Mixed Drink 4X250ml,https://www.tesco.com/groceries/en-GB/products/313002107,1687616636.317583,"['£5.25', '£5.25/litre']",5.25,£5.25/litre
13879,Tesco Finest Chablis Premier Cru 75Cl,https://www.tesco.com/groceries/en-GB/products/257733349,1687616636.387573,"['£18.00', '£18.00/75cl']",18.0,£18.00/75cl
13880,Moth Negroni 125Ml,https://www.tesco.com/groceries/en-GB/products/311685427,1687616636.459198,"['£3.90', '£31.20/litre']",3.9,£31.20/litre
13881,Taylors Flying Start Coffee Bags 10S 75G,https://www.tesco.com/groceries/en-GB/products/311950269,1687616636.546229,"['£3.25', '£4.33/100g']",3.25,£4.33/100g
13882,Alpro Caffe Ethiopian Coffee & Soya Caramel 235Ml,https://www.tesco.com/groceries/en-GB/products/302313519,1687616636.637606,"['£1.80', '£0.77/100ml']",1.8,£0.77/100ml
13883,Orangina 420Ml,https://www.tesco.com/groceries/en-GB/products/289545425,1687616636.706027,"['£1.65', '£0.39/100ml']",1.65,£0.39/100ml
13884,Canvino Naturally Sparkling Rose Wine 200Ml,https://www.tesco.com/groceries/en-GB/products/311800281,1687616636.816907,"['£2.50', '£9.38/75cl']",2.5,£9.38/75cl
13885,Lucozade Sport Raspberry 500Ml,https://www.tesco.com/groceries/en-GB/products/262001206,1687616636.90643,"['£1.70', '£0.34/100ml']",1.7,£0.34/100ml
13886,Rubicon Light & Fruity Mango Juice Drink 1Ltr,https://www.tesco.com/groceries/en-GB/products/293249154,1687616637.024411,"['£1.70', '£0.17/100ml']",1.7,£0.17/100ml
13887,Capri-Sun Summerfruits Double Strength Squash 1 Litre,https://www.tesco.com/groceries/en-GB/products/312712533,1687616637.1152399,"['£2.00', '£0.20/100ml']",2.0,£0.20/100ml
13888,Cranes Cider Raspberry & Pomegranate 500Ml,https://www.tesco.com/groceries/en-GB/products/307338908,1687616637.2720919,"['£2.30', '£4.60/litre']",2.3,£4.60/litre
13889,Hotel Chocolat Chocolate Cream Liqueur Collection 3X5cl,https://www.tesco.com/groceries/en-GB/products/309477947,1687616637.364809,"['£11.00', '£73.33/litre']",11.0,£73.33/litre
13890,Wynns The Siding Cabernet Sauvignon 750Ml,https://www.tesco.com/groceries/en-GB/products/309207479,1687616637.432578,"['£15.00', '£15.00/75cl']",15.0,£15.00/75cl
13891,Captain Morgan Tiki Mango & Pineapple 700Ml,https://www.tesco.com/groceries/en-GB/products/305831293,1687616637.5387971,"['£17.50', '£25.00/litre']",17.5,£25.00/litre
13892,Oyster Bay Sparkling Cuvee Brut 75Cl,https://www.tesco.com/groceries/en-GB/products/271154299,1687616637.6814132,"['£13.00', '£13.00/75cl']",13.0,£13.00/75cl
13893,Glens Vodka 70Cl,https://www.tesco.com/groceries/en-GB/products/251552699,1687616637.75266,"['£13.00', '£18.57/litre']",13.0,£18.57/litre
13894,Boschendal Chenin Blanc 75Cl,https://www.tesco.com/groceries/en-GB/products/297427012,1687616637.827327,"['£9.00', '£9.00/75cl']",9.0,£9.00/75cl
13895,Kleine Zalze Sauvignon Blanc Semillon 750Ml,https://www.tesco.com/groceries/en-GB/products/311689279,1687616637.91571,"['£7.50', '£7.50/75cl']",7.5,£7.50/75cl
13896,Tesco Finest South African Chenin Blanc75cl,https://www.tesco.com/groceries/en-GB/products/272593163,1687616637.98937,"['£7.50', '£7.50/75cl']",7.5,£7.50/75cl
13897,Pepperbox Chardonnay 750Ml,https://www.tesco.com/groceries/en-GB/products/311425949,1687616638.0622988,"['£10.00', '£10.00/75cl']",10.0,£10.00/75cl
13898,Vina Albali Reserva 75Cl,https://www.tesco.com/groceries/en-GB/products/278722912,1687616638.129194,"['£7.75', '£7.75/75cl']",7.75,£7.75/75cl
13899,Tanqueray London Dry Gin 70Cl,https://www.tesco.com/groceries/en-GB/products/314314431,1687616638.219329,"['£22.00', '£31.43/litre']",22.0,£31.43/litre
13900,Innocent Berry Light Super Smoothie 750Ml,https://www.tesco.com/groceries/en-GB/products/308089884,1687616638.313104,"['£4.50', '£0.60/100ml']",4.5,£0.60/100ml
13901,Beavertown Gamma Ray American Pale Ale 4X330ml,https://www.tesco.com/groceries/en-GB/products/308858274,1687616638.382208,"['£8.50', '£6.44/litre']",8.5,£6.44/litre
13902,Castillo De Albai Rioja Reserva 75Cl,https://www.tesco.com/groceries/en-GB/products/284277767,1687616638.502932,"['£9.00', '£9.00/75cl']",9.0,£9.00/75cl
13904,Costa Coffee Colombian Roast Espresso 57G,https://www.tesco.com/groceries/en-GB/products/304400839,1687616645.105092,"['£3.15', '£5.53/100g']",3.15,£5.53/100g
13905,Sierra Nevada California Ipa 4X355ml Cans,https://www.tesco.com/groceries/en-GB/products/303299827,1687616645.201857,"['£6.00', '£4.22/litre']",6.0,£4.22/litre
13906,Lavazza Espresso Ristretto Coffee Capsules X10 57G,https://www.tesco.com/groceries/en-GB/products/311262657,1687616645.277838,"['£3.50', '£6.14/100g']",3.5,£6.14/100g
13907,Fever-Tree Light Sparkling Mexican Lime 4X250ml,https://www.tesco.com/groceries/en-GB/products/312095438,1687616645.355545,"['£4.00', '£0.40/100ml']",4.0,£0.40/100ml
13908,Greene King Ipa Gluten Free 500Ml,https://www.tesco.com/groceries/en-GB/products/295432095,1687616645.445615,"['£2.00', '£4.00/litre']",2.0,£4.00/litre
13910,Bombay Sapphire Gin 70Cl,https://www.tesco.com/groceries/en-GB/products/259708072,1687616645.641858,"['£22.00', '£31.43/litre']",22.0,£31.43/litre
13911,Dino Prosecco Doc 75Cl,https://www.tesco.com/groceries/en-GB/products/278004207,1687616645.714655,"['£8.00', '£8.00/75cl']",8.0,£8.00/75cl
13912,San Pellegrino Sparkling Lemon Drink 330Ml,https://www.tesco.com/groceries/en-GB/products/310689730,1687616645.797146,"['£1.25', '£0.38/100ml']",1.25,£0.38/100ml
13913,Get More Vitamins B Vitamin Still Apple & Raspberry 1L,https://www.tesco.com/groceries/en-GB/products/310146342,1687616645.9137468,"['£1.80', '£0.18/100ml']",1.8,£0.18/100ml
13914,"Get More Vitamins Peach & Apricot S/Free, Still 1L",https://www.tesco.com/groceries/en-GB/products/305988470,1687616645.9853618,"['£1.80', '£0.18/100ml']",1.8,£0.18/100ml
13915,Grenade Cherry Bomb Energy Drink 330Ml,https://www.tesco.com/groceries/en-GB/products/308864485,1687616646.05826,"['£1.35', '£0.41/100ml']",1.35,£0.41/100ml
13916,Smirnoff Ice Tropical Vodka Drink 70Cl,https://www.tesco.com/groceries/en-GB/products/308486137,1687616646.186948,"['£3.00', '£4.29/litre']",3.0,£4.29/litre
13917,Starbucks Oat Based Vanilla Macchiato 220Ml,https://www.tesco.com/groceries/en-GB/products/306815616,1687616646.255819,"['£2.10', '£0.96/100ml']",2.1,£0.96/100ml
13918,Caorunn Gin 70Cl,https://www.tesco.com/groceries/en-GB/products/276771804,1687616646.347109,"['£28.00', '£40.00/litre']",28.0,£40.00/litre
13919,Mar De Frades Albarino 75Cl,https://www.tesco.com/groceries/en-GB/products/311788527,1687616646.4147682,"['£16.00', '£16.00/75cl']",16.0,£16.00/75cl
13920,Tesco Finest Douro 75Cl,https://www.tesco.com/groceries/en-GB/products/305952587,1687616646.485309,"['£10.50', '£10.50/75cl']",10.5,£10.50/75cl
13921,Torres Vina Soleil 2.25L,https://www.tesco.com/groceries/en-GB/products/309495113,1687616646.557853,"['£18.00', '£6.00/75cl']",18.0,£6.00/75cl
13922,Faustino I Rioja Gran Reserva 75Cl,https://www.tesco.com/groceries/en-GB/products/254181286,1687616646.626011,"['£17.50', '£17.50/75cl']",17.5,£17.50/75cl
13923,Emmi Caffe Latte Skinny 4X230ml,https://www.tesco.com/groceries/en-GB/products/311800718,1687616646.6938,"['£5.50', '£0.60/100ml']",5.5,£0.60/100ml
13924,Tw Kempton Pineapple Sherbet Gin Liqueur 50Cl,https://www.tesco.com/groceries/en-GB/products/309174919,1687616646.765654,"['£9.50', '£19.00/litre']",9.5,£19.00/litre
13925,Errazuriz Merlot 75Cl,https://www.tesco.com/groceries/en-GB/products/251277604,1687616646.832142,"['£9.00', '£9.00/75cl']",9.0,£9.00/75cl
13926,Pukka Organic Ginseng Matcha Green T /Bag 30G,https://www.tesco.com/groceries/en-GB/products/296850738,1687616646.902177,"['£4.00', '£13.33/100g']",4.0,£13.33/100g
13927,Vasse Felix Classic Semillon Sauvignon Blanc 750Ml,https://www.tesco.com/groceries/en-GB/products/306802263,1687616646.970902,"['£12.00', '£12.00/75cl']",12.0,£12.00/75cl
13928,Tiny Rebel Clwb Tropica Tropical Ipa 4X330ml,https://www.tesco.com/groceries/en-GB/products/311679280,1687616647.079427,"['£7.00', '£5.30/litre']",7.0,£5.30/litre
13929,Cobra Premium Lager 4X330ml,https://www.tesco.com/groceries/en-GB/products/312568922,1687616647.154242,"['£5.50', '£4.17/litre']",5.5,£4.17/litre
13930,Innocent Recharge Super Smoothie 750Ml,https://www.tesco.com/groceries/en-GB/products/305522745,1687616647.225586,"['£4.50', '£0.60/100ml']",4.5,£0.60/100ml
13931,Purdeys Refocus Dark Fruits Energy Drink 4X250ml,https://www.tesco.com/groceries/en-GB/products/308460692,1687616647.302783,"['£4.00', '£0.40/100ml']",4.0,£0.40/100ml
13932,Teapigs Chamomile Flowers 15S 22.5G,https://www.tesco.com/groceries/en-GB/products/276889308,1687616647.3780081,"['£4.00', '£17.78/100g']",4.0,£17.78/100g
13933,Wkd Tropical Sunrise Premixed Alcohol Cocktail 700Ml,https://www.tesco.com/groceries/en-GB/products/308458972,1687616647.452456,"['£5.00', '£7.14/litre']",5.0,£7.14/litre
13934,Beefeater Pink Gin 70Cl,https://www.tesco.com/groceries/en-GB/products/299638767,1687616647.531848,"['£17.00', '£24.29/litre']",17.0,£24.29/litre
13935,Teapigs Everyday Brew 15S 50G,https://www.tesco.com/groceries/en-GB/products/276898827,1687616647.627813,"['£4.00', '£8.00/100g']",4.0,£8.00/100g
13936,Teapigs Mao Feng Green Tea 15'S 37.5G,https://www.tesco.com/groceries/en-GB/products/276899187,1687616647.770986,"['£4.00', '£10.67/100g']",4.0,£10.67/100g
13937,Skinny Brands Lager 4X330ml,https://www.tesco.com/groceries/en-GB/products/297686430,1687616647.852544,"['£5.75', '£4.36/litre']",5.75,£4.36/litre
13938,Costa Coffee The Big Latte 750Ml,https://www.tesco.com/groceries/en-GB/products/312110024,1687616647.932946,"['£3.00', '£0.40/100ml']",3.0,£0.40/100ml
13939,Three Barrels Brandy 35Cl,https://www.tesco.com/groceries/en-GB/products/286131695,1687616648.005141,"['£9.50', '£27.14/litre']",9.5,£27.14/litre
13940,Atlantic Pale Ale 4X500ml,https://www.tesco.com/groceries/en-GB/products/312573092,1687616648.0715039,"['£6.00', '£3.00/litre']",6.0,£3.00/litre
13941,Bottlegreen Pomegranate Elder Flower 75Cl,https://www.tesco.com/groceries/en-GB/products/262422831,1687616648.1722538,"['£3.00', '£0.40/100ml']",3.0,£0.40/100ml
13942,Shipyard American Ipa 4 X 440Ml,https://www.tesco.com/groceries/en-GB/products/310175163,1687616648.245291,"['£5.50', '£3.12/litre']",5.5,£3.12/litre
13943,Grande Nuit Merlot 750Ml,https://www.tesco.com/groceries/en-GB/products/310660850,1687616648.345684,"['£7.00', '£7.00/75cl']",7.0,£7.00/75cl
13944,Dash Peach Infused Sparkling Water 4X330ml,https://www.tesco.com/groceries/en-GB/products/312711309,1687616648.525429,"['£4.00', '£0.30/100ml']",4.0,£0.30/100ml
13945,Innocent Invigorate Super Smoothie 300Ml,https://www.tesco.com/groceries/en-GB/products/305431759,1687616648.61888,"['£2.36', '£0.79/100ml']",2.36,£0.79/100ml
13946,Shaken Udder Salted Caramel Milkshake 330Ml,https://www.tesco.com/groceries/en-GB/products/291596570,1687616648.731669,"['£1.60', '£0.48/100ml']",1.6,£0.48/100ml
13947,Brewdog Double Hazy Jane N.Eng Ipa Can 440Ml,https://www.tesco.com/groceries/en-GB/products/304403721,1687616648.799691,"['£3.50', '£7.96/litre']",3.5,£7.96/litre
13948,Tenzing Energy Drink Raspberry & Yuzu 250Ml,https://www.tesco.com/groceries/en-GB/products/304386636,1687616648.8926258,"['£1.55', '£0.62/100ml']",1.55,£0.62/100ml
13949,The Famous Grouse Smoky Black Whisky 70Cl,https://www.tesco.com/groceries/en-GB/products/290351146,1687616649.0145228,"['£19.95', '£28.50/litre']",19.95,£28.50/litre
13950,Get More Vitamins Recovery Cranberry 500Ml,https://www.tesco.com/groceries/en-GB/products/302012052,1687616649.105425,"['£1.25', '£0.25/100ml']",1.25,£0.25/100ml
13951,Bunnahabhain Islay Single Malt Scotch Whisky 70Cl,https://www.tesco.com/groceries/en-GB/products/302296279,1687616655.581621,"['£32.00', '£45.71/litre']",32.0,£45.71/litre
13952,Bird In Hand Two In The Bush Chardonnay 750Ml,https://www.tesco.com/groceries/en-GB/products/309197898,1687616655.677171,"['£14.00', '£14.00/75cl']",14.0,£14.00/75cl
13953,Louis Latour Bourgogne Gamay 75Cl,https://www.tesco.com/groceries/en-GB/products/311211148,1687616655.748801,"['£15.00', '£15.00/75cl']",15.0,£15.00/75cl
13954,Cap Royal Bordeaux Rouge 75Cl,https://www.tesco.com/groceries/en-GB/products/303675099,1687616655.821795,"['£10.00', '£10.00/75cl']",10.0,£10.00/75cl
13955,Woodford Reserve 70Cl,https://www.tesco.com/groceries/en-GB/products/266816906,1687616655.908519,"['£32.00', '£45.71/litre']",32.0,£45.71/litre
13956,Tesco Large Stemless Wine Glass 4 Pack,https://www.tesco.com/groceries/en-GB/products/304852966,1687616655.977587,"['£6.00', '£1.50/each']",6.0,£1.50/each
13957,Funkin Cocktails Pina Colada 700Ml,https://www.tesco.com/groceries/en-GB/products/309174021,1687616656.046016,"['£9.50', '£13.57/litre']",9.5,£13.57/litre
13958,Funkin Cocktails Strawberry Daiquiri 700Ml,https://www.tesco.com/groceries/en-GB/products/309198730,1687616656.114039,"['£9.50', '£13.57/litre']",9.5,£13.57/litre
13959,Pukka Radiance Organic Herbal Tea 20 Sachts 36G,https://www.tesco.com/groceries/en-GB/products/312236031,1687616656.1861901,"['£4.00', '£11.11/100g']",4.0,£11.11/100g
13960,Calvet Cotes Du Rhone 2.25L,https://www.tesco.com/groceries/en-GB/products/311201500,1687616656.2527082,"['£19.00', '£6.33/75cl']",19.0,£6.33/75cl
13961,Peroni Nastro Azzurro Lager Beer Gluten Free 4X330ml,https://www.tesco.com/groceries/en-GB/products/312221590,1687616656.345642,"['£7.00', '£5.30/litre']",7.0,£5.30/litre
13962,Lofbergs Brazil Coffee Lovers Medium Roast Whole Bean 400G,https://www.tesco.com/groceries/en-GB/products/311443023,1687616656.413812,"['£5.80', '£1.45/100g']",5.8,£1.45/100g
13963,S. Pellegrino Essenza Tangerine & Strawberry 6X330ml,https://www.tesco.com/groceries/en-GB/products/304785072,1687616656.482978,"['£4.20', '£0.21/100ml']",4.2,£0.21/100ml
13964,Piccodoro Fiano 75Cl,https://www.tesco.com/groceries/en-GB/products/311438836,1687616656.550286,"['£5.75', '£5.75/75cl']",5.75,£5.75/75cl
13965,Thompson's Special Everyday 160 Tea Bags 500G,https://www.tesco.com/groceries/en-GB/products/301391847,1687616656.619172,"['£4.00', '£0.80/100g']",4.0,£0.80/100g
13966,Tropicana Fuel For Thought Fruit Juice Drink 750Ml,https://www.tesco.com/groceries/en-GB/products/311266647,1687616656.685258,"['£3.50', '£0.47/100ml']",3.5,£0.47/100ml
13968,Soffio Prosecco Rose Spumante Extra Dry Doc 75Cl,https://www.tesco.com/groceries/en-GB/products/311271145,1687616656.842209,"['£10.00', '£10.00/75cl']",10.0,£10.00/75cl
13969,The Fair Mile Shiraz Malbec 75Cl,https://www.tesco.com/groceries/en-GB/products/301745129,1687616656.935632,"['£6.50', '£6.50/75cl']",6.5,£6.50/75cl
13970,James White British Carrot Juice 1 Litre,https://www.tesco.com/groceries/en-GB/products/311252583,1687616657.024269,"['£2.75', '£0.28/100ml']",2.75,£0.28/100ml
13971,St Bernardus About 12 Abbey Ale 330Ml,https://www.tesco.com/groceries/en-GB/products/311955609,1687616657.092025,"['£3.50', '£10.61/litre']",3.5,£10.61/litre
13972,Tesco Finest The Trilogy Malbec 75Cl,https://www.tesco.com/groceries/en-GB/products/280116882,1687616657.19535,"['£12.00', '£12.00/75cl']",12.0,£12.00/75cl
13973,Fanta Zero Sugar Strawberry & Kiwi 500Ml,https://www.tesco.com/groceries/en-GB/products/310662681,1687616657.265389,"['£1.70', '£0.34/100ml']",1.7,£0.34/100ml
13974,White Claw Hard Seltzer Natural Lime 330Ml,https://www.tesco.com/groceries/en-GB/products/306821194,1687616657.388183,"['£2.20', '£6.67/litre']",2.2,£6.67/litre
13975,Starbucks Coffee Frappuccino 250Ml,https://www.tesco.com/groceries/en-GB/products/312100937,1687616657.4916081,"['£2.20', '£0.88/100ml']",2.2,£0.88/100ml
13976,Bacardi Mojito Rum Mixed Drink 250Ml,https://www.tesco.com/groceries/en-GB/products/309170630,1687616657.607958,"['£2.00', '£8.00/litre']",2.0,£8.00/litre
13977,Vocation Brewery Love & Hate Ipa 440Ml,https://www.tesco.com/groceries/en-GB/products/301839786,1687616657.697349,"['£3.50', '£7.96/litre']",3.5,£7.96/litre
13978,Innocent Berry Set Go Juice 330Ml,https://www.tesco.com/groceries/en-GB/products/303415069,1687616657.797415,"['£2.15', '£0.65/100ml']",2.15,£0.65/100ml
13979,Lucozade Alert Cherry Blast 500Ml,https://www.tesco.com/groceries/en-GB/products/310100391,1687616657.908237,"['£1.55', '£0.31/100ml']",1.55,£0.31/100ml
13980,Canvino Bianco Semi Sparkling Italian Wine 200Ml,https://www.tesco.com/groceries/en-GB/products/311272607,1687616658.020594,"['£2.50', '£9.38/75cl']",2.5,£9.38/75cl
13981,Tanqueray London Dry Gin & Tonic 250Ml,https://www.tesco.com/groceries/en-GB/products/308483751,1687616658.111982,"['£2.50', '£10.00/litre']",2.5,£10.00/litre
13982,Rubicon Deluxe Guava 1L,https://www.tesco.com/groceries/en-GB/products/300457104,1687616658.243485,"['£1.90', '£0.19/100ml']",1.9,£0.19/100ml
13983,Highland Spring Water Pear & Elderflower Sparkling 330Ml,https://www.tesco.com/groceries/en-GB/products/308842027,1687616658.370534,"['£1.15', '£0.35/100ml']",1.15,£0.35/100ml
13984,Juhayna Cocktail Fruit Drink 1 Litre,https://www.tesco.com/groceries/en-GB/products/311953139,1687616658.486928,"['£2.10', '£0.21/100ml']",2.1,£0.21/100ml
13985,Rubicon Raw Energy Raspberry Blueberry 500Ml,https://www.tesco.com/groceries/en-GB/products/308839591,1687616658.554894,"['£1.40', '£0.28/100ml']",1.4,£0.28/100ml
13986,Grace Say Aloe Original 980Ml,https://www.tesco.com/groceries/en-GB/products/298025584,1687616658.669926,"['£2.10', '£0.21/100ml']",2.1,£0.21/100ml
13987,Tsingtao Beer 640Ml,https://www.tesco.com/groceries/en-GB/products/265181816,1687616658.737221,"['£2.20', '£3.44/litre']",2.2,£3.44/litre
13988,Mirabeau Belle Annee Rose 250Ml,https://www.tesco.com/groceries/en-GB/products/309746163,1687616658.824401,"['£3.00', '£9.00/75cl']",3.0,£9.00/75cl
13989,Penfolds Shiraz Bin 28 75Cl,https://www.tesco.com/groceries/en-GB/products/250535733,1687616658.917216,"['£30.00', '£30.00/75cl']",30.0,£30.00/75cl
13990,Cloudy Bay Pelorus Non Vintage 75Cl,https://www.tesco.com/groceries/en-GB/products/278608944,1687616658.990528,"['£27.50', '£27.50/75cl']",27.5,£27.50/75cl
13991,Tanqueray Rangpur Gin 70Cl,https://www.tesco.com/groceries/en-GB/products/271275017,1687616659.077672,"['£26.50', '£37.86/litre']",26.5,£37.86/litre
13992,Lavazza Decaf Coffee Beans 500G,https://www.tesco.com/groceries/en-GB/products/309480499,1687616659.144712,"['£9.00', '£1.80/100g']",9.0,£1.80/100g
13993,Ravenswood Lodi Zinfandel 75Cl,https://www.tesco.com/groceries/en-GB/products/272489500,1687616659.2111511,"['£14.50', '£14.50/75cl']",14.5,£14.50/75cl
13994,Tails Cocktails Espresso Martini Cocktail 500Ml,https://www.tesco.com/groceries/en-GB/products/311258571,1687616659.28249,"['£15.00', '£30.00/litre']",15.0,£30.00/litre
13995,Hardys Crest Chardonnay 1.5L,https://www.tesco.com/groceries/en-GB/products/306495112,1687616659.347969,"['£14.50', '£7.25/75cl']",14.5,£7.25/75cl
13996,Glen Keith Single Malt Scotch Whisky 70Cl,https://www.tesco.com/groceries/en-GB/products/299335457,1687616659.41602,"['£30.00', '£42.86/litre']",30.0,£42.86/litre
13997,Tesco Finest The Melodist Sloe Gin 70Cl,https://www.tesco.com/groceries/en-GB/products/285347165,1687616659.506718,"['£18.00', '£25.71/litre']",18.0,£25.71/litre
13998,Brockmans Gin 70 Cl,https://www.tesco.com/groceries/en-GB/products/298866348,1687616659.5765288,"['£34.00', '£48.57/litre']",34.0,£48.57/litre
13999,Oyster Bay Pinot Noir 75Cl,https://www.tesco.com/groceries/en-GB/products/259578506,1687616665.0230532,"['£11.00', '£11.00/75cl']",11.0,£11.00/75cl
14000,Barefoot White Zinfandel 1.5L,https://www.tesco.com/groceries/en-GB/products/308079867,1687616665.097839,"['£13.00', '£6.50/75cl']",13.0,£6.50/75cl
14001,Pernod Aniseed Liqueur 70Cl,https://www.tesco.com/groceries/en-GB/products/255675789,1687616665.168906,"['£19.50', '£27.86/litre']",19.5,£27.86/litre
14002,Barefoot On Tap Pinot Grigio Box Wine 1.5L,https://www.tesco.com/groceries/en-GB/products/308106796,1687616665.239359,"['£13.00', '£6.50/75cl']",13.0,£6.50/75cl
14003,Illy Classic Roast Coffee Beans 250G,https://www.tesco.com/groceries/en-GB/products/250349821,1687616665.311554,"['£6.50', '£2.60/100g']",6.5,£2.60/100g
14004,London Beer Factory Jungle Trip 4X440ml,https://www.tesco.com/groceries/en-GB/products/308867286,1687616665.3898408,"['£8.00', '£4.54/litre']",8.0,£4.54/litre
14005,Brown Brothers Orange Muscat & Flora 37.5Cl,https://www.tesco.com/groceries/en-GB/products/251820682,1687616665.456782,"['£8.50', '£17.00/75cl']",8.5,£17.00/75cl
14006,Banrock Station Flat Rpet Merlot 75Cl,https://www.tesco.com/groceries/en-GB/products/311677938,1687616665.5252092,"['£7.00', '£7.00/75cl']",7.0,£7.00/75cl
14007,Bottega Gold Prosecco 200Ml & 4 Chocolates Gift Set,https://www.tesco.com/groceries/en-GB/products/312235464,1687616665.5927439,"['£8.00', '£8.00/each']",8.0,£8.00/each
14008,The Doctors Sauvignon Blanc 75Cl,https://www.tesco.com/groceries/en-GB/products/299947545,1687616665.688716,"['£10.00', '£10.00/75cl']",10.0,£10.00/75cl
14009,Diablo Golden Chardonnay White Wine 75Cl,https://www.tesco.com/groceries/en-GB/products/311802457,1687616665.781628,"['£10.00', '£10.00/75cl']",10.0,£10.00/75cl
14010,Diablo Sauvignon Blanc 75Cl,https://www.tesco.com/groceries/en-GB/products/312110744,1687616665.882317,"['£10.00', '£10.00/75cl']",10.0,£10.00/75cl
14011,Des Tourelles Premieres Cotes De Bordeaux 75Cl,https://www.tesco.com/groceries/en-GB/products/311782145,1687616665.975111,"['£7.00', '£7.00/75cl']",7.0,£7.00/75cl
14012,L'or. Artiste 8 Vigoroso Instant Coffee 95G,https://www.tesco.com/groceries/en-GB/products/312221941,1687616666.045165,"['£6.50', '£6.84/100g']",6.5,£6.84/100g
14013,Porcupine Ridge Chardonnay 750Ml,https://www.tesco.com/groceries/en-GB/products/311960009,1687616666.1123168,"['£7.50', '£7.50/75cl']",7.5,£7.50/75cl
14014,Three Barrels Brandy 70Cl,https://www.tesco.com/groceries/en-GB/products/286116028,1687616666.201827,"['£18.50', '£26.43/litre']",18.5,£26.43/litre
14015,Buxton Brewery 50 Fifty Ipa 4X440ml,https://www.tesco.com/groceries/en-GB/products/311677973,1687616666.300958,"['£8.00', '£4.54/litre']",8.0,£4.54/litre
14016,Limehouse Rhubarb & Ginger Gin 70Cl,https://www.tesco.com/groceries/en-GB/products/304780296,1687616666.367564,"['£14.99', '£21.41/litre']",14.99,£21.41/litre
14017,Lucozade Sport Passion Fruit & Mango 4X500ml,https://www.tesco.com/groceries/en-GB/products/287633883,1687616666.43786,"['£3.50', '£0.18/100ml']",3.5,£0.18/100ml
14018,Clipper Cleanse Organic Citrus Nettle & Fennel Tea Bags 44G,https://www.tesco.com/groceries/en-GB/products/311805022,1687616666.506864,"['£2.50', '£5.68/100g']",2.5,£5.68/100g
14019,Costa Coffee Flat White 200Ml,https://www.tesco.com/groceries/en-GB/products/308858660,1687616666.574683,"['£1.80', '£0.90/100ml']",1.8,£0.90/100ml
14020,Red Bull Red Watermelon Edition 4 X 250Ml,https://www.tesco.com/groceries/en-GB/products/312847039,1687616666.66183,"['£4.75', '£0.48/100ml']",4.75,£0.48/100ml
14021,Nix & Kix Sparkling Mango & Ginger Drink 750Ml,https://www.tesco.com/groceries/en-GB/products/307355254,1687616666.764807,"['£2.95', '£0.39/100ml']",2.95,£0.39/100ml
14022,Rubicon Sparkling Lychee Drink 2 Litre,https://www.tesco.com/groceries/en-GB/products/280609512,1687616666.855606,"['£1.80', '£0.09/100ml']",1.8,£0.09/100ml
14023,All Shook Up Spritz Elderflower Mint & Lime250ml,https://www.tesco.com/groceries/en-GB/products/311250700,1687616666.9231832,"['£1.75', '£5.25/75cl']",1.75,£5.25/75cl
14024,Buffalo Trace Bourbon Whiskey 70Cl,https://www.tesco.com/groceries/en-GB/products/279769279,1687616667.014553,"['£24.00', '£34.29/litre']",24.0,£34.29/litre
14025,Malfy Gin Rosa 70Cl,https://www.tesco.com/groceries/en-GB/products/303986302,1687616667.0798368,"['£29.00', '£41.43/litre']",29.0,£41.43/litre
14026,Lfe Gran Reserva Sauvignon Blanc 75Cl,https://www.tesco.com/groceries/en-GB/products/277183681,1687616667.173434,"['£10.00', '£10.00/75cl']",10.0,£10.00/75cl
14027,Puiattino Pinot Grigio 75Cl,https://www.tesco.com/groceries/en-GB/products/306494107,1687616667.2459211,"['£10.00', '£10.00/75cl']",10.0,£10.00/75cl
14028,Arbousset Lirac 75Cl,https://www.tesco.com/groceries/en-GB/products/311798864,1687616667.313544,"['£12.00', '£12.00/75cl']",12.0,£12.00/75cl
14029,Highland Park 10 Year Old Single Malt Whisky 700Ml,https://www.tesco.com/groceries/en-GB/products/308853377,1687616667.3798668,"['£34.00', '£48.57/litre']",34.0,£48.57/litre
14030,Tesco Spanish Brandy 70Cl Bottle,https://www.tesco.com/groceries/en-GB/products/255249632,1687616667.532125,"['£15.20', '£21.71/litre']",15.2,£21.71/litre
14031,Pukka Organic Three Fennel 20S 36G,https://www.tesco.com/groceries/en-GB/products/278174707,1687616667.605265,"['£4.00', '£11.11/100g']",4.0,£11.11/100g
14032,Bellingham The Bernard Series Chenin Blanc 75C,https://www.tesco.com/groceries/en-GB/products/283588775,1687616667.6738079,"['£11.00', '£11.00/75cl']",11.0,£11.00/75cl
14033,Kopparberg Strawberry & Lime Gin 70Cl,https://www.tesco.com/groceries/en-GB/products/302295735,1687616667.780826,"['£16.00', '£22.86/litre']",16.0,£22.86/litre
14034,Bundaberg Root Beer 4 X 375Ml,https://www.tesco.com/groceries/en-GB/products/300063846,1687616667.869341,"['£5.40', '£0.36/100ml']",5.4,£0.36/100ml
14035,Chocomel Chocolate Flavoured Milk 1L,https://www.tesco.com/groceries/en-GB/products/312844486,1687616667.9613519,"['£3.00', '£0.30/100ml']",3.0,£0.30/100ml
14036,Penderyn Madeira Finish Single Mlt Wsk 70Cl - Sweet,https://www.tesco.com/groceries/en-GB/products/257477018,1687616668.034213,"['£38.00', '£54.29/litre']",38.0,£54.29/litre
14037,Gallo Spritz Pineapple & Passion Fruit 75Cl,https://www.tesco.com/groceries/en-GB/products/288178170,1687616668.135815,"['£4.80', '£4.80/75cl']",4.8,£4.80/75cl
14039,Wow Hydrate Protein Summer Fruits 4X500ml,https://www.tesco.com/groceries/en-GB/products/307148344,1687616668.3255901,"['£4.50', '£0.22/100ml']",4.5,£0.22/100ml
14040,Tim Adams Shiraz 75Cl,https://www.tesco.com/groceries/en-GB/products/250839063,1687616668.394664,"['£10.00', '£10.00/75cl']",10.0,£10.00/75cl
14041,Deinhard Green Label Riesling 75Cl,https://www.tesco.com/groceries/en-GB/products/312088735,1687616668.482357,"['£7.50', '£7.50/75cl']",7.5,£7.50/75cl
14042,Lofbergs Organic Dark Roast Ground Coffee 450G,https://www.tesco.com/groceries/en-GB/products/312211469,1687616668.582749,"['£5.50', '£1.22/100g']",5.5,£1.22/100g
14043,Vita Pressed Coco Coconut Water 1L,https://www.tesco.com/groceries/en-GB/products/303448116,1687616668.6795032,"['£4.00', '£4.00/litre']",4.0,£4.00/litre
14044,Red Bull Sugar Free Apricot Edition 4X250ml,https://www.tesco.com/groceries/en-GB/products/312830266,1687616668.758792,"['£4.55', '£0.46/100ml']",4.55,£0.46/100ml
14045,Highland Spring Pear & Elderflower Spring Water 4X330ml,https://www.tesco.com/groceries/en-GB/products/308841823,1687616668.853703,"['£3.25', '£0.25/100ml']",3.25,£0.25/100ml
14046,Costa Coffee The Big Caramel Latte 750Ml,https://www.tesco.com/groceries/en-GB/products/311942567,1687616668.930271,"['£3.00', '£0.40/100ml']",3.0,£0.40/100ml
14047,Twinings Green Pure Decaff 20'S 40G,https://www.tesco.com/groceries/en-GB/products/272392297,1687616675.096113,"['£2.50', '£6.25/100g']",2.5,£6.25/100g
14048,Rubicon Raw Energy Orange & Mango 4 X 500Ml,https://www.tesco.com/groceries/en-GB/products/310138513,1687616675.19699,"['£4.50', '£0.22/100ml']",4.5,£0.22/100ml
14049,Tesco Dry London Gin 35Cl Bottle,https://www.tesco.com/groceries/en-GB/products/253472329,1687616675.291523,"['£6.15', '£17.57/litre']",6.15,£17.57/litre
14050,Innocent Blue Spark Super Smoothie 300Ml,https://www.tesco.com/groceries/en-GB/products/305432828,1687616675.362268,"['£2.36', '£0.79/100ml']",2.36,£0.79/100ml
14051,Tesco Finest Coonawarra Cabernet 75Cl,https://www.tesco.com/groceries/en-GB/products/296424558,1687616675.4907572,"['£9.00', '£9.00/75cl']",9.0,£9.00/75cl
14052,Relentless Raspberry Zero 500Ml,https://www.tesco.com/groceries/en-GB/products/312830842,1687616675.581567,"['£1.25', '£0.25/100ml']",1.25,£0.25/100ml
14053,Lucozade Energy Zero Pink Lemonade 500Ml,https://www.tesco.com/groceries/en-GB/products/292215645,1687616675.69332,"['£1.70', '£0.34/100ml']",1.7,£0.34/100ml
14054,Grey Goose Essences Watermelon & Basil Vodka Spritz 250Ml,https://www.tesco.com/groceries/en-GB/products/311798305,1687616675.809218,"['£2.80', '£11.20/litre']",2.8,£11.20/litre
14055,Tesco White Rum 35Cl,https://www.tesco.com/groceries/en-GB/products/261051276,1687616675.8993652,"['£5.75', '£16.43/litre']",5.75,£16.43/litre
14056,Grey Goose Essences Strawberry Lemongrass Vodka Spritz 250Ml,https://www.tesco.com/groceries/en-GB/products/311446014,1687616675.968877,"['£2.80', '£11.20/litre']",2.8,£11.20/litre
14057,Glayva Liqueur 50Cl Bottle,https://www.tesco.com/groceries/en-GB/products/255250186,1687616676.065824,"['£19.00', '£38.00/litre']",19.0,£38.00/litre
14058,Taittinger Champagne Nocturne Sec 750Ml,https://www.tesco.com/groceries/en-GB/products/309747968,1687616676.135524,"['£43.00', '£43.00/75cl']",43.0,£43.00/75cl
14059,Hardys Crest Cabernet Shiraz Merlot 1.5 Litre,https://www.tesco.com/groceries/en-GB/products/306501792,1687616676.228914,"['£14.50', '£7.25/75cl']",14.5,£7.25/75cl
14060,Moet & Chandon Gift Box Champagne 75Cl,https://www.tesco.com/groceries/en-GB/products/294191030,1687616676.297855,"['£57.00', '£57.00/75cl']",57.0,£57.00/75cl
14061,D'arenberg The Footbolt Shiraz 2017 75Cl,https://www.tesco.com/groceries/en-GB/products/304399039,1687616676.36951,"['£12.00', '£12.00/75cl']",12.0,£12.00/75cl
14062,Tails Cocktails Passion Fruit Martini Cocktail 500Ml,https://www.tesco.com/groceries/en-GB/products/311805978,1687616676.447098,"['£15.00', '£30.00/litre']",15.0,£30.00/litre
14063,Tiny Rebel Clwb Tropica Tropical Ipa 10X330ml,https://www.tesco.com/groceries/en-GB/products/312702424,1687616676.554262,"['£15.00', '£4.50/litre']",15.0,£4.50/litre
14064,Journey's End Family Reserve Cabernet Sauvignon 75Cl,https://www.tesco.com/groceries/en-GB/products/311268265,1687616676.649466,"['£11.00', '£11.00/75cl']",11.0,£11.00/75cl
14065,Tesco Finest Tingleup Riesling 75Cl,https://www.tesco.com/groceries/en-GB/products/260051253,1687616676.721549,"['£10.00', '£10.00/75cl']",10.0,£10.00/75cl
14066,Mucho Mas Vino Blanco Wine 75Cl,https://www.tesco.com/groceries/en-GB/products/309192137,1687616676.7929049,"['£8.00', '£8.00/75cl']",8.0,£8.00/75cl
14067,Jack Daniels Tennessee Apple Liqueur 70Cl,https://www.tesco.com/groceries/en-GB/products/305734539,1687616676.860606,"['£26.00', '£37.14/litre']",26.0,£37.14/litre
14068,Brecon Botanicals 70Cl,https://www.tesco.com/groceries/en-GB/products/285211406,1687616676.927212,"['£23.00', '£32.86/litre']",23.0,£32.86/litre
14069,Bushmills Whiskey Original 1Ltr,https://www.tesco.com/groceries/en-GB/products/253762643,1687616677.016545,"['£28.00', '£28.00/litre']",28.0,£28.00/litre
14070,Pimm's & Lemonade 10 X 250Ml,https://www.tesco.com/groceries/en-GB/products/292646002,1687616677.089503,"['£16.00', '£6.40/litre']",16.0,£6.40/litre
14071,Ramon Bilbao Tempranillo Rioja 75Cl,https://www.tesco.com/groceries/en-GB/products/308097730,1687616677.1628401,"['£8.25', '£8.25/75cl']",8.25,£8.25/75cl
14072,Fever Tree Ultimate Gin & Tonic Selection,https://www.tesco.com/groceries/en-GB/products/309487146,1687616677.232762,"['£14.70', '£14.70/each']",14.7,£14.70/each
14073,B.Ink Red Blend Wine 750Ml,https://www.tesco.com/groceries/en-GB/products/312363317,1687616677.3056698,"['£9.00', '£9.00/75cl']",9.0,£9.00/75cl
14074,Percol Colombian Coffee Bags 20 Pack 160G,https://www.tesco.com/groceries/en-GB/products/312344527,1687616677.373051,"['£4.75', '£2.97/100g']",4.75,£2.97/100g
14075,Twinings Wellbeing Collection 20 Teabags 37G,https://www.tesco.com/groceries/en-GB/products/311959381,1687616677.442095,"['£3.50', '£9.46/100g']",3.5,£9.46/100g
14076,Veuve Clicquot Vintage Champagne 75Cl,https://www.tesco.com/groceries/en-GB/products/258928855,1687616677.516897,"['£62.00', '£62.00/75cl']",62.0,£62.00/75cl
14077,Wkd Blue Lagoon Ready To Drink Cocktail 700Ml,https://www.tesco.com/groceries/en-GB/products/308830082,1687616677.586823,"['£5.00', '£7.14/litre']",5.0,£7.14/litre
14078,Tempus Two Shiraz 75Cl,https://www.tesco.com/groceries/en-GB/products/308490575,1687616677.73561,"['£8.00', '£8.00/75cl']",8.0,£8.00/75cl
14079,Gordon's Gin Tropical Passion Fruit 70Cl,https://www.tesco.com/groceries/en-GB/products/311225397,1687616677.836937,"['£17.50', '£25.00/litre']",17.5,£25.00/litre
14080,Lavazza Espresso Decaffeinated Coffee Capsules 10 Pack 58G,https://www.tesco.com/groceries/en-GB/products/311680317,1687616677.9426382,"['£3.50', '£6.03/100g']",3.5,£6.03/100g
14081,Gordon's Gin & Slimline Tonic 250Ml 4 Pack,https://www.tesco.com/groceries/en-GB/products/295411857,1687616678.019918,"['£6.00', '£6.00/litre']",6.0,£6.00/litre
14082,Tropicana Plus Viva Vitality Fruit Drink 750Ml,https://www.tesco.com/groceries/en-GB/products/307137829,1687616678.09643,"['£3.50', '£0.47/100ml']",3.5,£0.47/100ml
14083,Twinings Rooibos & Honey 20 Teabags 36G,https://www.tesco.com/groceries/en-GB/products/306499747,1687616678.174958,"['£2.80', '£7.78/100g']",2.8,£7.78/100g
14084,Cellier Des Dauphins Cotes Du Rhone Blanc 75Cl,https://www.tesco.com/groceries/en-GB/products/312225349,1687616678.292662,"['£7.00', '£7.00/75cl']",7.0,£7.00/75cl
14085,Tesco No Added Sugar Chocolate Flavoured Milkshake Mix 300G,https://www.tesco.com/groceries/en-GB/products/311223981,1687616678.3608818,"['£2.40', '£0.80/100g']",2.4,£0.80/100g
14086,Biotiful Plant Based Oat Kefir Strawberry 250Ml,https://www.tesco.com/groceries/en-GB/products/310145274,1687616678.441152,"['£1.85', '£7.40/litre']",1.85,£7.40/litre
14087,Red Bull Sugar Free Strawberry & Apricot Summer Edition 355Ml,https://www.tesco.com/groceries/en-GB/products/310667658,1687616678.54231,"['£1.85', '£0.52/100ml']",1.85,£0.52/100ml
14088,Highland Spring Water Blackberry Plum Sparkling 330Ml,https://www.tesco.com/groceries/en-GB/products/308497251,1687616678.762259,"['£1.15', '£0.35/100ml']",1.15,£0.35/100ml
14089,Stag Lager Beer 275Ml,https://www.tesco.com/groceries/en-GB/products/293332533,1687616678.874738,"['£1.40', '£5.09/litre']",1.4,£5.09/litre
14090,Juhayna Pineapple Fruit Drink 1 Litre,https://www.tesco.com/groceries/en-GB/products/311669954,1687616678.9432802,"['£2.10', '£0.21/100ml']",2.1,£0.21/100ml
14091,Mermaid Gin 70Cl,https://www.tesco.com/groceries/en-GB/products/306821113,1687616679.011544,"['£38.00', '£54.29/litre']",38.0,£54.29/litre
14092,Jura 14 Year Old Single Malt Scotch Whisky 70Cl,https://www.tesco.com/groceries/en-GB/products/310154107,1687616679.105752,"['£42.00', '£60.00/litre']",42.0,£60.00/litre
14093,Old Pulteney 12 Year Old Malt Whisky 70Cl,https://www.tesco.com/groceries/en-GB/products/253842318,1687616679.1822689,"['£35.00', '£50.00/litre']",35.0,£50.00/litre
14094,Constitution Road Chardonnay 750Ml,https://www.tesco.com/groceries/en-GB/products/311955834,1687616679.2743292,"['£16.00', '£16.00/75cl']",16.0,£16.00/75cl
14095,Bonterra Chardonnay Organic Wine 75Cl,https://www.tesco.com/groceries/en-GB/products/306822348,1687616685.004725,"['£12.50', '£12.50/75cl']",12.5,£12.50/75cl
14096,Courvoisier Vs Cognac 350Ml,https://www.tesco.com/groceries/en-GB/products/313011013,1687616685.086333,"['£17.00', '£48.57/litre']",17.0,£48.57/litre
14097,Singleton Of Dufftown 12 Year Old 70Cl,https://www.tesco.com/groceries/en-GB/products/266398576,1687616685.163947,"['£38.00', '£54.29/litre']",38.0,£54.29/litre
14098,Mirabeau La Folie Sparkling Rose 750Ml,https://www.tesco.com/groceries/en-GB/products/309462400,1687616685.2543738,"['£14.00', '£14.00/75cl']",14.0,£14.00/75cl
14099,Bollinger Champagne Non Vintage 75Cl,https://www.tesco.com/groceries/en-GB/products/255245671,1687616685.321749,"['£55.00', '£55.00/75cl']",55.0,£55.00/75cl
14100,Gordon Ramsay Elegante Rosato Wine 750Ml,https://www.tesco.com/groceries/en-GB/products/310188551,1687616685.388216,"['£10.00', '£10.00/75cl']",10.0,£10.00/75cl
14101,Arbousset Tavel Rose 75Cl,https://www.tesco.com/groceries/en-GB/products/311427728,1687616685.458903,"['£12.00', '£12.00/75cl']",12.0,£12.00/75cl
14102,The Kraken Black Spiced Rum Roast Coffee 700Ml,https://www.tesco.com/groceries/en-GB/products/311934986,1687616685.529674,"['£23.50', '£33.57/litre']",23.5,£33.57/litre
14103,Tia Maria Matcha Cream Liqueur 700Ml,https://www.tesco.com/groceries/en-GB/products/310100609,1687616685.617996,"['£16.00', '£22.86/litre']",16.0,£22.86/litre
14104,Vinalba Patagonia Reserve Malbec 75Cl,https://www.tesco.com/groceries/en-GB/products/312084590,1687616685.70652,"['£14.00', '£14.00/75cl']",14.0,£14.00/75cl
14105,Pukka Herbs Organic Fair Trade Original Chai 40G,https://www.tesco.com/groceries/en-GB/products/272558776,1687616685.7780359,"['£4.00', '£10.00/100g']",4.0,£10.00/100g
14106,Kopparberg Passion Fruit & Orange Gin 70Cl,https://www.tesco.com/groceries/en-GB/products/305831863,1687616685.8478022,"['£16.00', '£22.86/litre']",16.0,£22.86/litre
14107,Licor 43 Original 70Cl,https://www.tesco.com/groceries/en-GB/products/295475406,1687616685.916947,"['£18.50', '£26.43/litre']",18.5,£26.43/litre
14108,Tw Kempton Watermelon & Lime Gin Liqueur 50Cl,https://www.tesco.com/groceries/en-GB/products/305974941,1687616686.0097358,"['£9.50', '£19.00/litre']",9.5,£19.00/litre
14109,Ramon Bilbao Rosado Rioja 75Cl,https://www.tesco.com/groceries/en-GB/products/311250547,1687616686.087869,"['£8.25', '£8.25/75cl']",8.25,£8.25/75cl
14110,Vocation Crush Hour Everyday Hazy Pale 12X330ml,https://www.tesco.com/groceries/en-GB/products/313009086,1687616686.156161,"['£15.00', '£3.79/litre']",15.0,£3.79/litre
14111,Peter Lehmann Barossa Portrait Shiraz 750Ml,https://www.tesco.com/groceries/en-GB/products/306814599,1687616686.243287,"['£15.00', '£15.00/75cl']",15.0,£15.00/75cl
14112,Glenfairn Speyside Single Malt Whisky 70Cl,https://www.tesco.com/groceries/en-GB/products/301841074,1687616686.333781,"['£17.00', '£24.29/litre']",17.0,£24.29/litre
14113,V-Kat Dry Schnapps 1 Litre,https://www.tesco.com/groceries/en-GB/products/306664955,1687616686.401765,"['£8.50', '£8.50/litre']",8.5,£8.50/litre
14114,Ken Forrester Wine The Misfits Cinsault 750Ml,https://www.tesco.com/groceries/en-GB/products/311439075,1687616686.504333,"['£9.00', '£9.00/75cl']",9.0,£9.00/75cl
14115,Kopparberg Mixed Fruit Tropical Premium Cider 4 X 330Ml,https://www.tesco.com/groceries/en-GB/products/308099405,1687616686.591624,"['£5.00', '£3.79/litre']",5.0,£3.79/litre
14116,Grand Palais Medoc 75Cl,https://www.tesco.com/groceries/en-GB/products/309473237,1687616686.656975,"['£9.00', '£9.00/75cl']",9.0,£9.00/75cl
14117,Tesco Finest Earl Grey Leaf Tea 125G,https://www.tesco.com/groceries/en-GB/products/279336291,1687616686.7467892,"['£1.70', '£1.36/100g']",1.7,£1.36/100g
14118,Cellier Dauphins Cotes Du Rhone Prestige 75Cl,https://www.tesco.com/groceries/en-GB/products/254207782,1687616686.814006,"['£7.00', '£7.00/75cl']",7.0,£7.00/75cl
14119,Moth Pina Colada 200Ml,https://www.tesco.com/groceries/en-GB/products/312582530,1687616686.888565,"['£3.90', '£19.50/litre']",3.9,£19.50/litre
14120,Monster Energy Ultra Gold Drink 500Ml,https://www.tesco.com/groceries/en-GB/products/311669833,1687616686.99543,"['£1.70', '£0.34/100ml']",1.7,£0.34/100ml
14121,Innocent Inner Winner Juice 750Ml,https://www.tesco.com/groceries/en-GB/products/309453054,1687616687.127404,"['£3.80', '£0.51/100ml']",3.8,£0.51/100ml
14122,Brewdog Hazy Jane Guava New England Ipa 440Ml,https://www.tesco.com/groceries/en-GB/products/309789561,1687616687.225253,"['£2.75', '£6.25/litre']",2.75,£6.25/litre
14123,Corona Tropical Guava & Lime 330Ml,https://www.tesco.com/groceries/en-GB/products/311207943,1687616687.330521,"['£2.75', '£8.33/litre']",2.75,£8.33/litre
14124,Corona Tropical Raspberry & Lemon 330Ml,https://www.tesco.com/groceries/en-GB/products/310679552,1687616687.427239,"['£2.75', '£8.33/litre']",2.75,£8.33/litre
14125,Red Bull Sugar Free The Tropical Edition 355Ml,https://www.tesco.com/groceries/en-GB/products/310678567,1687616687.6004748,"['£1.85', '£0.52/100ml']",1.85,£0.52/100ml
14126,Vault City Beer Raspberry Strawberry Coconut 440Ml,https://www.tesco.com/groceries/en-GB/products/312580624,1687616687.735605,"['£3.50', '£7.96/litre']",3.5,£7.96/litre
14127,Miami Cocktail Co. Organic Bellini Spritz 250Ml,https://www.tesco.com/groceries/en-GB/products/312230072,1687616687.829889,"['£2.25', '£6.75/75cl']",2.25,£6.75/75cl
14128,J Vineyard California Cuvee Wine 75Cl,https://www.tesco.com/groceries/en-GB/products/309492905,1687616687.930749,"['£20.00', '£20.00/75cl']",20.0,£20.00/75cl
14129,Ardmore Legacy Whisky 70Cl - Smoky,https://www.tesco.com/groceries/en-GB/products/285845756,1687616688.022557,"['£30.00', '£42.86/litre']",30.0,£42.86/litre
14130,La Raison Du Chateau Des Fougeres 75Cl,https://www.tesco.com/groceries/en-GB/products/295163568,1687616688.1094341,"['£16.00', '£16.00/75cl']",16.0,£16.00/75cl
14131,Distillers Select Pink Gin Selection Giftset 4X5cl,https://www.tesco.com/groceries/en-GB/products/310137497,1687616688.2039192,"['£12.60', '£252.00/litre']",12.6,£252.00/litre
14132,Dv Catena Cabernet Franc Historico 750Ml,https://www.tesco.com/groceries/en-GB/products/306803901,1687616688.3383522,"['£12.00', '£12.00/75cl']",12.0,£12.00/75cl
14133,Lavazza Espresso Ground Coffee 2X250g,https://www.tesco.com/groceries/en-GB/products/309772033,1687616688.464261,"['£7.70', '£1.54/100g']",7.7,£1.54/100g
14134,Tesco Stemless Prosecco 4 Pack,https://www.tesco.com/groceries/en-GB/products/308434672,1687616688.532675,"['£6.00', '£1.50/each']",6.0,£1.50/each
14135,Brunello Di Montalcino Terre De Priori 75Cl,https://www.tesco.com/groceries/en-GB/products/268773077,1687616688.615865,"['£20.00', '£20.00/75cl']",20.0,£20.00/75cl
14136,1000 Stories Zinfandel 750Ml,https://www.tesco.com/groceries/en-GB/products/300455014,1687616688.683869,"['£15.00', '£15.00/75cl']",15.0,£15.00/75cl
14137,Absolut Passion Fruit Vodka 70Cl,https://www.tesco.com/groceries/en-GB/products/305838700,1687616688.751006,"['£20.00', '£28.57/litre']",20.0,£28.57/litre
14138,Edinburgh Gin Rhubarb & Ginger Ginger Ale 250X4,https://www.tesco.com/groceries/en-GB/products/303750155,1687616688.838329,"['£8.00', '£8.00/litre']",8.0,£8.00/litre
14139,Illy Dark Roast Espresso Machine Coffee 250G,https://www.tesco.com/groceries/en-GB/products/250109568,1687616688.915085,"['£6.80', '£2.72/100g']",6.8,£2.72/100g
14140,Jameson Irish Whiskey 35Cl,https://www.tesco.com/groceries/en-GB/products/253399451,1687616688.985139,"['£13.50', '£38.57/litre']",13.5,£38.57/litre
14141,Grenade Carb Killa Shake White Chocolate,https://www.tesco.com/groceries/en-GB/products/301926222,1687616689.0539572,"['£2.25', '£0.68/100ml']",2.25,£0.68/100ml
14142,Crocodile Diamante Rose 750Ml,https://www.tesco.com/groceries/en-GB/products/311675134,1687616689.1217458,"['£10.00', '£10.00/75cl']",10.0,£10.00/75cl
14143,Northern Monk Heathen Hazy Ipa 440Ml,https://www.tesco.com/groceries/en-GB/products/312570043,1687616695.308207,"['£3.50', '£7.96/litre']",3.5,£7.96/litre
14144,Juhayna Orange Fruit Drink 1 Litre,https://www.tesco.com/groceries/en-GB/products/311932660,1687616695.415182,"['£2.00', '£0.20/100ml']",2.0,£0.20/100ml
14145,Contino Rioja Reserva 75Cl,https://www.tesco.com/groceries/en-GB/products/271421260,1687616695.48904,"['£25.00', '£25.00/75cl']",25.0,£25.00/75cl
14146,Miraval Provence Rose Wine 750Ml,https://www.tesco.com/groceries/en-GB/products/304791628,1687616695.5576751,"['£19.00', '£19.00/75cl']",19.0,£19.00/75cl
14147,Campo V Primitivo Di Manduria 750Ml,https://www.tesco.com/groceries/en-GB/products/311257975,1687616695.6246479,"['£15.00', '£15.00/75cl']",15.0,£15.00/75cl
14148,Gin Mare 70Cl,https://www.tesco.com/groceries/en-GB/products/296975504,1687616695.696991,"['£36.00', '£38.57/75cl']",36.0,£38.57/75cl
14149,Rustenberg Wild Ferment Unwooded Chardonnay 750Ml,https://www.tesco.com/groceries/en-GB/products/312211924,1687616695.765829,"['£12.00', '£12.00/75cl']",12.0,£12.00/75cl
14150,St Hallett Barossa Faith Shiraz 75Cl,https://www.tesco.com/groceries/en-GB/products/308851356,1687616695.8339572,"['£15.00', '£15.00/75cl']",15.0,£15.00/75cl
14151,Chateau Ste. Michelle Dry Riesling 75Cl,https://www.tesco.com/groceries/en-GB/products/311789869,1687616695.901868,"['£12.00', '£12.00/75cl']",12.0,£12.00/75cl
14152,La Vieille Ferme Rose 2.25L,https://www.tesco.com/groceries/en-GB/products/309205147,1687616695.9726532,"['£20.00', '£6.67/75cl']",20.0,£6.67/75cl
14153,Gordon's Alcohol Free Premium Pink Spirit 70Cl,https://www.tesco.com/groceries/en-GB/products/311220195,1687616696.045171,"['£16.00', '£22.86/litre']",16.0,£22.86/litre
14154,Jacob's Creek Double Barrel Shiraz,https://www.tesco.com/groceries/en-GB/products/295459560,1687616696.1134,"['£12.00', '£12.00/75cl']",12.0,£12.00/75cl
14155,Jameson Orange Irish Whiskey 700Ml,https://www.tesco.com/groceries/en-GB/products/309489789,1687616696.185447,"['£23.50', '£33.57/litre']",23.5,£33.57/litre
14156,Tullamore Dew 700Ml,https://www.tesco.com/groceries/en-GB/products/251779051,1687616696.2642539,"['£20.00', '£28.57/litre']",20.0,£28.57/litre
14157,Bombay Citron Presse Distilled Lemon Gin 70Cl,https://www.tesco.com/groceries/en-GB/products/311686305,1687616696.3304121,"['£24.00', '£34.29/litre']",24.0,£34.29/litre
14158,Whitley Neill Distillers Cut Dry Gin 70Cl,https://www.tesco.com/groceries/en-GB/products/311950617,1687616696.422545,"['£28.00', '£40.00/litre']",28.0,£40.00/litre
14159,Gordon Ramsay Vibrante Bianco 750Ml,https://www.tesco.com/groceries/en-GB/products/310107182,1687616696.511637,"['£10.00', '£10.00/75cl']",10.0,£10.00/75cl
14160,Cru Smith & Sheth Sauvignon Blanc 750Ml,https://www.tesco.com/groceries/en-GB/products/309755555,1687616696.577099,"['£17.00', '£17.00/75cl']",17.0,£17.00/75cl
14161,Whitley Neill Flavoured Gin Gift Pack 3 X 5Cl,https://www.tesco.com/groceries/en-GB/products/306932696,1687616696.6649358,"['£10.50', '£70.00/litre']",10.5,£70.00/litre
14162,Martini Vibrante Non-Alcoholic Aperitif 750Ml,https://www.tesco.com/groceries/en-GB/products/308096604,1687616696.768342,"['£10.00', '£13.33/litre']",10.0,£13.33/litre
14163,Bonterra Organic Cabernet Sauvignon 75Cl,https://www.tesco.com/groceries/en-GB/products/306497070,1687616696.857234,"['£12.50', '£12.50/75cl']",12.5,£12.50/75cl
14164,Gerard Bertrand Cite De Carcassonne Merlot 750Ml,https://www.tesco.com/groceries/en-GB/products/312361627,1687616696.921988,"['£12.00', '£12.00/75cl']",12.0,£12.00/75cl
14165,Illy Espresso Decaffeinated Ground Coffee 250G,https://www.tesco.com/groceries/en-GB/products/250350185,1687616697.013626,"['£6.80', '£2.72/100g']",6.8,£2.72/100g
14166,Tim Adams Clare Valley Riesling 75Cl,https://www.tesco.com/groceries/en-GB/products/251706098,1687616697.083767,"['£10.00', '£10.00/75cl']",10.0,£10.00/75cl
14167,Petaluma White Label Chardonnay 750Ml,https://www.tesco.com/groceries/en-GB/products/311681117,1687616697.152886,"['£16.00', '£16.00/75cl']",16.0,£16.00/75cl
14168,Tesco Finest South African Pinotage 75Cl,https://www.tesco.com/groceries/en-GB/products/274670437,1687616697.221374,"['£7.50', '£7.50/75cl']",7.5,£7.50/75cl
14169,Twinings Digest Superblends Tea Bags 35G,https://www.tesco.com/groceries/en-GB/products/303302018,1687616697.289512,"['£3.50', '£10.00/100g']",3.5,£10.00/100g
14170,Graham Beck Selection Sparkling Wine 750Ml,https://www.tesco.com/groceries/en-GB/products/309465040,1687616697.355192,"['£14.00', '£14.00/75cl']",14.0,£14.00/75cl
14171,Goodrays Natural Cbd Raspberry & Guava Drink 4 X 250Ml,https://www.tesco.com/groceries/en-GB/products/312714905,1687616697.443532,"['£7.50', '£0.75/100ml']",7.5,£0.75/100ml
14172,Northumbria Spring Sparkling Spring Water 12X330ml,https://www.tesco.com/groceries/en-GB/products/310155291,1687616697.510583,"['£5.25', '£0.13/100ml']",5.25,£0.13/100ml
14173,L'or. Artiste 5 Delicato Instant Coffee 95G,https://www.tesco.com/groceries/en-GB/products/312228415,1687616697.5792482,"['£6.50', '£6.84/100g']",6.5,£6.84/100g
14174,Canderel Stevia Blend Granules 200G,https://www.tesco.com/groceries/en-GB/products/305435566,1687616697.644811,"['£3.10', '£15.50/kg']",3.1,£15.50/kg
14175,Flavorz Passion Fruit Cocktail Syrup 25Cl,https://www.tesco.com/groceries/en-GB/products/312577456,1687616697.747883,"['£2.50', '£10.00/litre']",2.5,£10.00/litre
14176,Monster Energy Ultra Watermelon Drink 500Ml,https://www.tesco.com/groceries/en-GB/products/310690439,1687616697.883252,"['£1.70', '£0.34/100ml']",1.7,£0.34/100ml
14177,Tesco Finest Chai 50 Tea Bags 125G,https://www.tesco.com/groceries/en-GB/products/279335332,1687616697.997571,"['£1.70', '£1.36/100g']",1.7,£1.36/100g
14178,Rubicon Orange & Mango Sparkling Water 4X330ml,https://www.tesco.com/groceries/en-GB/products/311202424,1687616698.0721438,"['£3.00', '£0.23/100ml']",3.0,£0.23/100ml
14179,Brewdog Almost Famous New England Ipa 440Ml,https://www.tesco.com/groceries/en-GB/products/311672074,1687616698.139786,"['£3.50', '£7.96/litre']",3.5,£7.96/litre
14180,Red Bull The Red Edition Watermelon 355Ml,https://www.tesco.com/groceries/en-GB/products/310670279,1687616698.231879,"['£1.90', '£0.54/100ml']",1.9,£0.54/100ml
14181,Buxton Brewery King Slayer Double Ipa 440Ml,https://www.tesco.com/groceries/en-GB/products/306500516,1687616698.356235,"['£4.00', '£9.09/litre']",4.0,£9.09/litre
14182,Vocation Brewery Mint Chocolate Stout 330Ml,https://www.tesco.com/groceries/en-GB/products/312847448,1687616698.460137,"['£4.00', '£12.12/litre']",4.0,£12.12/litre
14183,Corona Tropical Alcoholic Sparkling Water Grapefruit 330Ml,https://www.tesco.com/groceries/en-GB/products/310695578,1687616698.5544991,"['£2.75', '£0.83/100ml']",2.75,£0.83/100ml
14184,Get More Vitamins Vitamin C Orange Sugar Free 1Ltr,https://www.tesco.com/groceries/en-GB/products/311950197,1687616698.6435258,"['£1.80', '£0.18/100ml']",1.8,£0.18/100ml
14185,Salt Beer Factory Ikat Ddh Double 440Ml,https://www.tesco.com/groceries/en-GB/products/305964734,1687616698.713108,"['£3.50', '£7.96/litre']",3.5,£7.96/litre
14186,Strongbow Ultra Dark Fruit Cider 4X330ml,https://www.tesco.com/groceries/en-GB/products/311275711,1687616698.810545,"['£4.75', '£3.60/litre']",4.75,£3.60/litre
14187,Bonny Doon Vineyard Cigare Blanc 75Cl,https://www.tesco.com/groceries/en-GB/products/311952273,1687616698.934614,"['£16.00', '£16.00/75cl']",16.0,£16.00/75cl
14188,Hotel Chocolat Velvetised Chocolate Cream 500Ml,https://www.tesco.com/groceries/en-GB/products/310130357,1687616699.0320551,"['£22.00', '£44.00/litre']",22.0,£44.00/litre
14189,Dead Mans Fingers Mango Rum 70Cl,https://www.tesco.com/groceries/en-GB/products/306939988,1687616699.110271,"['£22.00', '£31.43/litre']",22.0,£31.43/litre
14190,Au Vodka Pink Lemonade 70Cl,https://www.tesco.com/groceries/en-GB/products/314107112,1687616699.184022,"['£32.00', '£45.71/litre']",32.0,£45.71/litre
14191,Love By Leoube Organic Rose Wine 75Cl,https://www.tesco.com/groceries/en-GB/products/311267986,1687616705.14546,"['£15.00', '£15.00/75cl']",15.0,£15.00/75cl
14192,Freixenet Celebration Set 2 Glasses 2X20cl,https://www.tesco.com/groceries/en-GB/products/312222715,1687616705.223199,"['£16.00', '£16.00/each']",16.0,£16.00/each
14193,Tesco Finest Barolo 75Cl,https://www.tesco.com/groceries/en-GB/products/252105986,1687616705.29698,"['£19.00', '£19.00/75cl']",19.0,£19.00/75cl
14194,Cono Sur Reserva Especial Riesling 75Cl,https://www.tesco.com/groceries/en-GB/products/262251416,1687616705.425911,"['£10.00', '£10.00/75cl']",10.0,£10.00/75cl
14195,Aber Falls Single Malt Welsh Whisky 70Cl,https://www.tesco.com/groceries/en-GB/products/310161527,1687616705.623759,"['£26.00', '£37.14/litre']",26.0,£37.14/litre
14196,Pommery Brut Royal Champagne 750Ml,https://www.tesco.com/groceries/en-GB/products/312086109,1687616705.892853,"['£44.00', '£44.00/75cl']",44.0,£44.00/75cl
14197,Lambs Spiced Rum 100Cl,https://www.tesco.com/groceries/en-GB/products/312361141,1687616705.984786,"['£21.00', '£21.00/litre']",21.0,£21.00/litre
14198,Errazuriz Estate Reserva Pinot Noir 75Cl,https://www.tesco.com/groceries/en-GB/products/311949335,1687616706.053438,"['£9.00', '£9.00/75cl']",9.0,£9.00/75cl
14199,Corona Tropical Variety Pack 8X330ml,https://www.tesco.com/groceries/en-GB/products/310136057,1687616706.121716,"['£16.00', '£6.06/litre']",16.0,£6.06/litre
14200,Tesco Finest Saint Emilion Grand Cru 75Cl,https://www.tesco.com/groceries/en-GB/products/295163643,1687616706.219477,"['£17.00', '£17.00/75cl']",17.0,£17.00/75cl
14201,Graham Norton's Own Rose Marlborough 75Cl,https://www.tesco.com/groceries/en-GB/products/299649846,1687616706.310721,"['£9.50', '£9.50/75cl']",9.5,£9.50/75cl
14202,Luis Felipe Edwards Malbec 75Cl,https://www.tesco.com/groceries/en-GB/products/310696067,1687616706.3817432,"['£10.00', '£10.00/75cl']",10.0,£10.00/75cl
14203,Nobilo Marlborough Sauvignon Blanc 750Ml,https://www.tesco.com/groceries/en-GB/products/310113047,1687616706.451883,"['£9.00', '£9.00/75cl']",9.0,£9.00/75cl
14204,Whyte & Mackay Scotch Whisky 35Cl,https://www.tesco.com/groceries/en-GB/products/255487355,1687616706.519114,"['£9.75', '£27.86/litre']",9.75,£27.86/litre
14205,Tesco Finest The Melodist London Dry Gin 70Cl,https://www.tesco.com/groceries/en-GB/products/305731019,1687616706.586378,"['£20.00', '£28.57/litre']",20.0,£28.57/litre
14206,Hidalgo La Gitana Sherry 500Ml,https://www.tesco.com/groceries/en-GB/products/309770058,1687616706.654766,"['£8.50', '£12.75/75cl']",8.5,£12.75/75cl
14207,Wild Turkey 101 70Cl,https://www.tesco.com/groceries/en-GB/products/301745862,1687616706.7228138,"['£32.50', '£46.43/litre']",32.5,£46.43/litre
14208,Johnnie Walker Red Label Whisky 70Cl - Spicy,https://www.tesco.com/groceries/en-GB/products/250096284,1687616706.863061,"['£22.00', '£31.43/litre']",22.0,£31.43/litre
14209,Finca Flichman Single Vineyard Malbec Wine 75Cl,https://www.tesco.com/groceries/en-GB/products/309197299,1687616706.9316502,"['£13.00', '£13.00/75cl']",13.0,£13.00/75cl
14210,Actiph Alkaline Ionised Water 6X600ml,https://www.tesco.com/groceries/en-GB/products/312702758,1687616707.0230389,"['£6.55', '£0.18/100ml']",6.55,£0.18/100ml
14211,Jack Daniels 3X5cl & Tumbler Gift Set,https://www.tesco.com/groceries/en-GB/products/304793563,1687616707.0888991,"['£12.00', '£12.00/each']",12.0,£12.00/each
14212,Twinings Sleep Valerian 20 Teabags 30G,https://www.tesco.com/groceries/en-GB/products/312093481,1687616707.1602728,"['£3.50', '£11.67/100g']",3.5,£11.67/100g
14213,Twinings Sprbnds Immune Support 20 Teabags 40G,https://www.tesco.com/groceries/en-GB/products/312087961,1687616707.226889,"['£3.50', '£8.75/100g']",3.5,£8.75/100g
14214,Acti+ Zero Sugar Strawberry & Dragon Fruit 4X250ml,https://www.tesco.com/groceries/en-GB/products/313004707,1687616707.293694,"['£5.00', '£0.50/100ml']",5.0,£0.50/100ml
14215,Tenzing Natural Energy Cans 4X250ml,https://www.tesco.com/groceries/en-GB/products/302054105,1687616707.360617,"['£5.75', '£0.58/100ml']",5.75,£0.58/100ml
14216,Jim Beam White 1 Litre,https://www.tesco.com/groceries/en-GB/products/260622528,1687616707.426569,"['£25.00', '£25.00/litre']",25.0,£25.00/litre
14217,Malfy Con Arancia Blood Orange Gin 70Cl,https://www.tesco.com/groceries/en-GB/products/301948772,1687616707.515177,"['£29.00', '£41.43/litre']",29.0,£41.43/litre
14218,El Jardin De Ana Godello 75Cl,https://www.tesco.com/groceries/en-GB/products/312091189,1687616707.608601,"['£10.00', '£10.00/75cl']",10.0,£10.00/75cl
14219,Porcupine Ridge Cabernet Sauvignon 750Ml,https://www.tesco.com/groceries/en-GB/products/311798616,1687616707.701074,"['£7.50', '£7.50/75cl']",7.5,£7.50/75cl
14220,Boschendal 1685 Shiraz 75Cl,https://www.tesco.com/groceries/en-GB/products/283787332,1687616707.859947,"['£9.00', '£9.00/75cl']",9.0,£9.00/75cl
14221,Brewdog Rattle & Rum Beer 440Ml,https://www.tesco.com/groceries/en-GB/products/312707091,1687616707.952508,"['£4.00', '£9.09/litre']",4.0,£9.09/litre
14222,Mighty M.Lkology Whole Uht Pea Protein Drink 1 Litre,https://www.tesco.com/groceries/en-GB/products/310175451,1687616708.042521,"['£1.90', '£1.90/litre']",1.9,£1.90/litre
14223,Mighty M.Lkology Semi Uht Pea Protein Drink 1 Litre,https://www.tesco.com/groceries/en-GB/products/310098749,1687616708.109636,"['£1.90', '£1.90/litre']",1.9,£1.90/litre
14224,Brewdog Silk Road Ipa 440Ml,https://www.tesco.com/groceries/en-GB/products/311434950,1687616708.177052,"['£3.50', '£7.96/litre']",3.5,£7.96/litre
14225,Tesco Finest Darjeeling Tea Bags 50'S 125G,https://www.tesco.com/groceries/en-GB/products/279335504,1687616708.290254,"['£1.70', '£1.36/100g']",1.7,£1.36/100g
14226,North Brewing Co Ultra Phase Double Ipa 440Ml,https://www.tesco.com/groceries/en-GB/products/311801487,1687616708.3632152,"['£3.75', '£8.52/litre']",3.75,£8.52/litre
14227,London Beer Factory Jungle Trip New England 440Ml,https://www.tesco.com/groceries/en-GB/products/308488481,1687616708.468309,"['£2.50', '£5.68/litre']",2.5,£5.68/litre
14228,Miami Cocktail Co. Organic Margarita Spritz 250Ml,https://www.tesco.com/groceries/en-GB/products/312352768,1687616708.574058,"['£2.25', '£6.75/75cl']",2.25,£6.75/75cl
14229,Malamado Fortified Malbec Wine 50Cl,https://www.tesco.com/groceries/en-GB/products/310178807,1687616708.683848,"['£9.00', '£13.50/75cl']",9.0,£13.50/75cl
14230,Lanson Le Vintage 75Cl,https://www.tesco.com/groceries/en-GB/products/295123069,1687616708.788383,"['£52.00', '£52.00/75cl']",52.0,£52.00/75cl
14231,Smokehead Islay Single Malt Scotch Whisky 70Cl,https://www.tesco.com/groceries/en-GB/products/311253334,1687616708.889549,"['£35.00', '£50.00/litre']",35.0,£50.00/litre
14232,Angelica Zapata Malbec 75Cl,https://www.tesco.com/groceries/en-GB/products/312365995,1687616708.9644978,"['£28.00', '£28.00/75cl']",28.0,£28.00/75cl
14233,Bushmills Irish Malt Whiskey 700Ml,https://www.tesco.com/groceries/en-GB/products/256410088,1687616709.041636,"['£35.50', '£50.71/litre']",35.5,£50.71/litre
14234,Te Pa Signature Series Pinot Noir 75Cl,https://www.tesco.com/groceries/en-GB/products/306824818,1687616709.1089401,"['£16.00', '£16.00/75cl']",16.0,£16.00/75cl
14235,Stolichnaya Vodka Salted Karamel 700Ml,https://www.tesco.com/groceries/en-GB/products/309776000,1687616709.1866,"['£20.00', '£28.57/litre']",20.0,£28.57/litre
14236,The Kraken Black Spiced Rum 1L,https://www.tesco.com/groceries/en-GB/products/306936719,1687616709.263371,"['£32.00', '£32.00/litre']",32.0,£32.00/litre
14237,Brewdog Lonewolf Cactus & Lime Gin 700Ml,https://www.tesco.com/groceries/en-GB/products/305953183,1687616709.348779,"['£26.50', '£37.86/litre']",26.5,£37.86/litre
14238,Tamnavulin Wine Cask Edition Single Malt Whisky 70Cl,https://www.tesco.com/groceries/en-GB/products/310167547,1687616709.4485571,"['£32.00', '£45.71/litre']",32.0,£45.71/litre
14239,Luis Felipe Edwards Marea Syrah 75Cl,https://www.tesco.com/groceries/en-GB/products/310673783,1687616715.171628,"['£15.00', '£15.00/75cl']",15.0,£15.00/75cl
14240,Tesco Finest Late Bottled Vintage Port 75Cl,https://www.tesco.com/groceries/en-GB/products/272360456,1687616715.24585,"['£12.00', '£12.00/75cl']",12.0,£12.00/75cl
14242,Kraken Black Spiced Rum Gift Set,https://www.tesco.com/groceries/en-GB/products/306946789,1687616715.423667,"['£12.50', '£12.50/each']",12.5,£12.50/each
14243,Absolut Vanilia Vanilla Flavoured Vodka 1 Litre,https://www.tesco.com/groceries/en-GB/products/312082396,1687616715.4926798,"['£26.50', '£26.50/litre']",26.5,£26.50/litre
14244,Tesco Finest North Row Vineyard Sauvignon 75Cl,https://www.tesco.com/groceries/en-GB/products/280198772,1687616715.582171,"['£13.00', '£13.00/75cl']",13.0,£13.00/75cl
14245,Tesco Finest Rioja Gran Reserva 75Cl,https://www.tesco.com/groceries/en-GB/products/256150055,1687616715.650347,"['£12.00', '£12.00/75cl']",12.0,£12.00/75cl
14246,Lanson Le Rose Champagne 375Ml,https://www.tesco.com/groceries/en-GB/products/312106491,1687616715.717164,"['£25.00', '£50.00/75cl']",25.0,£50.00/75cl
14247,Altano Rewilding Edition Douro Red Wine 75Cl,https://www.tesco.com/groceries/en-GB/products/312098320,1687616715.813649,"['£10.00', '£10.00/75cl']",10.0,£10.00/75cl
14248,"Nipozzano Chianti Rufina, Riserva 75Cl",https://www.tesco.com/groceries/en-GB/products/311958710,1687616715.904665,"['£15.00', '£15.00/75cl']",15.0,£15.00/75cl
14249,Tesco Finest Chilean Cabernet Sauvignon 75Cl,https://www.tesco.com/groceries/en-GB/products/287107084,1687616715.9742239,"['£8.00', '£8.00/75cl']",8.0,£8.00/75cl
14250,Tesco Finest Torrontes 75Cl,https://www.tesco.com/groceries/en-GB/products/268773440,1687616716.047571,"['£7.50', '£7.50/75cl']",7.5,£7.50/75cl
14251,De Kuyper Blue Curacao 350Ml,https://www.tesco.com/groceries/en-GB/products/302011335,1687616716.130219,"['£8.00', '£22.86/litre']",8.0,£22.86/litre
14252,Twinings Superblends Glow 40G,https://www.tesco.com/groceries/en-GB/products/299556506,1687616716.199996,"['£3.50', '£8.75/100g']",3.5,£8.75/100g
14253,Tenzing Energy Drink Raspberry & Yuzu 4X250ml,https://www.tesco.com/groceries/en-GB/products/310091486,1687616716.267937,"['£5.75', '£0.58/100ml']",5.75,£0.58/100ml
14254,Boschendal The Rose Garden Rose 750Ml,https://www.tesco.com/groceries/en-GB/products/312089509,1687616716.334751,"['£9.00', '£9.00/75cl']",9.0,£9.00/75cl
14255,Goodrays Natural Cbd Elderflower & Yuzu Drink 4 X 250Ml,https://www.tesco.com/groceries/en-GB/products/312982304,1687616716.422324,"['£7.50', '£0.75/100ml']",7.5,£0.75/100ml
14256,Tesco Finest Valle De Leyda Chardonnay 75Cl,https://www.tesco.com/groceries/en-GB/products/306827032,1687616716.4887629,"['£8.00', '£8.00/75cl']",8.0,£8.00/75cl
14257,Lapostolle Reserve Merlot Wine 75Cl,https://www.tesco.com/groceries/en-GB/products/309496705,1687616716.561395,"['£12.00', '£12.00/75cl']",12.0,£12.00/75cl
14258,Jim Beam Red Stag Black Cherry Liqueur 70Cl,https://www.tesco.com/groceries/en-GB/products/308824809,1687616716.62758,"['£18.00', '£25.71/litre']",18.0,£25.71/litre
14259,Athletic Brewing Co. Run Wild Alcohol Free Ipa 4X355ml,https://www.tesco.com/groceries/en-GB/products/312848087,1687616716.714607,"['£5.00', '£3.52/litre']",5.0,£3.52/litre
14260,Purdey's Replenishing Raspberry & Rose Natural Drink 330Ml,https://www.tesco.com/groceries/en-GB/products/308468580,1687616716.826793,"['£1.50', '£0.46/100ml']",1.5,£0.46/100ml
14261,Buxton Brewery 50 Fifty Ipa 440Ml,https://www.tesco.com/groceries/en-GB/products/311807008,1687616716.9408,"['£2.75', '£6.25/litre']",2.75,£6.25/litre
14262,Fleurs De Prairie Cotes De Provence 187Ml,https://www.tesco.com/groceries/en-GB/products/312340097,1687616717.0338671,"['£3.00', '£12.03/75cl']",3.0,£12.03/75cl
14263,Pimm's No.1 1L,https://www.tesco.com/groceries/en-GB/products/255250422,1687616717.132579,"['£22.00', '£22.00/litre']",22.0,£22.00/litre
14264,Mermaid Pink Gin 70Cl,https://www.tesco.com/groceries/en-GB/products/311782107,1687616717.227233,"['£38.00', '£54.29/litre']",38.0,£54.29/litre
14265,Villa Antinori Rosso Toscana 75Cl,https://www.tesco.com/groceries/en-GB/products/271927226,1687616717.29493,"['£18.00', '£18.00/75cl']",18.0,£18.00/75cl
14266,Dead Man's Fingers Tequila Reposado 70Cl,https://www.tesco.com/groceries/en-GB/products/310670170,1687616717.368612,"['£22.00', '£31.43/litre']",22.0,£31.43/litre
14267,Canadian Club 70Cl,https://www.tesco.com/groceries/en-GB/products/271245347,1687616717.436567,"['£21.50', '£30.71/litre']",21.5,£30.71/litre
14268,Don Papa Rum 70Cl,https://www.tesco.com/groceries/en-GB/products/312100595,1687616717.504019,"['£32.00', '£45.71/litre']",32.0,£45.71/litre
14269,The Glenlivet 15 Year Old French Oak Reserve 70Cl,https://www.tesco.com/groceries/en-GB/products/258244362,1687616717.665997,"['£49.00', '£70.00/litre']",49.0,£70.00/litre
14270,Martin Miller Gin 70Cl,https://www.tesco.com/groceries/en-GB/products/293849193,1687616717.73551,"['£28.00', '£40.00/litre']",28.0,£40.00/litre
14271,Glenfiddich 15Yo Malt 70Cl - Sweet,https://www.tesco.com/groceries/en-GB/products/250303737,1687616717.833148,"['£47.00', '£67.14/litre']",47.0,£67.14/litre
14272,Grey Goose La Collection 4X5cl,https://www.tesco.com/groceries/en-GB/products/304409778,1687616717.906504,"['£15.75', '£78.75/litre']",15.75,£78.75/litre
14273,Estancia Chardonnay 750Ml,https://www.tesco.com/groceries/en-GB/products/311255539,1687616717.973954,"['£14.00', '£14.00/75cl']",14.0,£14.00/75cl
14274,Distillers Select Flavoured Gin Tasting Select Pack 4X5cl,https://www.tesco.com/groceries/en-GB/products/310675084,1687616718.0399182,"['£12.00', '£240.00/litre']",12.0,£240.00/litre
14275,Proper Twelve 70Cl,https://www.tesco.com/groceries/en-GB/products/263442955,1687616718.1077719,"['£25.00', '£35.71/litre']",25.0,£35.71/litre
14276,Ron Santiago De Cuba Anejo 8 Year Old Rum 700Ml,https://www.tesco.com/groceries/en-GB/products/310695618,1687616718.215402,"['£24.00', '£34.29/litre']",24.0,£34.29/litre
14277,Vergelegen Sauvignon Blanc 75Cl,https://www.tesco.com/groceries/en-GB/products/258046698,1687616718.310127,"['£10.00', '£10.00/75cl']",10.0,£10.00/75cl
14278,Rivarose Sparkling Rose Wine 750Ml,https://www.tesco.com/groceries/en-GB/products/312363588,1687616718.380255,"['£12.00', '£12.00/75cl']",12.0,£12.00/75cl
14279,Tyrrell's Brookdale Semillon 750Ml,https://www.tesco.com/groceries/en-GB/products/312568761,1687616718.447542,"['£15.00', '£15.00/75cl']",15.0,£15.00/75cl
14280,Tesco Finest Sauternes 37.5Cl,https://www.tesco.com/groceries/en-GB/products/253204625,1687616718.515491,"['£13.00', '£26.00/75cl']",13.0,£26.00/75cl
14281,Little's Coffee French Vanilla 10 Capsules 55G,https://www.tesco.com/groceries/en-GB/products/313368092,1687616718.600832,"['£4.00', '£7.27/100g']",4.0,£7.27/100g
14282,Little's Coffee Creamy Caramel 10 Capsules 55G,https://www.tesco.com/groceries/en-GB/products/311800557,1687616718.6672251,"['£4.00', '£7.27/100g']",4.0,£7.27/100g
14283,Tesco Black Cafetiere 3 Cup,https://www.tesco.com/groceries/en-GB/products/296138570,1687616718.733421,"['£5.00', '£5.00/each']",5.0,£5.00/each
14284,Cleanco Clean R Non Alcohol Golden Spiced Spirit 70Cl,https://www.tesco.com/groceries/en-GB/products/310189037,1687616718.80211,"['£16.00', '£22.86/litre']",16.0,£22.86/litre
14285,Black Bottle Blended Scotch Whisky 70Cl,https://www.tesco.com/groceries/en-GB/products/287006710,1687616718.894049,"['£18.00', '£25.71/litre']",18.0,£25.71/litre
14286,Naturya Organic Hot Chocolate 250G,https://www.tesco.com/groceries/en-GB/products/309197558,1687616718.9939141,"['£4.50', '£1.80/100g']",4.5,£1.80/100g
14287,Goodrays Natural Cbd Blood Orange & Grapefruit Drink 4 X 250Ml,https://www.tesco.com/groceries/en-GB/products/312706339,1687616724.453708,"['£7.50', '£0.75/100ml']",7.5,£0.75/100ml
14288,Horlicks Vegan Malt Drink 400G,https://www.tesco.com/groceries/en-GB/products/309184003,1687616724.5295649,"['£4.00', '£1.00/100g']",4.0,£1.00/100g
14289,Northumbria Spring Still Spring Water 12X330ml,https://www.tesco.com/groceries/en-GB/products/310124253,1687616724.6028328,"['£5.25', '£0.13/100ml']",5.25,£0.13/100ml
14290,London Beer Factory Daydreamer New England Ipa4x330ml,https://www.tesco.com/groceries/en-GB/products/310130683,1687616724.671239,"['£6.00', '£4.54/litre']",6.0,£4.54/litre
14291,Jack Daniels Tennessee Whiskey 35Cl,https://www.tesco.com/groceries/en-GB/products/251141955,1687616724.7396538,"['£15.00', '£42.86/litre']",15.0,£42.86/litre
14292,Gordon's Special Dry London Gin 35Cl Bottle,https://www.tesco.com/groceries/en-GB/products/257546133,1687616724.815423,"['£10.00', '£28.57/litre']",10.0,£28.57/litre
14293,Victoria Malaga Beer 6X330ml,https://www.tesco.com/groceries/en-GB/products/312344542,1687616724.889052,"['£6.50', '£3.28/litre']",6.5,£3.28/litre
14294,Remedy Kombucha Wild Berry 250Ml,https://www.tesco.com/groceries/en-GB/products/311432900,1687616724.982483,"['£1.60', '£0.64/100ml']",1.6,£0.64/100ml
14295,Vocation Roll With It Ddh Pale Ale 4X440ml,https://www.tesco.com/groceries/en-GB/products/309449682,1687616725.101534,"['£8.00', '£4.54/litre']",8.0,£4.54/litre
14296,Beavertown Space Hulk 440Ml,https://www.tesco.com/groceries/en-GB/products/311447330,1687616725.1996758,"['£3.75', '£8.52/litre']",3.75,£8.52/litre
14297,Brew By Numbers& Co North V South Ddh Ipa 440Ml,https://www.tesco.com/groceries/en-GB/products/312223530,1687616725.290454,"['£3.50', '£7.96/litre']",3.5,£7.96/litre
14298,Cano Water Still Spring Water Resealable 500Ml,https://www.tesco.com/groceries/en-GB/products/301674346,1687616725.38396,"['£1.00', '£0.20/100ml']",1.0,£0.20/100ml
14299,Lavazza Espresso Barista Intenso Coffee Beans 1Kg,https://www.tesco.com/groceries/en-GB/products/309760243,1687616725.49681,"['£14.50', '£1.45/100g']",14.5,£1.45/100g
14300,Sipsmith Lemon Drizzle Gin 70Cl,https://www.tesco.com/groceries/en-GB/products/305739420,1687616725.571042,"['£28.50', '£40.71/litre']",28.5,£40.71/litre
14301,Lavazza Caf Espresso Beans 1Kg,https://www.tesco.com/groceries/en-GB/products/304333878,1687616725.639725,"['£14.00', '£1.40/100g']",14.0,£1.40/100g
14302,Adnams Copper House Gin 70Cl,https://www.tesco.com/groceries/en-GB/products/276606114,1687616725.706597,"['£30.00', '£42.86/litre']",30.0,£42.86/litre
14303,Caol Ila 12 Year Old Malt Whisky 70Cl,https://www.tesco.com/groceries/en-GB/products/267233655,1687616725.779566,"['£45.00', '£64.29/litre']",45.0,£64.29/litre
14304,Bowmore 12 Year Old Whisky 70Cl - Smoky,https://www.tesco.com/groceries/en-GB/products/251552394,1687616725.869917,"['£42.00', '£60.00/litre']",42.0,£60.00/litre
14305,Porta 6 Lisboa Red Wine 2.25L,https://www.tesco.com/groceries/en-GB/products/311693855,1687616725.9358861,"['£19.00', '£6.33/75cl']",19.0,£6.33/75cl
14306,Dead Man's Fingers White Rum 70Cl,https://www.tesco.com/groceries/en-GB/products/309740780,1687616726.0020192,"['£20.00', '£28.57/litre']",20.0,£28.57/litre
14307,Johnnie Walker 15 Year Old Scotch Whisky 700Ml,https://www.tesco.com/groceries/en-GB/products/311226586,1687616726.096687,"['£45.00', '£64.29/litre']",45.0,£64.29/litre
14308,Brewdog 500 Cuts Spiced Rum 70Cl,https://www.tesco.com/groceries/en-GB/products/311690962,1687616726.190499,"['£24.00', '£34.29/litre']",24.0,£34.29/litre
14309,Constitution Road Shiraz 750Ml,https://www.tesco.com/groceries/en-GB/products/311781970,1687616726.256906,"['£16.00', '£16.00/75cl']",16.0,£16.00/75cl
14310,Pasqua 11 Minutes Rose Wine 750Ml,https://www.tesco.com/groceries/en-GB/products/312366677,1687616726.324896,"['£14.00', '£14.00/75cl']",14.0,£14.00/75cl
14311,Brewdog Bad Beer Vodka Vanilla & Marshmallow 70Cl,https://www.tesco.com/groceries/en-GB/products/313173926,1687616726.3942451,"['£20.00', '£28.57/litre']",20.0,£28.57/litre
14312,Louis Latour Cote De Beaune Villages 75Cl,https://www.tesco.com/groceries/en-GB/products/309488502,1687616726.4845922,"['£20.00', '£20.00/75cl']",20.0,£20.00/75cl
14313,Tamnavulin 70Cl Sweet,https://www.tesco.com/groceries/en-GB/products/293709561,1687616726.573799,"['£33.00', '£47.14/litre']",33.0,£47.14/litre
14314,Vergelegen Cabernet Sauvignon Merlot 750Ml,https://www.tesco.com/groceries/en-GB/products/309169080,1687616726.641688,"['£10.00', '£10.00/75cl']",10.0,£10.00/75cl
14316,Allegrini Belpasso Vino Rosso 750Ml,https://www.tesco.com/groceries/en-GB/products/308481809,1687616726.810934,"['£10.00', '£10.00/75cl']",10.0,£10.00/75cl
14318,Errazuriz Max Carmenere Wine 75Cl,https://www.tesco.com/groceries/en-GB/products/309452579,1687616726.95172,"['£12.00', '£12.00/75cl']",12.0,£12.00/75cl
14319,Au Vodka Pineapple Crush 70Cl,https://www.tesco.com/groceries/en-GB/products/311782986,1687616727.018433,"['£32.00', '£45.71/litre']",32.0,£45.71/litre
14320,La Burgondie Moulin A Vent Wine 750Ml,https://www.tesco.com/groceries/en-GB/products/311263541,1687616727.088883,"['£12.00', '£12.00/75cl']",12.0,£12.00/75cl
14321,Gerard Bertrand Cite De Carcassonne Chardonnay 750Ml,https://www.tesco.com/groceries/en-GB/products/312358111,1687616727.176221,"['£12.00', '£12.00/75cl']",12.0,£12.00/75cl
14322,Twinings Superblends Calm Tea Bags 30G,https://www.tesco.com/groceries/en-GB/products/303183342,1687616727.321902,"['£3.50', '£11.67/100g']",3.5,£11.67/100g
14323,Little's Coffee Rich Hazelnut 10 Capsules 55G,https://www.tesco.com/groceries/en-GB/products/313166181,1687616727.402542,"['£4.00', '£7.27/100g']",4.0,£7.27/100g
14324,Activit Lemon Lime & Orange Sparkling Water 4 X 330Ml,https://www.tesco.com/groceries/en-GB/products/310662433,1687616727.486667,"['£4.50', '£0.34/100ml']",4.5,£0.34/100ml
14325,Activit Tropical Drink 330Ml X4,https://www.tesco.com/groceries/en-GB/products/310178488,1687616727.555295,"['£4.50', '£0.34/100ml']",4.5,£0.34/100ml
14326,Greenall's Tropical Fruit Gin 1 Litre,https://www.tesco.com/groceries/en-GB/products/311948371,1687616727.625068,"['£20.50', '£20.50/litre']",20.5,£20.50/litre
14327,Wow Hydrate Protein Tropical 4X500ml,https://www.tesco.com/groceries/en-GB/products/307136151,1687616727.7205179,"['£4.50', '£0.22/100ml']",4.5,£0.22/100ml
14328,Wowhydrate Orange Electrolyte & Vitamin Water 4X500ml,https://www.tesco.com/groceries/en-GB/products/312363761,1687616727.7936919,"['£4.00', '£0.20/100ml']",4.0,£0.20/100ml
14329,Limehouse Orange & Mango Gin 70Cl,https://www.tesco.com/groceries/en-GB/products/309207715,1687616727.883198,"['£14.99', '£21.41/litre']",14.99,£21.41/litre
14330,Kylie Minogue Cote De Provence Rose 75Cl,https://www.tesco.com/groceries/en-GB/products/311221712,1687616727.949806,"['£15.00', '£15.00/75cl']",15.0,£15.00/75cl
14331,Remedy Kombucha Raspberry Lemonade Sugar Free 250Ml,https://www.tesco.com/groceries/en-GB/products/311690616,1687616728.070227,"['£1.60', '£0.64/100ml']",1.6,£0.64/100ml
14332,Rubicon Black Cherry Raspberry Sparkling Water 4X330ml,https://www.tesco.com/groceries/en-GB/products/311204382,1687616728.197311,"['£3.00', '£0.23/100ml']",3.0,£0.23/100ml
14333,Buxton Brewery Phoenix Ipa 440Ml,https://www.tesco.com/groceries/en-GB/products/311678298,1687616728.272894,"['£3.50', '£7.96/litre']",3.5,£7.96/litre
14334,Tesco Finest Sauvignon Blanc Casablanca 75Cl,https://www.tesco.com/groceries/en-GB/products/287063785,1687616728.3758311,"['£8.00', '£8.00/75cl']",8.0,£8.00/75cl
14335,Robinsons Fruit Shoot B/Crnt&Apl Low Sugar 275Ml,https://www.tesco.com/groceries/en-GB/products/274173594,1687616734.627064,"['£0.90', '£0.33/100ml']",0.9,£0.33/100ml
14336,Star Finest Lager Beer Bottle 600Ml,https://www.tesco.com/groceries/en-GB/products/271233678,1687616734.7509398,"['£3.00', '£5.00/litre']",3.0,£5.00/litre
14337,Coco Cabana Coconut Water 320Ml,https://www.tesco.com/groceries/en-GB/products/312832189,1687616734.820846,"['£1.00', '£0.31/100ml']",1.0,£0.31/100ml
14338,Tesco Finest Vintage Port 75Cl,https://www.tesco.com/groceries/en-GB/products/250266878,1687616734.8881779,"['£21.00', '£21.00/75cl']",21.0,£21.00/75cl
14339,Dead Man's Fingers Passion Fruit Rum 70Cl,https://www.tesco.com/groceries/en-GB/products/308486051,1687616734.955437,"['£22.00', '£31.43/litre']",22.0,£31.43/litre
14340,Ardbeg 10Yo Scotch Whisky 70Cl - Smoky,https://www.tesco.com/groceries/en-GB/products/252695960,1687616735.022242,"['£47.00', '£67.14/litre']",47.0,£67.14/litre
14341,Glenmorangie X Single Malt Scotch Whisky 70Cl,https://www.tesco.com/groceries/en-GB/products/311950321,1687616735.148848,"['£30.00', '£42.86/litre']",30.0,£42.86/litre
14342,Aberlour Casg Annamh Single Malt Whisky 70Cl,https://www.tesco.com/groceries/en-GB/products/308842199,1687616735.216258,"['£47.50', '£67.86/litre']",47.5,£67.86/litre
14343,1800 Silver Tequila 70Cl,https://www.tesco.com/groceries/en-GB/products/305828643,1687616735.2874959,"['£30.00', '£42.86/litre']",30.0,£42.86/litre
14344,Toki Whisky Suntory 70Cl,https://www.tesco.com/groceries/en-GB/products/301969827,1687616735.356915,"['£35.00', '£50.00/litre']",35.0,£50.00/litre
14345,Cleanco Clean G Crisp Dry Non Acl Spirit 70Cl,https://www.tesco.com/groceries/en-GB/products/310142726,1687616735.459795,"['£16.00', '£22.86/litre']",16.0,£22.86/litre
14346,Engine Organic Gin 700Ml,https://www.tesco.com/groceries/en-GB/products/312107294,1687616735.528359,"['£32.00', '£45.71/litre']",32.0,£45.71/litre
14347,Stellenrust Barrel Fermented Chenin 750Ml,https://www.tesco.com/groceries/en-GB/products/311230632,1687616735.619755,"['£14.00', '£14.00/75cl']",14.0,£14.00/75cl
14348,Aviation Gin 70Cl,https://www.tesco.com/groceries/en-GB/products/296829195,1687616735.75158,"['£28.00', '£40.00/litre']",28.0,£40.00/litre
14349,Brewdog Bad Beer Vodka Original 70Cl,https://www.tesco.com/groceries/en-GB/products/313004097,1687616735.842719,"['£20.00', '£28.57/litre']",20.0,£28.57/litre
14350,Bacardi Caribbean Spiced Rum 700Ml,https://www.tesco.com/groceries/en-GB/products/313617702,1687616735.932052,"['£24.00', '£34.29/litre']",24.0,£34.29/litre
14351,Olmeca Altos Reposado Tequila 70Cl,https://www.tesco.com/groceries/en-GB/products/295771476,1687616736.020603,"['£26.00', '£37.14/litre']",26.0,£37.14/litre
14352,Jagermeister Cold Brew Coffee Liqueur 50Cl,https://www.tesco.com/groceries/en-GB/products/305042938,1687616736.096673,"['£18.00', '£36.00/litre']",18.0,£36.00/litre
14353,Malibu Pina Colada Kit,https://www.tesco.com/groceries/en-GB/products/293787432,1687616736.222987,"['£9.00', '£9.00/each']",9.0,£9.00/each
14354,Twinings Superblends Detox 40G,https://www.tesco.com/groceries/en-GB/products/299556662,1687616736.292927,"['£3.50', '£8.75/100g']",3.5,£8.75/100g
14355,Vocation Crush Hour Hazy Pale 4X330ml,https://www.tesco.com/groceries/en-GB/products/312988436,1687616736.359255,"['£6.50', '£4.92/litre']",6.5,£4.92/litre
14356,Activit Drink Blackcurrant Apple & Raspberry 4X330ml,https://www.tesco.com/groceries/en-GB/products/309758402,1687616736.431586,"['£4.50', '£0.34/100ml']",4.5,£0.34/100ml
14357,Teapigs Organic Snooze Sleepy Tea 15S 45G,https://www.tesco.com/groceries/en-GB/products/309167018,1687616736.5031989,"['£4.00', '£8.89/100g']",4.0,£8.89/100g
14358,Purdeys Raspberry & Rose Energy Drink 4X250ml,https://www.tesco.com/groceries/en-GB/products/308463032,1687616736.5693161,"['£4.00', '£0.40/100ml']",4.0,£0.40/100ml
14359,Maison No.9 Rose Wine 75Cl,https://www.tesco.com/groceries/en-GB/products/309206198,1687616736.6389718,"['£16.00', '£16.00/75cl']",16.0,£16.00/75cl
14360,Auchentoshan Single Malt Scotch Whisky Three Wood 700Ml,https://www.tesco.com/groceries/en-GB/products/311665993,1687616736.7080588,"['£45.00', '£64.29/litre']",45.0,£64.29/litre
14361,Fentimans Lemon & Pink Ginger Drink 4X250ml,https://www.tesco.com/groceries/en-GB/products/312365367,1687616736.777152,"['£4.00', '£0.40/100ml']",4.0,£0.40/100ml
14362,Fentimans Cherry & Blood Orange Drink 4X250ml,https://www.tesco.com/groceries/en-GB/products/312563858,1687616736.8705971,"['£4.00', '£0.40/100ml']",4.0,£0.40/100ml
14363,Athletic Brewing Co. Upside Dawn Alcohol Free 4X355ml,https://www.tesco.com/groceries/en-GB/products/312574505,1687616736.960813,"['£5.00', '£3.52/litre']",5.0,£3.52/litre
14364,Beavertown Dipa 440Ml,https://www.tesco.com/groceries/en-GB/products/311202067,1687616737.0285819,"['£4.50', '£10.23/litre']",4.5,£10.23/litre
14365,North Brewing Co Future Skies Citrus Ipa 440Ml,https://www.tesco.com/groceries/en-GB/products/311784926,1687616737.120398,"['£3.00', '£6.82/litre']",3.0,£6.82/litre
14366,Magic Rock Stiggy Pop Ne Ipa 440Ml,https://www.tesco.com/groceries/en-GB/products/311784788,1687616737.2148821,"['£3.50', '£7.96/litre']",3.5,£7.96/litre
14367,Batch & Bottle Hendrick's Gin Martini Ready To Drink Cocktail 50Cl,https://www.tesco.com/groceries/en-GB/products/311439530,1687616737.369823,"['£22.00', '£44.00/litre']",22.0,£44.00/litre
14368,Tesco Finest Cognac Xo 50Cl,https://www.tesco.com/groceries/en-GB/products/295693637,1687616737.456377,"['£37.00', '£74.00/litre']",37.0,£74.00/litre
14369,Fox & Ivy Silver Double Walled Cafetiere 8 Cup,https://www.tesco.com/groceries/en-GB/products/302114939,1687616737.531714,"['£20.00', '£20.00/each']",20.0,£20.00/each
14370,Warners Rhubarb Gin 70Cl,https://www.tesco.com/groceries/en-GB/products/306956339,1687616737.607544,"['£36.00', '£51.43/litre']",36.0,£51.43/litre
14371,Lagavulin 8Yo Single Malt Scotch Whisky 70Cl,https://www.tesco.com/groceries/en-GB/products/310118710,1687616737.689551,"['£45.00', '£64.29/litre']",45.0,£64.29/litre
14372,Tomatin Legacy Malt Scotch Whisky 70Cl,https://www.tesco.com/groceries/en-GB/products/285981381,1687616737.7721028,"['£28.00', '£40.00/litre']",28.0,£40.00/litre
14373,Coole Swan Cream Liqueur 700Ml,https://www.tesco.com/groceries/en-GB/products/259557877,1687616737.884646,"['£26.00', '£37.14/litre']",26.0,£37.14/litre
14374,St Stephan's Crown Tokaj 50 Cl,https://www.tesco.com/groceries/en-GB/products/281761377,1687616737.956116,"['£19.00', '£28.50/75cl']",19.0,£28.50/75cl
14375,Tesco Black Cafetiere 8 Cup,https://www.tesco.com/groceries/en-GB/products/296138586,1687616738.029494,"['£10.00', '£10.00/each']",10.0,£10.00/each
14376,Ardbeg Wee Beastie 5Yo Single Malt Whisky 70Cl,https://www.tesco.com/groceries/en-GB/products/309744430,1687616738.13467,"['£39.00', '£55.71/litre']",39.0,£55.71/litre
14377,Red Leg Vanilla Ginger & Pineapple Spiced Rum 70Cl,https://www.tesco.com/groceries/en-GB/products/302318140,1687616738.256438,"['£21.00', '£30.00/litre']",21.0,£30.00/litre
14378,Ballantines Finest Blended Scotch Whisky 70Cl,https://www.tesco.com/groceries/en-GB/products/271136868,1687616738.382627,"['£22.00', '£31.43/litre']",22.0,£31.43/litre
14379,Cotswolds Single Malt Whisky 700Ml,https://www.tesco.com/groceries/en-GB/products/307340398,1687616738.452754,"['£39.00', '£55.71/litre']",39.0,£55.71/litre
14380,Slane Whiskey 700Ml,https://www.tesco.com/groceries/en-GB/products/299774697,1687616738.540683,"['£30.00', '£42.86/litre']",30.0,£42.86/litre
14381,Sazerac Rye Whiskey 70Cl,https://www.tesco.com/groceries/en-GB/products/312093037,1687616738.633046,"['£33.00', '£47.14/litre']",33.0,£47.14/litre
14382,Tesco Finest The Melodist Mango & Passion Fruit Gin 70Cl,https://www.tesco.com/groceries/en-GB/products/311672258,1687616738.706188,"['£20.00', '£28.57/litre']",20.0,£28.57/litre
14383,Duppy Share White Rum 70Cl,https://www.tesco.com/groceries/en-GB/products/309741069,1687616744.116148,"['£19.75', '£28.21/litre']",19.75,£28.21/litre
14384,Captain Morgan Sliced Apple Rum Drink 700Ml,https://www.tesco.com/groceries/en-GB/products/310161968,1687616744.196383,"['£17.50', '£25.00/litre']",17.5,£25.00/litre
14385,Haig Club Clubman Whisky 1L,https://www.tesco.com/groceries/en-GB/products/300952939,1687616744.2947662,"['£32.00', '£32.00/litre']",32.0,£32.00/litre
14386,Bell's Original Whisky 35Cl,https://www.tesco.com/groceries/en-GB/products/259776289,1687616744.370242,"['£10.00', '£28.57/litre']",10.0,£28.57/litre
14387,Tenzing Energy Drink Pineapple & Passion Fruit 4X330ml,https://www.tesco.com/groceries/en-GB/products/310152098,1687616744.437302,"['£6.70', '£0.51/100ml']",6.7,£0.51/100ml
14388,Virtue Clean Energy Berries Drink 4X250ml,https://www.tesco.com/groceries/en-GB/products/312833418,1687616744.5275,"['£5.00', '£0.50/100ml']",5.0,£0.50/100ml
14389,Ciroc Vodka 20Cl & 2 Glasses Gift Pack,https://www.tesco.com/groceries/en-GB/products/302134541,1687616744.5984151,"['£15.75', '£15.75/each']",15.75,£15.75/each
14390,Angelo Poretti Premium Italian Lager 12 X 330Ml,https://www.tesco.com/groceries/en-GB/products/311228857,1687616744.665039,"['£15.00', '£3.79/litre']",15.0,£3.79/litre
14391,Batch & Bottle Monkey Shoulder Ready To Drink Cocktail 50Cl,https://www.tesco.com/groceries/en-GB/products/311426127,1687616744.756612,"['£22.00', '£44.00/litre']",22.0,£44.00/litre
14392,Glenmorangie Lasanta 70Cl - Spicy,https://www.tesco.com/groceries/en-GB/products/296890477,1687616744.825386,"['£45.00', '£64.29/litre']",45.0,£64.29/litre
14393,Fentimans Fruity Apple & Elderflower Drink 4X250ml,https://www.tesco.com/groceries/en-GB/products/312566855,1687616744.916019,"['£4.00', '£0.40/100ml']",4.0,£0.40/100ml
14394,Jj Whitley Blood Orange Vodka 1L,https://www.tesco.com/groceries/en-GB/products/308499433,1687616745.008852,"['£21.00', '£21.00/litre']",21.0,£21.00/litre
14395,Quaterpast Mocha Iced Coffee Concentrate 360Ml,https://www.tesco.com/groceries/en-GB/products/312369288,1687616745.10229,"['£4.00', '£1.11/100ml']",4.0,£1.11/100ml
14396,Salt X Scs The Final Straw Pale Ale 4X440ml,https://www.tesco.com/groceries/en-GB/products/311426580,1687616745.171295,"['£8.00', '£4.54/litre']",8.0,£4.54/litre
14397,Pimm's No.1 70Cl Bottle,https://www.tesco.com/groceries/en-GB/products/255250399,1687616745.240389,"['£16.50', '£23.57/litre']",16.5,£23.57/litre
14398,Aerstone Sea Cask 10 Year Old Single Malt Whisky70cl,https://www.tesco.com/groceries/en-GB/products/301869306,1687616745.317424,"['£30.00', '£42.86/litre']",30.0,£42.86/litre
14399,Kah Tequila Blanco 70Cl,https://www.tesco.com/groceries/en-GB/products/312349554,1687616745.384245,"['£35.00', '£50.00/litre']",35.0,£50.00/litre
14400,Glen Scotia Single Malt Scotch Whisky 70Cl,https://www.tesco.com/groceries/en-GB/products/305968148,1687616745.474564,"['£35.00', '£50.00/litre']",35.0,£50.00/litre
14401,Fox & Ivy Silver Double Walled Cafetiere 3 Cup,https://www.tesco.com/groceries/en-GB/products/302114922,1687616745.542916,"['£15.00', '£15.00/each']",15.0,£15.00/each
14402,Duppy Share Spiced Rum 70Cl,https://www.tesco.com/groceries/en-GB/products/309743206,1687616745.609973,"['£24.00', '£34.29/litre']",24.0,£34.29/litre
14403,Johnnie Walker Gold Label Rsr Wky 70Cl - Sweet,https://www.tesco.com/groceries/en-GB/products/283725308,1687616745.676415,"['£48.00', '£68.57/litre']",48.0,£68.57/litre
14404,Brewdog Bad Beer Vodka Tropical Guava 70Cl,https://www.tesco.com/groceries/en-GB/products/313170653,1687616745.770336,"['£20.00', '£28.57/litre']",20.0,£28.57/litre
14405,Howler Head Monkey Spirit Banana Liqueur 70Cl,https://www.tesco.com/groceries/en-GB/products/312099889,1687616745.8583858,"['£30.00', '£42.86/litre']",30.0,£42.86/litre
14406,Fox & Ivy Silver Cafetiere 8 Cup,https://www.tesco.com/groceries/en-GB/products/302137526,1687616745.9256792,"['£15.00', '£15.00/each']",15.0,£15.00/each
14407,Eagle Rare 10 Year Old Bourbon Whiskey 70Cl,https://www.tesco.com/groceries/en-GB/products/279628965,1687616745.996373,"['£36.00', '£51.43/litre']",36.0,£51.43/litre
14408,Bruichladdich Classic Laddie Scottish Islay Whisky 70Cl,https://www.tesco.com/groceries/en-GB/products/308475536,1687616746.065706,"['£43.00', '£61.43/litre']",43.0,£61.43/litre
14409,Tamnavulin Single Malt Sherry Cask 1L,https://www.tesco.com/groceries/en-GB/products/303300752,1687616746.171753,"['£45.00', '£45.00/litre']",45.0,£45.00/litre
14410,Edinburgh Gin Raspberry Liqueur 50Cl,https://www.tesco.com/groceries/en-GB/products/276602706,1687616746.276358,"['£15.00', '£30.00/litre']",15.0,£30.00/litre
14411,Chivas Regal Extra 13 Year Old Tequila Whisky 70Cl,https://www.tesco.com/groceries/en-GB/products/312082505,1687616746.3527591,"['£35.00', '£50.00/litre']",35.0,£50.00/litre
14412,Go Cook Wing Corkscrew,https://www.tesco.com/groceries/en-GB/products/295751229,1687616746.45028,"['£8.50', '£8.50/each']",8.5,£8.50/each
14413,Luigi Bosca De Sangre Cabernet Sauvignon 75Cl,https://www.tesco.com/groceries/en-GB/products/313172927,1687616746.5929012,"['£20.00', '£20.00/75cl']",20.0,£20.00/75cl
14414,Wray & Nephew Overproof Rum 70Cl Bottle,https://www.tesco.com/groceries/en-GB/products/258642334,1687616746.661539,"['£26.50', '£37.86/litre']",26.5,£37.86/litre
14415,Fox & Ivy Silver Cafetiere 3 Cup,https://www.tesco.com/groceries/en-GB/products/302137519,1687616746.7367082,"['£10.00', '£10.00/each']",10.0,£10.00/each
14416,Warner's London Dry Gin 70Cl,https://www.tesco.com/groceries/en-GB/products/311955007,1687616746.809709,"['£30.00', '£42.86/litre']",30.0,£42.86/litre
14417,Tanqueray Gin 50Ml & Tonic Water 200Ml Gift Set,https://www.tesco.com/groceries/en-GB/products/312234413,1687616746.88851,"['£15.00', '£15.00/each']",15.0,£15.00/each
14418,Brewdog Planet Pale Ale 12 X 330Ml,https://www.tesco.com/groceries/en-GB/products/313740774,1687616746.96177,"['£15.00', '£3.79/litre']",15.0,£3.79/litre
14419,Bella Apertini Classic Aperitivo 70Cl,https://www.tesco.com/groceries/en-GB/products/312362606,1687616747.065353,"['£7.00', '£10.00/litre']",7.0,£10.00/litre
14420,Virtue Clean Energy Tropical Drink 4X250ml,https://www.tesco.com/groceries/en-GB/products/312995266,1687616747.136749,"['£5.00', '£0.50/100ml']",5.0,£0.50/100ml
14421,Roastworks The Truth Coffee Beans 200G,https://www.tesco.com/groceries/en-GB/products/311278777,1687616747.2129338,"['£4.95', '£2.48/100g']",4.95,£2.48/100g
14422,Roastworks The Bold Coffee Beans 200G,https://www.tesco.com/groceries/en-GB/products/311206593,1687616747.307316,"['£4.95', '£2.48/100g']",4.95,£2.48/100g
14423,Roastworks The Truth Ground Coffee 200G,https://www.tesco.com/groceries/en-GB/products/311429907,1687616747.41595,"['£4.95', '£2.48/100g']",4.95,£2.48/100g
14424,Roastworks The Bold Ground Coffee 200G,https://www.tesco.com/groceries/en-GB/products/311205784,1687616747.575989,"['£4.95', '£2.48/100g']",4.95,£2.48/100g
14425,Quaterpast Original Iced Coffee Concentrate 360Ml,https://www.tesco.com/groceries/en-GB/products/312339416,1687616747.6484811,"['£4.00', '£1.11/100ml']",4.0,£1.11/100ml
14426,Jj Whitley Passion Fruit Vodka 1 Litre,https://www.tesco.com/groceries/en-GB/products/311674377,1687616747.730067,"['£21.00', '£21.00/litre']",21.0,£21.00/litre
14427,Batch & Bottle Reyka Rhubarb Cosmo Ready To Drink Cocktail 50Cl,https://www.tesco.com/groceries/en-GB/products/312111455,1687616747.8206248,"['£22.00', '£44.00/litre']",22.0,£44.00/litre
14429,Craggy Range Te Muna Pinot Noir 75Cl,https://www.tesco.com/groceries/en-GB/products/312343612,1687616747.958782,"['£28.00', '£28.00/75cl']",28.0,£28.00/75cl
14430,Luigi Bosca De Sangre Valle De Uco Malbec 75Cl,https://www.tesco.com/groceries/en-GB/products/313180635,1687616748.0280662,"['£20.00', '£20.00/75cl']",20.0,£20.00/75cl
14431,Brancott Estate Reserve Sauvignon Blanc 75Cl,https://www.tesco.com/groceries/en-GB/products/313745861,1687616753.676518,"['£11.00', '£11.00/75cl']",11.0,£11.00/75cl
14433,Gulder Extra Mature Beer 600Ml,https://www.tesco.com/groceries/en-GB/products/271330494,1687616753.866535,"['£2.40', '£4.00/litre']",2.4,£4.00/litre
14434,Don Simon Mixed Berries & Banana Smoothie 330Ml,https://www.tesco.com/groceries/en-GB/products/311692712,1687616753.935251,"['£1.50', '£0.46/100ml']",1.5,£0.46/100ml
14435,Northern Monk Faith Hazy Pale Ale 440Ml,https://www.tesco.com/groceries/en-GB/products/308489157,1687616754.049191,"['£3.00', '£6.82/litre']",3.0,£6.82/litre
14436,Naked Pineapple & Passion Fruit Smoothie 300Ml,https://www.tesco.com/groceries/en-GB/products/313505656,1687616754.1432471,"['£2.10', '£0.70/100ml']",2.1,£0.70/100ml
14437,Northern Monk Faith Hazy Pale Ale 4 X 330Ml,https://www.tesco.com/groceries/en-GB/products/305964020,1687616754.2585962,"['£6.50', '£4.92/litre']",6.5,£4.92/litre
14438,Acti+ Zero Sugar Blood Orange Drink 4X250ml,https://www.tesco.com/groceries/en-GB/products/312997742,1687616754.347339,"['£5.00', '£0.50/100ml']",5.0,£0.50/100ml
14439,Old Speckled Hen Pale Ale 500Ml,https://www.tesco.com/groceries/en-GB/products/313848048,1687616754.41347,"['£2.00', '£4.00/litre']",2.0,£4.00/litre
14440,Greene King Level Head Ipa 4X330ml,https://www.tesco.com/groceries/en-GB/products/313625617,1687616754.506762,"['£6.00', '£4.54/litre']",6.0,£4.54/litre
14441,Hobgoblin Ipa Beer 500Ml,https://www.tesco.com/groceries/en-GB/products/313849773,1687616754.59966,"['£2.25', '£4.50/litre']",2.25,£4.50/litre
14442,Spitfire Amber Ale 500Ml,https://www.tesco.com/groceries/en-GB/products/313962649,1687616754.70433,"['£1.45', '£2.90/litre']",1.45,£2.90/litre
14443,Hobgoblin Ruby Beer 500Ml,https://www.tesco.com/groceries/en-GB/products/314103456,1687616754.776555,"['£1.55', '£3.10/litre']",1.55,£3.10/litre
14444,Bishops Finger Kentish Strong Ale 500Ml,https://www.tesco.com/groceries/en-GB/products/313956542,1687616754.844269,"['£1.45', '£2.90/litre']",1.45,£2.90/litre
14445,Jura Pale Ale Cask Malt Whisky 70Cl,https://www.tesco.com/groceries/en-GB/products/313833647,1687616754.913999,"['£36.00', '£51.43/litre']",36.0,£51.43/litre
14446,Jura Bourbon Cask Single Malt Scotch Whisky 70Cl,https://www.tesco.com/groceries/en-GB/products/313843407,1687616754.985045,"['£35.00', '£50.00/litre']",35.0,£50.00/litre
14447,Cafe Direct Organic Machu Picchu Coffee Bean 750G,https://www.tesco.com/groceries/en-GB/products/314601051,1687616755.0524008,"['£13.00', '£1.73/100g']",13.0,£1.73/100g
14448,Baileys Deliciously Light Cream Liqueur 700Ml,https://www.tesco.com/groceries/en-GB/products/314098023,1687616755.1569731,"['£16.50', '£23.57/litre']",16.5,£23.57/litre
14449,Monster Energy 9 X 500Ml,https://www.tesco.com/groceries/en-GB/products/313961443,1687616755.22331,"['£11.00', '£0.24/100ml']",11.0,£0.24/100ml
14450,Twinings Everyday 80 Teabags 232G,https://www.tesco.com/groceries/en-GB/products/313363016,1687616755.29089,"['£5.30', '£2.28/100g']",5.3,£2.28/100g
14451,Tesco Finest Morning Ritual Coffee Beans 227G,https://www.tesco.com/groceries/en-GB/products/312574148,1687616755.358047,"['£3.90', '£1.72/100g']",3.9,£1.72/100g
14452,Fentimans Curiosity Cola 4 X 275Ml,https://www.tesco.com/groceries/en-GB/products/313506079,1687616755.424066,"['£5.00', '£0.46/100ml']",5.0,£0.46/100ml
14453,Twinings 80 English Breakfast T Bags 200G,https://www.tesco.com/groceries/en-GB/products/313609608,1687616755.4958458,"['£5.75', '£2.88/100g']",5.75,£2.88/100g
14454,Starbucks Signature 42% Cocoa Hot Chocolate 330G,https://www.tesco.com/groceries/en-GB/products/313608552,1687616755.600087,"['£4.25', '£1.29/100g']",4.25,£1.29/100g
14455,Fentimans Rose Lemonade 750Ml,https://www.tesco.com/groceries/en-GB/products/313729777,1687616755.6728761,"['£3.50', '£0.47/100ml']",3.5,£0.47/100ml
14456,Lucozade Energy Orange 8 Pack 380Ml,https://www.tesco.com/groceries/en-GB/products/297297540,1687616755.750467,"['£4.50', '£4.50/each']",4.5,£4.50/each
14457,Lucozade Energy Original 8 Pack 380Ml,https://www.tesco.com/groceries/en-GB/products/297297527,1687616755.824545,"['£4.50', '£4.50/each']",4.5,£4.50/each
14458,Fentimans Ginger Beer 750Ml,https://www.tesco.com/groceries/en-GB/products/313615255,1687616755.8999949,"['£3.50', '£0.47/100ml']",3.5,£0.47/100ml
14459,Leffe Blonde Beer 4 X 330Ml,https://www.tesco.com/groceries/en-GB/products/313364378,1687616755.9749608,"['£5.50', '£4.17/litre']",5.5,£4.17/litre
14460,Fentimans Curiosity Cola 750Ml,https://www.tesco.com/groceries/en-GB/products/313738242,1687616756.114065,"['£3.50', '£0.47/100ml']",3.5,£0.47/100ml
14461,Fentimans Dandelion & Burdock 750Ml,https://www.tesco.com/groceries/en-GB/products/313853099,1687616756.203404,"['£3.50', '£0.47/100ml']",3.5,£0.47/100ml
14462,taylors eng breakfast 50s 125g,https://www.tesco.com/groceries/en-GB/products/276615870,1687616756.278487,"['£2.79', '£2.23/100g']",2.79,£2.23/100g
14463,J2o Spritz Apple & Elderflower Sparkling Juice 4X275ml,https://www.tesco.com/groceries/en-GB/products/313599699,1687616756.352905,"['£4.50', '£0.41/100ml']",4.5,£0.41/100ml
14464,J2o Spritz Apple & Watermelon Sparkling Drink 4X275ml,https://www.tesco.com/groceries/en-GB/products/313010383,1687616756.4597728,"['£4.50', '£0.41/100ml']",4.5,£0.41/100ml
14465,Monster Juiced Aussie Style Lemonade 4X500ml,https://www.tesco.com/groceries/en-GB/products/313735527,1687616756.560747,"['£5.80', '£0.29/100ml']",5.8,£0.29/100ml
14466,Old Speckled Hen Pale Ale 4 X 500Ml,https://www.tesco.com/groceries/en-GB/products/313845437,1687616756.634965,"['£4.99', '£2.50/litre']",4.99,£2.50/litre
14467,Monster Aussie Lemonade Energy & Juice 500Ml,https://www.tesco.com/groceries/en-GB/products/313526395,1687616756.705896,"['£1.80', '£0.36/100ml']",1.8,£0.36/100ml
14468,Tango Paradise Punch Sugar Free 500Ml,https://www.tesco.com/groceries/en-GB/products/313505777,1687616756.870213,"['£1.45', '£0.29/100ml']",1.45,£0.29/100ml
14469,Pepsi 500Ml,https://www.tesco.com/groceries/en-GB/products/313966582,1687616757.0746188,"['£1.50', '£0.30/100ml']",1.5,£0.30/100ml
14470,Typhoo 100 One Cup Teabags 200G,https://www.tesco.com/groceries/en-GB/products/285364328,1687616757.201677,"['£1.00', '£0.50/100g']",1.0,£0.50/100g
14471,Typhoo Qt One Cup Tea With Whitener 125G,https://www.tesco.com/groceries/en-GB/products/313618577,1687616757.271626,"['£1.00', '£0.80/100g']",1.0,£0.80/100g
14472,Tesco Finest Gold 80 Tea Bags 250G,https://www.tesco.com/groceries/en-GB/products/313165942,1687616757.345361,"['£1.80', '£0.72/100g']",1.8,£0.72/100g
14473,Tanqueray London Dry Gin 1 Litre,https://www.tesco.com/groceries/en-GB/products/314590957,1687616757.4135349,"['£27.50', '£27.50/litre']",27.5,£27.50/litre
14474,Tesco Finest Machu Picchu Ground Coffee 227G,https://www.tesco.com/groceries/en-GB/products/312705830,1687616757.481547,"['£3.90', '£1.72/100g']",3.9,£1.72/100g
14475,Tesco Finest Morning Ritual Ground Coffee 227G,https://www.tesco.com/groceries/en-GB/products/312719710,1687616757.559076,"['£3.90', '£1.72/100g']",3.9,£1.72/100g
14476,Tesco Finest Sunset Hour Ground Coffee 227G,https://www.tesco.com/groceries/en-GB/products/312709578,1687616757.6288729,"['£3.90', '£1.72/100g']",3.9,£1.72/100g
14477,Lofbergs Fika Dark Roast Ground Coffee 450G,https://www.tesco.com/groceries/en-GB/products/313387005,1687616757.698845,"['£5.50', '£1.22/100g']",5.5,£1.22/100g
14478,Damm Lemon Lemon Flavoured Beer 4 X 330Ml,https://www.tesco.com/groceries/en-GB/products/314118387,1687616757.771447,"['£5.00', '£3.79/litre']",5.0,£3.79/litre
14479,Erdinger Weissbier Wheat Beer 4X330ml,https://www.tesco.com/groceries/en-GB/products/313838262,1687616763.6204002,"['£5.50', '£4.17/litre']",5.5,£4.17/litre
14480,Houghton Heritage Red Wine 750Ml,https://www.tesco.com/groceries/en-GB/products/313854870,1687616763.755894,"['£10.00', '£10.00/75cl']",10.0,£10.00/75cl
14481,Fosters Lager 4 X 440Ml,https://www.tesco.com/groceries/en-GB/products/313625669,1687616763.9115431,"['£4.55', '£2.58/litre']",4.55,£2.58/litre
14482,Fanta Lemon 8 X 330Ml,https://www.tesco.com/groceries/en-GB/products/314115079,1687616763.9903748,"['£3.49', '£0.13/100ml']",3.49,£0.13/100ml
14483,Tesco Finest Intenso Microground Coffee 100G,https://www.tesco.com/groceries/en-GB/products/313504300,1687616764.066485,"['£3.15', '£3.15/100g']",3.15,£3.15/100g
14484,Tesco Finest Americano Microground Coffee 100G,https://www.tesco.com/groceries/en-GB/products/313752149,1687616764.1410701,"['£3.15', '£3.15/100g']",3.15,£3.15/100g
14485,Leffe Blonde Beer 750Ml,https://www.tesco.com/groceries/en-GB/products/313618160,1687616764.208527,"['£3.49', '£4.65/litre']",3.49,£4.65/litre
14486,Get More Vits Multivitamin Squash Summer Fruits 1 litre,https://www.tesco.com/groceries/en-GB/products/313967713,1687616764.278223,"['£2.50', '£0.25/100ml']",2.5,£0.25/100ml
14487,Greene King Flint Eye Dry Hopped 4X330ml,https://www.tesco.com/groceries/en-GB/products/313518284,1687616764.346828,"['£6.00', '£4.54/litre']",6.0,£4.54/litre
14488,Tropicana Original Orange Fruit Juice With Bits 1.5L,https://www.tesco.com/groceries/en-GB/products/313757081,1687616764.436804,"['£4.50', '£0.30/100ml']",4.5,£0.30/100ml
14489,Tango Orange Original 18 X 330Ml,https://www.tesco.com/groceries/en-GB/products/314109867,1687616764.5283232,"['£7.00', '£0.12/100ml']",7.0,£0.12/100ml
14490,Orangina Sparkling Orange Drink 6 X 330Ml,https://www.tesco.com/groceries/en-GB/products/313738328,1687616764.6262348,"['£3.50', '£0.18/100ml']",3.5,£0.18/100ml
14491,Monster Energy Lh44 Zero Sugar Drink 500Ml,https://www.tesco.com/groceries/en-GB/products/312210447,1687616764.694576,"['£1.70', '£0.34/100ml']",1.7,£0.34/100ml
14492,Brewdog Lost Lager 440Ml,https://www.tesco.com/groceries/en-GB/products/313836270,1687616764.8051682,"['£1.75', '£3.98/litre']",1.75,£3.98/litre
14493,Rubicon Raw Energy Pineapple & Passion Fruit 500Ml,https://www.tesco.com/groceries/en-GB/products/313621869,1687616764.896801,"['£1.40', '£0.28/100ml']",1.4,£0.28/100ml
14494,Wakefield Shiraz Cabernet 750Ml,https://www.tesco.com/groceries/en-GB/products/314596879,1687616765.017793,"['£9.00', '£9.00/75cl']",9.0,£9.00/75cl
14495,Rockstar Refresh Strawberry & Lime 500Ml,https://www.tesco.com/groceries/en-GB/products/313964618,1687616765.083534,"['£1.20', '£0.24/100ml']",1.2,£0.24/100ml
14496,Lucozade Sport Zero Sugar Orange & Peach 500Ml,https://www.tesco.com/groceries/en-GB/products/313955791,1687616765.198791,"['£1.69', '£0.34/100ml']",1.69,£0.34/100ml
14497,Rubicon Raw Energy Apple & Guava 500Ml,https://www.tesco.com/groceries/en-GB/products/313168075,1687616765.311338,"['£1.40', '£0.28/100ml']",1.4,£0.28/100ml
14498,Tango Paradise Punch Sugar Free 2 Litre,https://www.tesco.com/groceries/en-GB/products/313968741,1687616765.420577,"['£1.50', '£0.08/100ml']",1.5,£0.08/100ml
14499,Stella Artois 18 X 284Ml,https://www.tesco.com/groceries/en-GB/products/312357521,1687616765.492665,"['£11.99', '£2.34/litre']",11.99,£2.34/litre
14500,Swizzels Love Hearts Orange & Lemon No Added Sugar 1L,https://www.tesco.com/groceries/en-GB/products/313370693,1687616765.564951,"['£1.00', '£0.10/100ml']",1.0,£0.10/100ml
14501,What The Fanta Zero Sugar 2 Litre,https://www.tesco.com/groceries/en-GB/products/313957161,1687616765.634059,"['£2.00', '£0.10/100ml']",2.0,£0.10/100ml
14502,Fanta Watermelon Zero Sugar 2 Litre,https://www.tesco.com/groceries/en-GB/products/313960703,1687616765.722251,"['£2.00', '£0.10/100ml']",2.0,£0.10/100ml
14503,Fanta Pineapple & Grapefruit Zero Sugar 2 Litre,https://www.tesco.com/groceries/en-GB/products/313162202,1687616765.812903,"['£2.00', '£0.10/100ml']",2.0,£0.10/100ml
14504,Bud Light Beer 4 X 568Ml,https://www.tesco.com/groceries/en-GB/products/313001601,1687616765.907858,"['£5.50', '£2.42/litre']",5.5,£2.42/litre
14505,Ciroc Vodka 70Cl,https://www.tesco.com/groceries/en-GB/products/271274548,1687616766.0046442,"['£40.00', '£57.14/litre']",40.0,£57.14/litre
14506,Peroni Nastro Azzurro Stile Capri Lager 10 X 330Ml,https://www.tesco.com/groceries/en-GB/products/314110507,1687616766.07071,"['£14.00', '£4.24/litre']",14.0,£4.24/litre
14507,Kenco Gold Indulgence Instant Coffee 195G,https://www.tesco.com/groceries/en-GB/products/314322968,1687616766.1412039,"['£7.00', '£3.59/100g']",7.0,£3.59/100g
14508,Fosters Lager 10 X 440Ml,https://www.tesco.com/groceries/en-GB/products/313843883,1687616766.207607,"['£9.50', '£2.16/litre']",9.5,£2.16/litre
14509,Fosters Lager 18 X 440Ml,https://www.tesco.com/groceries/en-GB/products/313732035,1687616766.273466,"['£15.99', '£2.02/litre']",15.99,£2.02/litre
14510,D'arenberg The Witches Berry Chardonnay 75Cl,https://www.tesco.com/groceries/en-GB/products/313374631,1687616766.4126148,"['£12.00', '£12.00/75cl']",12.0,£12.00/75cl
14511,Hardys Tintara Cabernet Sauvignon 750Ml,https://www.tesco.com/groceries/en-GB/products/313756295,1687616766.4786859,"['£12.00', '£12.00/75cl']",12.0,£12.00/75cl
14512,Croser Adelaide Hill Sparkling Rose 750Ml,https://www.tesco.com/groceries/en-GB/products/313742213,1687616766.546477,"['£20.00', '£20.00/75cl']",20.0,£20.00/75cl
14513,Croser Non Vintage Adelaide Hills 750Ml,https://www.tesco.com/groceries/en-GB/products/313180261,1687616766.612323,"['£19.00', '£19.00/75cl']",19.0,£19.00/75cl
14514,Tango Apple Sugar Free 18 X 330Ml,https://www.tesco.com/groceries/en-GB/products/313949608,1687616766.691433,"['£7.00', '£0.12/100ml']",7.0,£0.12/100ml
14515,Budweiser Lager 10 X 440Ml,https://www.tesco.com/groceries/en-GB/products/309761639,1687616766.797599,"['£10.00', '£2.27/litre']",10.0,£2.27/litre
14516,Segura Viudas Premium Cava Brut Vintage 750Ml,https://www.tesco.com/groceries/en-GB/products/313950427,1687616766.8660202,"['£12.00', '£12.00/75cl']",12.0,£12.00/75cl
14517,Fanta Zero Sugar Watermelon 8 X 330Ml,https://www.tesco.com/groceries/en-GB/products/313954227,1687616766.9571369,"['£3.49', '£0.13/100ml']",3.49,£0.13/100ml
14518,Naked Pineapple & Passion Fruit Smoothie 750Ml,https://www.tesco.com/groceries/en-GB/products/313503422,1687616767.037262,"['£3.75', '£0.50/100ml']",3.75,£0.50/100ml
14519,Robinsons Fruit Shoot Hydro Orange Pineapple 8X275ml,https://www.tesco.com/groceries/en-GB/products/313363419,1687616767.110084,"['£3.55', '£0.16/100ml']",3.55,£0.16/100ml
14520,Robinsons Fruit Shoot Hydro Blackcurrant 8X275ml,https://www.tesco.com/groceries/en-GB/products/313749237,1687616767.17764,"['£3.55', '£0.16/100ml']",3.55,£0.16/100ml
14521,Robinsons Fruit Shoot Hydro Apple Raspberry 8X275ml,https://www.tesco.com/groceries/en-GB/products/313521285,1687616767.246188,"['£3.55', '£0.16/100ml']",3.55,£0.16/100ml
14522,Naked Strawberry & Banana Smoothie 750Ml,https://www.tesco.com/groceries/en-GB/products/312987647,1687616767.3132741,"['£3.75', '£0.50/100ml']",3.75,£0.50/100ml
14523,Hardy's Stamp Cabernet Merlot 75Cl,https://www.tesco.com/groceries/en-GB/products/252308130,1687616767.384249,"['£5.00', '£5.00/75cl']",5.0,£5.00/75cl
14524,Nescafe Gold Blend Instant Coffee 100G,https://www.tesco.com/groceries/en-GB/products/297334369,1687616767.469051,"['£3.49', '£3.49/100g']",3.49,£3.49/100g
14526,Naked Gold Machine Super Smoothie 750Ml,https://www.tesco.com/groceries/en-GB/products/312986853,1687616767.6159449,"['£4.75', '£0.63/100ml']",4.75,£0.63/100ml
14527,Naked Ruby Machine Super Smoothie 750Ml,https://www.tesco.com/groceries/en-GB/products/313175878,1687616773.760064,"['£4.75', '£0.63/100ml']",4.75,£0.63/100ml
14528,Naked Ruby Machine Super Smoothie 300Ml,https://www.tesco.com/groceries/en-GB/products/313517354,1687616773.854198,"['£2.60', '£0.87/100ml']",2.6,£0.87/100ml
14529,Robinsons Fruit Shoot Hydro Apple Raspberry 4X275ml,https://www.tesco.com/groceries/en-GB/products/313167295,1687616773.969418,"['£2.00', '£0.18/100ml']",2.0,£0.18/100ml
14530,Robinsons Fruit Shoot Hydro Blackcurrant 4X275ml,https://www.tesco.com/groceries/en-GB/products/313756813,1687616774.072215,"['£2.00', '£0.18/100ml']",2.0,£0.18/100ml
14531,Starbucks Caramel Macchiato Coffee Drink 330Ml,https://www.tesco.com/groceries/en-GB/products/309498951,1687616774.163552,"['£2.60', '£0.79/100ml']",2.6,£0.79/100ml
14532,Starbucks Caffe Latte Coffee Drink 330Ml,https://www.tesco.com/groceries/en-GB/products/309469669,1687616774.279881,"['£2.60', '£0.79/100ml']",2.6,£0.79/100ml
14533,Heineken Silver 650Ml,https://www.tesco.com/groceries/en-GB/products/313610358,1687616774.39275,"['£2.65', '£4.08/litre']",2.65,£4.08/litre
14534,Estrella Damm Beer 660Ml,https://www.tesco.com/groceries/en-GB/products/280543652,1687616774.485617,"['£2.20', '£3.33/litre']",2.2,£3.33/litre
14535,Guinness Draught Nitrosurge Device,https://www.tesco.com/groceries/en-GB/products/310154620,1687616774.581593,"['£30.00', '£30.00/each']",30.0,£30.00/each
14536,Patron Silver Tequila 70Cl,https://www.tesco.com/groceries/en-GB/products/313757046,1687616774.648942,"['£45.00', '£64.29/litre']",45.0,£64.29/litre
14537,Pepsi Max No Caffeine 24X330ml,https://www.tesco.com/groceries/en-GB/products/314099609,1687616774.7288861,"['£10.00', '£0.13/100ml']",10.0,£0.13/100ml
14538,Kraken Black Spiced Rum Black Cherry & Vanilla 70Cl,https://www.tesco.com/groceries/en-GB/products/313736751,1687616774.794952,"['£23.50', '£33.57/litre']",23.5,£33.57/litre
14539,Erdinger Alkoholfrei 0.5% 4X330ml,https://www.tesco.com/groceries/en-GB/products/313847867,1687616774.885408,"['£4.50', '£3.41/litre']",4.5,£3.41/litre
14540,Teapigs Lemon & Ginger 15'S 37.5G,https://www.tesco.com/groceries/en-GB/products/276899020,1687616774.979326,"['£4.15', '£11.07/100g']",4.15,£11.07/100g
14541,D'arenberg Broken Fishplate Sauvignon Blanc 75 Cl,https://www.tesco.com/groceries/en-GB/products/313605083,1687616775.04635,"['£12.00', '£12.00/75cl']",12.0,£12.00/75cl
14542,Wkd Blue Alcoholic Mix 10X250ml,https://www.tesco.com/groceries/en-GB/products/313833768,1687616775.115268,"['£12.00', '£4.80/litre']",12.0,£4.80/litre
14543,Brewdog Black Heart Stout 10 X 440Ml,https://www.tesco.com/groceries/en-GB/products/313859219,1687616775.2096891,"['£12.00', '£2.73/litre']",12.0,£2.73/litre
14544,Les Terrasses St Nicolas Cabernet Franc 75Cl,https://www.tesco.com/groceries/en-GB/products/314427205,1687616775.3180192,"['£10.00', '£10.00/75cl']",10.0,£10.00/75cl
14545,Asahi Super Dry 0% Alcohol Free Beer 4 X 330Ml,https://www.tesco.com/groceries/en-GB/products/313736837,1687616775.385535,"['£4.50', '£3.41/litre']",4.5,£3.41/litre
14546,Taylors of Harrogate Lemon & Ginger Flavoured Infusion with Spices Tea Bags 20 Pack 40g,https://www.tesco.com/groceries/en-GB/products/314435817,1687616775.455093,"['£3.00', '£7.50/100g']",3.0,£7.50/100g
14547,Taylors of Harrogate Blackberry & Raspberry Fruity Infusion 20 Tea bags 40g,https://www.tesco.com/groceries/en-GB/products/314412159,1687616775.527673,"['£3.00', '£7.50/100g']",3.0,£7.50/100g
14548,Babich Marlborough Sauvignon Blanc 75Cl,https://www.tesco.com/groceries/en-GB/products/313733541,1687616775.594445,"['£12.00', '£12.00/75cl']",12.0,£12.00/75cl
14549,Quarterpast Lemon Ginger & Honey Fruit Tea Infusion 250Ml,https://www.tesco.com/groceries/en-GB/products/313505852,1687616775.663258,"['£4.00', '£1.60/100ml']",4.0,£1.60/100ml
14550,Trivento Private Reserve Cabernet Sauvignon 75Cl,https://www.tesco.com/groceries/en-GB/products/313841234,1687616775.730159,"['£10.00', '£10.00/75cl']",10.0,£10.00/75cl
14551,Tesco Finest Rioja Blanco 75Cl,https://www.tesco.com/groceries/en-GB/products/313616110,1687616775.804339,"['£9.00', '£9.00/75cl']",9.0,£9.00/75cl
14553,Hardy's Stamp Semillon Sauvignon 75Cl,https://www.tesco.com/groceries/en-GB/products/254812952,1687616776.0357928,"['£5.00', '£5.00/75cl']",5.0,£5.00/75cl
14554,Eglise Saint Jacques Bergerac 75Cl,https://www.tesco.com/groceries/en-GB/products/314424531,1687616776.10673,"['£6.50', '£6.50/75cl']",6.5,£6.50/75cl
14555,Crusha Vanilla No Added Sugar 500Ml,https://www.tesco.com/groceries/en-GB/products/292284556,1687616776.1731179,"['£1.95', '£0.39/100ml']",1.95,£0.39/100ml
14556,Hobgoblin Gold Beer 500Ml,https://www.tesco.com/groceries/en-GB/products/313956202,1687616776.240374,"['£1.55', '£3.10/litre']",1.55,£3.10/litre
14557,Brewdog Black Heart Stout 4 X 440 Ml,https://www.tesco.com/groceries/en-GB/products/313859692,1687616776.306999,"['£5.00', '£2.84/litre']",5.0,£2.84/litre
14558,Pepsi Cola 2L,https://www.tesco.com/groceries/en-GB/products/313625404,1687616776.4005911,"['£2.15', '£0.11/100ml']",2.15,£0.11/100ml
14559,Swizzels Drumstick No Added Sugar Raspberry 1 Litre,https://www.tesco.com/groceries/en-GB/products/313517550,1687616776.534879,"['£1.00', '£0.10/100ml']",1.0,£0.10/100ml
14560,Compton Orchard Medium Dry Cider 2L,https://www.tesco.com/groceries/en-GB/products/313837234,1687616776.602317,"['£2.00', '£1.00/litre']",2.0,£1.00/litre
14561,Pepsi Cola 1.25L,https://www.tesco.com/groceries/en-GB/products/313959055,1687616776.672914,"['£1.70', '£0.14/100ml']",1.7,£0.14/100ml
14562,Compton Orchard Medium Dry Apple Cider 500Ml,https://www.tesco.com/groceries/en-GB/products/313733506,1687616776.741334,"['£0.75', '£1.50/litre']",0.75,£1.50/litre
14563,Guinness Draught Nitrosurge Beer 4 X 558Ml,https://www.tesco.com/groceries/en-GB/products/313004051,1687616776.817417,"['£8.00', '£3.58/litre']",8.0,£3.58/litre
14564,Hardys Hrb. Riesling 750Ml,https://www.tesco.com/groceries/en-GB/products/313837764,1687616776.9008698,"['£20.00', '£20.00/75cl']",20.0,£20.00/75cl
14567,Kopparberg Pear 4 X 330Ml,https://www.tesco.com/groceries/en-GB/products/313843088,1687616777.1423948,"['£5.00', '£3.79/litre']",5.0,£3.79/litre
14568,J2o Orange & Passion Fruit 275Ml 10 Pack,https://www.tesco.com/groceries/en-GB/products/296737240,1687616777.217013,"['£6.50', '£2.36/litre']",6.5,£2.36/litre
14569,Cafepod Decaffeinated 10 Pack 55G,https://www.tesco.com/groceries/en-GB/products/296581987,1687616777.2925959,"['£3.80', '£6.91/100g']",3.8,£6.91/100g
14570,Starbucks Nescafe Dolce Gusto 12 Madagascar Vanilla Macchiato 132G,https://www.tesco.com/groceries/en-GB/products/310105535,1687616777.385686,"['£4.50', '£3.41/100g']",4.5,£3.41/100g
14571,Vault City Strawberry & Peach 4 X 330Ml,https://www.tesco.com/groceries/en-GB/products/313854357,1687616777.47613,"['£7.50', '£5.68/litre']",7.5,£5.68/litre
14572,Northern Monk Guava Have Faith Pale Ale 4X330ml,https://www.tesco.com/groceries/en-GB/products/313846091,1687616777.54596,"['£6.50', '£4.92/litre']",6.5,£4.92/litre
14573,Mad Fish Sauvignon Blush 75Cl,https://www.tesco.com/groceries/en-GB/products/313621725,1687616777.643904,"['£9.50', '£9.50/75cl']",9.5,£9.50/75cl
14574,Brewdog Hazy Jane 440Ml,https://www.tesco.com/groceries/en-GB/products/308109741,1687616777.733781,"['£2.75', '£6.25/litre']",2.75,£6.25/litre
14575,Lucozade Sport Zero Sugar Orange & Peach 4X500ml,https://www.tesco.com/groceries/en-GB/products/313838377,1687616782.603015,"['£3.50', '£0.18/100ml']",3.5,£0.18/100ml
14576,Jack Daniel's Whiskey & Coca-Cola Zero Sugar 330Ml,https://www.tesco.com/groceries/en-GB/products/313742478,1687616782.686239,"['£2.30', '£6.97/litre']",2.3,£6.97/litre
14578,Jack Daniel's Whiskey & Coca-Cola 330Ml,https://www.tesco.com/groceries/en-GB/products/314093783,1687616783.212842,"['£2.30', '£6.97/litre']",2.3,£6.97/litre
14579,Red Bull Sugar Free Juneberry Edition 355Ml,https://www.tesco.com/groceries/en-GB/products/313838607,1687616783.309599,"['£1.80', '£0.51/100ml']",1.8,£0.51/100ml
14580,Big Drop Paradiso Alcohol Free Citra Ipa 330Ml,https://www.tesco.com/groceries/en-GB/products/313968257,1687616783.430667,"['£1.60', '£4.85/litre']",1.6,£4.85/litre
14581,Monster Energy Lewis Hamilton Zero Sugar 4X500ml,https://www.tesco.com/groceries/en-GB/products/313606139,1687616783.50954,"['£5.20', '£0.26/100ml']",5.2,£0.26/100ml
14582,Dead Man's Fingers Passion Fruit Rum & Lemonade 330Ml,https://www.tesco.com/groceries/en-GB/products/312845208,1687616783.581238,"['£2.00', '£6.06/litre']",2.0,£6.06/litre
14583,Whitley Neill Banana & Guava Gin 70Cl,https://www.tesco.com/groceries/en-GB/products/313187207,1687616783.678848,"['£28.00', '£40.00/litre']",28.0,£40.00/litre
14584,Funkin Nitro Cocktails Alcohol Free Passion Fruit Martini 4 x 200ml,https://www.tesco.com/groceries/en-GB/products/314421592,1687616783.780512,"['£6.75', '£8.44/litre']",6.75,£8.44/litre
14585,Brewdog Hazy Jane Mixed Pack 12X330ml,https://www.tesco.com/groceries/en-GB/products/311220304,1687616783.853,"['£16.00', '£4.04/litre']",16.0,£4.04/litre
14586,Strongbow Ultra Apple Cider 4 X 330Ml,https://www.tesco.com/groceries/en-GB/products/313840425,1687616783.923465,"['£4.75', '£3.60/litre']",4.75,£3.60/litre
14587,Nescafe Gold Plant-Based Coconut Latte 6 X 16G,https://www.tesco.com/groceries/en-GB/products/313168340,1687616784.017141,"['£2.35', '£2.45/100g']",2.35,£2.45/100g
14588,Brewdog Black Heart Stout 440Ml,https://www.tesco.com/groceries/en-GB/products/313952189,1687616784.087429,"['£1.75', '£3.98/litre']",1.75,£3.98/litre
14589,Oceansaver All In One Dishwasher Ecotabs 30S 360G,https://www.tesco.com/groceries/en-GB/products/312100687,1687616790.579869,"['£7.00', '£19.44/kg']",7.0,£19.44/kg
14590,Fairy Platinum All In One Original 51 Dishwasher Tablets 760G,https://www.tesco.com/groceries/en-GB/products/312720828,1687616790.690014,"['£10.00', '£13.16/kg']",10.0,£13.16/kg
14591,Andrex Classic Clean Toilet Tissue 18 Mega Rolls,https://www.tesco.com/groceries/en-GB/products/312700947,1687616790.889807,"['£16.00', '£0.30/100sht']",16.0,£0.30/100sht
14592,Cushelle Original Tubeless Twice as Long Toilet Tissue 8 Equals 16 Regular Rolls,https://www.tesco.com/groceries/en-GB/products/313960717,1687616791.00859,"['£12.35', '£0.43/100sht']",12.35,£0.43/100sht
14593,Andrex Gentle Clean Mega Toilet Roll 9 Pack,https://www.tesco.com/groceries/en-GB/products/314314978,1687616791.196835,"['£7.25', '£0.32/100sht']",7.25,£0.32/100sht
14594,Little Duck Supreme Quilted Toilet Tissue 24 Rolls,https://www.tesco.com/groceries/en-GB/products/309787350,1687616791.267104,"['£7.49', '£0.20/100sht']",7.49,£0.20/100sht
14595,Cushelle Quilted Raspberry & Rhubarb 50% Longer 6 Pack,https://www.tesco.com/groceries/en-GB/products/314109945,1687616791.338635,"['£7.80', '£0.55/100sht']",7.8,£0.55/100sht
14596,Cushelle Original 50 % Longer Lasting Toilet Tissue 6Pack,https://www.tesco.com/groceries/en-GB/products/313749505,1687616791.440278,"['£5.95', '£0.37/100sht']",5.95,£0.37/100sht
14597,Tesco Luxury Soft Toilet Tissue 12 Double Rolls,https://www.tesco.com/groceries/en-GB/products/310115609,1687616791.526641,"['£8.60', '£0.16/100sht']",8.6,£0.16/100sht
14598,Andrex Classic Clean Toilet Rolls X9,https://www.tesco.com/groceries/en-GB/products/309471660,1687616791.6109838,"['£5.75', '£0.34/100sht']",5.75,£0.34/100sht
14599,Tesco Tie Top Bin Bags 50L X 20 Pack,https://www.tesco.com/groceries/en-GB/products/301691734,1687616791.689288,"['£2.75', '£0.14/each']",2.75,£0.14/each
14600,Tesco Kitchen Towel 4 Roll,https://www.tesco.com/groceries/en-GB/products/305965105,1687616791.761199,"['£4.00', '£1.00/100sht']",4.0,£1.00/100sht
14601,Plenty White Kitchen Roll 200 Sheets,https://www.tesco.com/groceries/en-GB/products/296653125,1687616791.8347552,"['£5.75', '£2.88/100sht']",5.75,£2.88/100sht
14602,Regina Kitchen Towels Blitz 2 Rolls,https://www.tesco.com/groceries/en-GB/products/262374000,1687616791.9307761,"['£5.00', '£3.57/100sht']",5.0,£3.57/100sht
14603,Tesco 30 Pedal Bin Liners 22L,https://www.tesco.com/groceries/en-GB/products/305942121,1687616792.030886,"['£2.25', '£0.08/each']",2.25,£0.08/each
14604,Tesco Dishwasher Rinse Aid Citrus 400Ml,https://www.tesco.com/groceries/en-GB/products/272360220,1687616792.109316,"['£2.10', '£5.25/litre']",2.1,£5.25/litre
14605,Tesco Luxury Soft Quilted Toilet Tissue 6 Long Rolls,https://www.tesco.com/groceries/en-GB/products/312092758,1687616792.177836,"['£3.45', '£0.24/100sht']",3.45,£0.24/100sht
14606,Tesco Kitchen Towel 2 Rolls,https://www.tesco.com/groceries/en-GB/products/305976553,1687616792.246704,"['£2.50', '£1.25/100sht']",2.5,£1.25/100sht
14607,Kleenex Mansize Compact Twin Pack Tissues 44Sheet,https://www.tesco.com/groceries/en-GB/products/296482344,1687616792.3169138,"['£2.50', '£2.84/100sht']",2.5,£2.84/100sht
14608,Tesco Luxury Soft White Toilet Tissue 6 Long Rolls,https://www.tesco.com/groceries/en-GB/products/312214351,1687616792.386795,"['£3.25', '£0.16/100sht']",3.25,£0.16/100sht
14609,Tesco Tie Top Compostable Caddy Liners 20 Pack 10L,https://www.tesco.com/groceries/en-GB/products/302533466,1687616792.4577532,"['£2.00', '£0.10/each']",2.0,£0.10/each
14610,Tesco Non Stick Baking Paper 370Mm X 15M,https://www.tesco.com/groceries/en-GB/products/284982972,1687616792.579891,"['£2.00', '£0.13/metre']",2.0,£0.13/metre
14611,Tesco Luxury Soft Eco Toilet Tissue 6 Rolls,https://www.tesco.com/groceries/en-GB/products/312235343,1687616792.653537,"['£3.30', '£0.17/100sht']",3.3,£0.17/100sht
14612,Plenty White Kitchen Roll 100 Sheets,https://www.tesco.com/groceries/en-GB/products/296653102,1687616792.72585,"['£2.95', '£2.95/100sht']",2.95,£2.95/100sht
14613,Tesco Strong Kitchen Foil 450Mm X 10M,https://www.tesco.com/groceries/en-GB/products/263780560,1687616792.799254,"['£2.25', '£0.22/metre']",2.25,£0.22/metre
14614,Tesco Luxury Soft Soft Regular 72'S,https://www.tesco.com/groceries/en-GB/products/271374384,1687616792.8710039,"['£1.45', '£2.01/100sht']",1.45,£2.01/100sht
14615,Tesco Multi-Purpose Household Towel 1 Roll,https://www.tesco.com/groceries/en-GB/products/313943649,1687616792.945955,"['£1.95', '£1.95/100sht']",1.95,£1.95/100sht
14616,Tesco Kitchen Foil 10M X 290Mm,https://www.tesco.com/groceries/en-GB/products/304789586,1687616793.014696,"['£1.55', '£0.16/metre']",1.55,£0.16/metre
14617,Tesco Luxury Soft Quilted Toilet Tissue 4 Rolls,https://www.tesco.com/groceries/en-GB/products/297444849,1687616793.086821,"['£1.79', '£0.28/100sht']",1.79,£0.28/100sht
14618,RENOVA FACIAL TISSUES KIDS 3PLY x50,https://www.tesco.com/groceries/en-GB/products/314319282,1687616793.158533,"['£1.75', '£3.50/100sht']",1.75,£3.50/100sht
14619,Tesco Citrus Antibacterial Wipes 40 Wipes,https://www.tesco.com/groceries/en-GB/products/260305530,1687616793.2519438,"['£1.00', '£2.50/100sht']",1.0,£2.50/100sht
14620,Tesco Drawstring Swing Bin Liners 50L 30Pk,https://www.tesco.com/groceries/en-GB/products/250191211,1687616793.323893,"['£1.64', '£0.06/each']",1.64,£0.06/each
14621,Domestos Original Bleach 750Ml,https://www.tesco.com/groceries/en-GB/products/257259605,1687616793.39947,"['£1.49', '£1.99/litre']",1.49,£1.99/litre
14622,Springforce Jumbo Kitchen Towel 240 Sheets,https://www.tesco.com/groceries/en-GB/products/308450018,1687616793.49136,"['£1.35', '£0.56/100sht']",1.35,£0.56/100sht
14623,Tesco Luxury Soft Toilet Tissue White 4 Roll,https://www.tesco.com/groceries/en-GB/products/281055580,1687616793.567463,"['£1.69', '£0.19/100sht']",1.69,£0.19/100sht
14624,Tesco Luxury Soft Coconut Oil 40 Flushable Wipes,https://www.tesco.com/groceries/en-GB/products/305732767,1687616793.6390872,"['£0.65', '£1.62/100sht']",0.65,£1.62/100sht
14625,Tesco Eco Luxury Tissues 72 Sheets,https://www.tesco.com/groceries/en-GB/products/302489040,1687616793.708877,"['£1.10', '£1.53/100sht']",1.1,£1.53/100sht
14626,Tesco Tissue Cube 56X3ply,https://www.tesco.com/groceries/en-GB/products/285811261,1687616793.778538,"['£0.85', '£1.52/100sht']",0.85,£1.52/100sht
14627,Tesco Luxury Soft Spring Fresh 40 Flushable Wipes,https://www.tesco.com/groceries/en-GB/products/305730061,1687616793.9278111,"['£0.65', '£1.62/100sht']",0.65,£1.62/100sht
14628,Tesco Luxury Soft Sensitive 40 Flushable Wipes,https://www.tesco.com/groceries/en-GB/products/305728871,1687616793.999299,"['£0.65', '£1.62/100sht']",0.65,£1.62/100sht
14629,Aria Essentials Toilet Tissue 6 Roll 400 Sheets,https://www.tesco.com/groceries/en-GB/products/305944361,1687616794.069953,"['£2.19', '£0.09/100sht']",2.19,£0.09/100sht
14630,Springforce Sponge Scourers 8 Pack,https://www.tesco.com/groceries/en-GB/products/301737250,1687616794.1416829,"['£0.43', '£0.05/each']",0.43,£0.05/each
14631,Easy Seriously Thick Bleach Citrus 750Ml,https://www.tesco.com/groceries/en-GB/products/314325222,1687616794.2112231,"['£0.55', '£0.73/litre']",0.55,£0.73/litre
14632,Easy Original Thick Bleach 750Ml,https://www.tesco.com/groceries/en-GB/products/314424208,1687616794.282125,"['£0.55', '£0.73/litre']",0.55,£0.73/litre
14633,Tesco Thick Bleach Fresh 750Ml,https://www.tesco.com/groceries/en-GB/products/257335642,1687616794.359684,"['£0.60', '£0.80/litre']",0.6,£0.80/litre
14634,Tesco Thick Bleach Citrus 750Ml,https://www.tesco.com/groceries/en-GB/products/257841394,1687616794.429434,"['£0.60', '£0.80/litre']",0.6,£0.80/litre
14635,Tesco Lemon Washing Up Liquid 500Ml,https://www.tesco.com/groceries/en-GB/products/311945178,1687616794.500066,"['£0.65', '£1.30/litre']",0.65,£1.30/litre
14636,Tesco Rhubarb & Rose Washing Up Liquid 500Ml,https://www.tesco.com/groceries/en-GB/products/311958537,1687616794.5736792,"['£0.65', '£1.30/litre']",0.65,£1.30/litre
14637,Tesco Original Washing Up Liquid 500Ml,https://www.tesco.com/groceries/en-GB/products/312109827,1687616794.640768,"['£0.65', '£1.30/litre']",0.65,£1.30/litre
14638,Cushelle Quilted 50% Longer Lasting Toilet Tissue 12 Equals 18 Regular Rolls,https://www.tesco.com/groceries/en-GB/products/313733731,1687616794.709038,"['£14.00', '£0.49/100sht']",14.0,£0.49/100sht
14639,Velvet Classic Quilted Toilet Tissue 24 Roll White,https://www.tesco.com/groceries/en-GB/products/305837579,1687616800.689207,"['£10.50', '£0.29/100sht']",10.5,£0.29/100sht
14640,Cushelle Original 50 % Longer Lasting Toilet Tissue 16 Pack,https://www.tesco.com/groceries/en-GB/products/313959907,1687616800.765409,"['£15.60', '£0.36/100sht']",15.6,£0.36/100sht
14641,Andrex Supreme Quilts Mega Toilet Roll 9 Pack,https://www.tesco.com/groceries/en-GB/products/313961950,1687616800.838652,"['£9.95', '£0.47/100sht']",9.95,£0.47/100sht
14642,Andrex Toilet Tissue Gentle Clean 24 Roll,https://www.tesco.com/groceries/en-GB/products/302321901,1687616800.932527,"['£12.50', '£0.31/100sht']",12.5,£0.31/100sht
14643,Zip Firelighters Pack 30,https://www.tesco.com/groceries/en-GB/products/261204452,1687616801.000428,"['£3.55', '£0.12/each']",3.55,£0.12/each
14644,Plenty Original White Kitchen 3 Roll 300 Sheets,https://www.tesco.com/groceries/en-GB/products/306805323,1687616801.06925,"['£7.60', '£2.53/100sht']",7.6,£2.53/100sht
14645,Regina Blitz Giant All Purpose Kitchen Towel 1 Roll,https://www.tesco.com/groceries/en-GB/products/314305943,1687616801.145117,"['£6.50', '£2.50/100sht']",6.5,£2.50/100sht
14646,Andrex Supreme Quilts Toilet Tissues 9 Rolls,https://www.tesco.com/groceries/en-GB/products/312111109,1687616801.224166,"['£6.75', '£0.48/100sht']",6.75,£0.48/100sht
14647,Tesco Foil Roasting Trays 2 Pack 326Mmx260mm,https://www.tesco.com/groceries/en-GB/products/274544944,1687616801.3139992,"['£2.75', '£1.38/each']",2.75,£1.38/each
14648,Tesco Ultra Kitchen Towel 200 Sheets,https://www.tesco.com/groceries/en-GB/products/296653200,1687616801.383252,"['£3.25', '£1.62/100sht']",3.25,£1.62/100sht
14649,Tesco 20 Extra Strong Drawstring Refuse Sacks 50L,https://www.tesco.com/groceries/en-GB/products/305962039,1687616801.4837928,"['£2.75', '£0.14/each']",2.75,£0.14/each
14650,Plenty Tubeless Flexisheets Long Kitchen Towel 2 Rolls,https://www.tesco.com/groceries/en-GB/products/314117405,1687616801.554889,"['£7.95', '£1.59/100sht']",7.95,£1.59/100sht
14651,Tesco Dishwasher Salt 3Kg,https://www.tesco.com/groceries/en-GB/products/262984608,1687616801.625823,"['£3.00', '£1.00/kg']",3.0,£1.00/kg
14652,Tesco Pvc- Free Cling Film 75M X 350Mm,https://www.tesco.com/groceries/en-GB/products/309789889,1687616801.696579,"['£2.50', '£0.03/metre']",2.5,£0.03/metre
14653,Tesco Citrus Antibacterial Wipes 120S,https://www.tesco.com/groceries/en-GB/products/274484214,1687616801.7715929,"['£2.50', '£2.08/100sht']",2.5,£2.08/100sht
14654,Tesco Decorated Kitchen Towel 2X100 Sheets,https://www.tesco.com/groceries/en-GB/products/305959695,1687616801.839057,"['£2.50', '£1.25/100sht']",2.5,£1.25/100sht
14655,Tesco All-In-One Dishwasher Tablets 40S Lemon 680G,https://www.tesco.com/groceries/en-GB/products/311213002,1687616801.906015,"['£3.90', '£5.74/kg']",3.9,£5.74/kg
14656,Tesco All-In-One Dishwasher Tablets 40S Original 680G,https://www.tesco.com/groceries/en-GB/products/311231017,1687616801.97842,"['£3.90', '£5.74/kg']",3.9,£5.74/kg
14657,Kleenex Ultra Soft Tissues 112 Sheets,https://www.tesco.com/groceries/en-GB/products/312986726,1687616802.046986,"['£3.50', '£3.12/100sht']",3.5,£3.12/100sht
14658,Kleenex Balsam Tissues Mega Pack 112 Sheets,https://www.tesco.com/groceries/en-GB/products/313175627,1687616802.124543,"['£3.50', '£3.12/100sht']",3.5,£3.12/100sht
14659,Hygex 290Mm X 30M Kitchen Foil,https://www.tesco.com/groceries/en-GB/products/311958439,1687616802.1920772,"['£3.50', '£0.12/metre']",3.5,£0.12/metre
14660,Finish Powerball Rinse & Shine Aid Lemon 80W 400Ml,https://www.tesco.com/groceries/en-GB/products/313846004,1687616802.2824771,"['£3.40', '£8.50/litre']",3.4,£8.50/litre
14661,Tesco Luxury Soft Balm Regular Tissues 80S,https://www.tesco.com/groceries/en-GB/products/271367168,1687616802.349324,"['£2.10', '£2.62/100sht']",2.1,£2.62/100sht
14662,Tesco Luxury Soft Coconut Oil Toilet Tissue 6 Long Rolls,https://www.tesco.com/groceries/en-GB/products/312107150,1687616802.4160771,"['£3.45', '£0.24/100sht']",3.45,£0.24/100sht
14663,Tesco Pvc - Free Cling Film 25M X 350Mm,https://www.tesco.com/groceries/en-GB/products/309781137,1687616802.527821,"['£1.50', '£0.06/metre']",1.5,£0.06/metre
14664,Tesco Tie-Handle Freezer Bags Medium 40 Pack,https://www.tesco.com/groceries/en-GB/products/254122812,1687616802.5997922,"['£1.45', '£0.04/each']",1.45,£0.04/each
14665,Tesco Non Biological Detergent Super Concentrated 1.8L 60W,https://www.tesco.com/groceries/en-GB/products/306502899,1687616802.666922,"['£3.42', '£1.90/litre']",3.42,£1.90/litre
14666,Tesco Tie Handle Swing Bin Liners 30Pk (50L),https://www.tesco.com/groceries/en-GB/products/305983066,1687616802.739153,"['£1.64', '£0.06/each']",1.64,£0.06/each
14667,Bryant & May Extra Long Matches Av 45 Matches,https://www.tesco.com/groceries/en-GB/products/255284157,1687616802.8096662,"['£1.00', '£1.00/each']",1.0,£1.00/each
14668,Spring Force Toilet Tissue 6 White Double Rolls,https://www.tesco.com/groceries/en-GB/products/309753465,1687616802.8827589,"['£2.80', '£0.11/100sht']",2.8,£0.11/100sht
14669,Dettol Surface Cleanser Antibacterial Spray 750 Ml,https://www.tesco.com/groceries/en-GB/products/264843462,1687616802.953076,"['£2.00', '£2.67/litre']",2.0,£2.67/litre
14670,Tesco Antibacterial Biodegradable Floor Wipes Apple 25'S,https://www.tesco.com/groceries/en-GB/products/311693509,1687616803.028805,"['£1.50', '£6.00/100sht']",1.5,£6.00/100sht
14671,Tesco Coconut Oil 4 Roll,https://www.tesco.com/groceries/en-GB/products/297445007,1687616803.097246,"['£1.79', '£0.28/100sht']",1.79,£0.28/100sht
14672,Tesco Antibacterial Multi Surface Wipes Apple 40 Pack,https://www.tesco.com/groceries/en-GB/products/270887734,1687616803.164695,"['£1.00', '£2.50/100sht']",1.0,£2.50/100sht
14673,Tesco Non-Scratch Sponge Pan Cleaners 6 Pack,https://www.tesco.com/groceries/en-GB/products/255331102,1687616803.230728,"['£0.99', '£0.16/each']",0.99,£0.16/each
14674,Bloo Acticlean Original Twinpack,https://www.tesco.com/groceries/en-GB/products/257942614,1687616803.299947,"['£1.60', '£21.05/kg']",1.6,£21.05/kg
14675,Pledge Multi Surface Cleaner Jasmine 250Ml,https://www.tesco.com/groceries/en-GB/products/274621600,1687616803.370511,"['£1.50', '£6.00/litre']",1.5,£6.00/litre
14676,Tesco Luxury Soft Gentle Extra Large Tissues 100,https://www.tesco.com/groceries/en-GB/products/272022914,1687616803.4400158,"['£1.55', '£1.55/100sht']",1.55,£1.55/100sht
14677,Harpic Limescale Remover Original Toilet Cleaner 750 Ml,https://www.tesco.com/groceries/en-GB/products/258203797,1687616803.512579,"['£1.30', '£1.73/litre']",1.3,£1.73/litre
14678,Domestos Ultra White & Sparkle Bleach 750Ml,https://www.tesco.com/groceries/en-GB/products/278608720,1687616803.637057,"['£1.49', '£1.99/litre']",1.49,£1.99/litre
14679,Tesco Fabric Conditioner Pure 42 Washes 1.26L,https://www.tesco.com/groceries/en-GB/products/297472775,1687616803.726729,"['£1.39', '£1.10/litre']",1.39,£1.10/litre
14680,Tesco Fabric Conditioner Spring Fresh 42 Washes 1.26L,https://www.tesco.com/groceries/en-GB/products/297647195,1687616803.796454,"['£1.39', '£1.10/litre']",1.39,£1.10/litre
14681,Tesco Antibacterial Bathroom Surface Cleaner Spray 750Ml,https://www.tesco.com/groceries/en-GB/products/304398530,1687616803.868738,"['£0.85', '£1.13/litre']",0.85,£1.13/litre
14682,Tesco Thick Bleach Citrus 2 Litre Bigger Pack Better Value,https://www.tesco.com/groceries/en-GB/products/250084367,1687616803.954512,"['£1.19', '£0.60/litre']",1.19,£0.60/litre
14683,Tesco Active Gel Fresh 750Ml,https://www.tesco.com/groceries/en-GB/products/253399612,1687616804.029881,"['£0.45', '£0.60/litre']",0.45,£0.60/litre
14684,Andrex Classic Clean Toilet Tissue 12 Mega Rolls,https://www.tesco.com/groceries/en-GB/products/311949306,1687616804.1059809,"['£12.35', '£0.34/100sht']",12.35,£0.34/100sht
14685,Andrex Supreme Quilts Toilet Tissue 16 Rolls,https://www.tesco.com/groceries/en-GB/products/311780061,1687616804.187964,"['£11.85', '£0.48/100sht']",11.85,£0.48/100sht
14686,Mr Muscle Max Gel Unblocker 1000Ml,https://www.tesco.com/groceries/en-GB/products/299160398,1687616804.307926,"['£4.50', '£4.50/litre']",4.5,£4.50/litre
14687,Persil Non Biological Liquid Detergent 53W 1431Ml,https://www.tesco.com/groceries/en-GB/products/311422958,1687616808.8482969,"['£9.00', '£6.29/litre']",9.0,£6.29/litre
14688,Tesco 20 Extra Strong Refuse Sacks 75L,https://www.tesco.com/groceries/en-GB/products/310145936,1687616809.1512089,"['£4.00', '£0.20/each']",4.0,£0.20/each
14689,Tesco Non Bio. Detergent Powder 2.6Kg,https://www.tesco.com/groceries/en-GB/products/306503260,1687616809.535553,"['£4.75', '£1.83/kg']",4.75,£1.83/kg
14690,Regina Blitz Kitchen Towel 1 Roll,https://www.tesco.com/groceries/en-GB/products/264038125,1687616809.612651,"['£3.60', '£3.60/100sht']",3.6,£3.60/100sht
14691,Dettol Antibacterial Cleansing Surface Wipes 126S,https://www.tesco.com/groceries/en-GB/products/287756553,1687616809.685444,"['£4.00', '£3.18/100sht']",4.0,£3.18/100sht
14692,Andrex Supreme Quilts Toilet Tissues 4 Rolls,https://www.tesco.com/groceries/en-GB/products/312091310,1687616809.7545652,"['£3.35', '£0.54/100sht']",3.35,£0.54/100sht
14693,Tesco Zip Seal Food & Freezer Bags Medium 20S,https://www.tesco.com/groceries/en-GB/products/263885747,1687616809.830915,"['£1.85', '£0.09/each']",1.85,£0.09/each
14694,Andrex Classic Clean Toilet Tissue 4 Rolls,https://www.tesco.com/groceries/en-GB/products/309762431,1687616809.909513,"['£2.95', '£0.39/100sht']",2.95,£0.39/100sht
14695,Finish Lemon Dishwasher Cleaner 250 Ml,https://www.tesco.com/groceries/en-GB/products/259454751,1687616809.979745,"['£4.00', '£16.00/litre']",4.0,£16.00/litre
14696,Kleenex Extra Large Twin 90 Tissues,https://www.tesco.com/groceries/en-GB/products/302011709,1687616810.07184,"['£4.00', '£2.22/100sht']",4.0,£2.22/100sht
14697,Tesco Drawstring Scented Bin Liners 12Lx 25Pk,https://www.tesco.com/groceries/en-GB/products/302442798,1687616810.1699278,"['£1.70', '£0.07/each']",1.7,£0.07/each
14698,Tesco Click Seal Food Storage Bags Medium 20'S,https://www.tesco.com/groceries/en-GB/products/252366394,1687616810.239573,"['£1.65', '£0.08/each']",1.65,£0.08/each
14699,Viakal Bathroom Limescale Remover Spray 500Ml,https://www.tesco.com/groceries/en-GB/products/252675391,1687616810.3104,"['£3.00', '£6.00/litre']",3.0,£6.00/litre
14700,Springforce 80 Food Bags With Wire Ties,https://www.tesco.com/groceries/en-GB/products/306654132,1687616810.381184,"['£1.39', '£0.02/each']",1.39,£0.02/each
14701,Tesco Tie Handle Multipurpose Bag Small 50'S,https://www.tesco.com/groceries/en-GB/products/254122708,1687616810.463679,"['£1.45', '£0.03/each']",1.45,£0.03/each
14702,Harpic Power Plus Max Toilet Cleaner Citrus 750Ml,https://www.tesco.com/groceries/en-GB/products/259550493,1687616810.535758,"['£1.75', '£2.33/litre']",1.75,£2.33/litre
14703,Kleenex Balsam Extra Large Facial Tissues 40 Sheets,https://www.tesco.com/groceries/en-GB/products/310189817,1687616810.6052392,"['£2.25', '£5.62/100sht']",2.25,£5.62/100sht
14704,Spontex Washups Value 4 Pack,https://www.tesco.com/groceries/en-GB/products/267318786,1687616810.674191,"['£1.45', '£0.36/each']",1.45,£0.36/each
14705,Dettol Antibacterial Cleansing Surface Wipes 50 Pack,https://www.tesco.com/groceries/en-GB/products/313967419,1687616810.741326,"['£2.00', '£4.00/100sht']",2.0,£4.00/100sht
14706,Comfort Fabric Conditioner Sunshiny Days 33Washes 990Ml,https://www.tesco.com/groceries/en-GB/products/314100839,1687616810.8108401,"['£2.25', '£2.27/litre']",2.25,£2.27/litre
14707,Tesco Antibacterial Biodegradable Floor Wipes Lemon 25'S,https://www.tesco.com/groceries/en-GB/products/311680997,1687616810.880198,"['£1.50', '£6.00/100sht']",1.5,£6.00/100sht
14708,Flash Cleaning Spray With Bleach Eucalyptus Scent 800Ml,https://www.tesco.com/groceries/en-GB/products/312580083,1687616810.953027,"['£2.49', '£3.11/litre']",2.49,£3.11/litre
14709,Comfort Fabric Conditioner Blue Skies 33 Washes 990Ml,https://www.tesco.com/groceries/en-GB/products/313839376,1687616811.022947,"['£2.25', '£2.27/litre']",2.25,£2.27/litre
14710,Tesco All Purpose Cloths 10 Pack,https://www.tesco.com/groceries/en-GB/products/255284946,1687616811.0905972,"['£1.25', '£0.12/each']",1.25,£0.12/each
14711,Tesco Original Multi Surface Wipes 40'S,https://www.tesco.com/groceries/en-GB/products/268043953,1687616811.200352,"['£1.00', '£2.50/100sht']",1.0,£2.50/100sht
14712,Comfort Fabric Conditioner Pure For Sensitive Skin 33W 990Ml,https://www.tesco.com/groceries/en-GB/products/313839059,1687616811.282083,"['£2.25', '£2.27/litre']",2.25,£2.27/litre
14713,Tesco Thick Disinfectant Pine 1 Litre,https://www.tesco.com/groceries/en-GB/products/255279694,1687616811.354461,"['£1.40', '£1.40/litre']",1.4,£1.40/litre
14714,Domestos Power 5 Rim Block Lime 55G,https://www.tesco.com/groceries/en-GB/products/291512744,1687616811.42415,"['£1.50', '£27.27/kg']",1.5,£27.27/kg
14715,Cif Cream Lemon Fresh 500Ml,https://www.tesco.com/groceries/en-GB/products/255280904,1687616811.5154822,"['£1.50', '£3.00/litre']",1.5,£3.00/litre
14716,Domestos Citrus Bleach 750Ml,https://www.tesco.com/groceries/en-GB/products/253374987,1687616811.58471,"['£1.49', '£1.99/litre']",1.49,£1.99/litre
14717,Tesco Colour Liquid Detergent Super Concentrated 1.8L 60W,https://www.tesco.com/groceries/en-GB/products/306500849,1687616811.674737,"['£3.42', '£1.90/litre']",3.42,£1.90/litre
14718,Duck Deep Action Gel Marine 750Ml,https://www.tesco.com/groceries/en-GB/products/296923175,1687616811.750578,"['£1.25', '£1.67/litre']",1.25,£1.67/litre
14719,Duck Deep Action Gel Pine 750Ml,https://www.tesco.com/groceries/en-GB/products/296923152,1687616811.821325,"['£1.25', '£1.67/litre']",1.25,£1.67/litre
14720,Tesco Toilet Wipes 40 Pack Blue Fresh,https://www.tesco.com/groceries/en-GB/products/270887585,1687616811.891978,"['£1.00', '£2.50/100sht']",1.0,£2.50/100sht
14721,Andrex Classic Clean Flushable Washlet 36 Wipes,https://www.tesco.com/groceries/en-GB/products/311946799,1687616811.961108,"['£1.50', '£4.17/100sht']",1.5,£4.17/100sht
14722,Tesco Fabric Conditioner Summer Fresh 1.26L 42Washes,https://www.tesco.com/groceries/en-GB/products/297472815,1687616812.0512471,"['£1.39', '£1.10/litre']",1.39,£1.10/litre
14723,Tesco Antibacterial Kitchen Cleaner With Bleach 750Ml,https://www.tesco.com/groceries/en-GB/products/304784891,1687616812.123817,"['£1.00', '£1.33/litre']",1.0,£1.33/litre
14724,Tesco Balm Pocket Tissues 8 Pack,https://www.tesco.com/groceries/en-GB/products/294958661,1687616812.199426,"['£1.10', '£1.53/100sht']",1.1,£1.53/100sht
14725,Tesco Antibacterial Cleaning Spray Apple 750Ml,https://www.tesco.com/groceries/en-GB/products/304787922,1687616812.334305,"['£0.85', '£1.13/litre']",0.85,£1.13/litre
14726,Tesco Antibacterial Eucalyptus Washing Up Liquid 500Ml,https://www.tesco.com/groceries/en-GB/products/311802365,1687616812.403501,"['£0.79', '£1.58/litre']",0.79,£1.58/litre
14727,Springforce Bin Liners 30 Pack,https://www.tesco.com/groceries/en-GB/products/312994517,1687616812.476377,"['£1.00', '£0.03/each']",1.0,£0.03/each
14728,Tesco Active Toilet Gel Citrus 750Ml,https://www.tesco.com/groceries/en-GB/products/253399779,1687616812.545722,"['£0.45', '£0.60/litre']",0.45,£0.60/litre
14729,Persil 3In1 Non Biological Washing Capsules 50 Wash 1.350Kg,https://www.tesco.com/groceries/en-GB/products/309487329,1687616812.617909,"['£12.00', '£8.89/kg']",12.0,£8.89/kg
14730,Plenty Household Towel 800 Sheet,https://www.tesco.com/groceries/en-GB/products/302664247,1687616812.709116,"['£13.00', '£1.62/100sht']",13.0,£1.62/100sht
14731,Persil Non Biological Liquid Detergent 72 Washes 1944Ml,https://www.tesco.com/groceries/en-GB/products/309784347,1687616812.775816,"['£11.50', '£5.92/litre']",11.5,£5.92/litre
14732,Tesco 50 Refuse Sacks 50L,https://www.tesco.com/groceries/en-GB/products/305976432,1687616812.869053,"['£5.50', '£0.11/each']",5.5,£0.11/each
14733,Cushelle Quilted Tubeless Toilet Paper 6 Rolls,https://www.tesco.com/groceries/en-GB/products/311961072,1687616812.944994,"['£7.90', '£0.52/100sht']",7.9,£0.52/100sht
14734,Tesco 30 Tall Pedal Bin Liners 30L,https://www.tesco.com/groceries/en-GB/products/305981621,1687616813.013128,"['£4.35', '£0.14/each']",4.35,£0.14/each
14735,Fairy All In One Original Dishwasher 25 Tablets 338G,https://www.tesco.com/groceries/en-GB/products/313512517,1687616818.171757,"['£4.75', '£14.05/kg']",4.75,£14.05/kg
14736,Andrex Classic Clean Washlets Wipes 4 Pack,https://www.tesco.com/groceries/en-GB/products/312100445,1687616818.3754702,"['£5.00', '£3.47/100sht']",5.0,£3.47/100sht
14737,Andrex Classic Clean Toilet Tissue 9 Mega Rolls,https://www.tesco.com/groceries/en-GB/products/311806614,1687616818.473541,"['£8.75', '£0.32/100sht']",8.75,£0.32/100sht
14738,Tesco Spring Fresh Tumble Dryer Sheets 40S,https://www.tesco.com/groceries/en-GB/products/253987588,1687616818.543582,"['£2.10', '£5.25/100sht']",2.1,£5.25/100sht
14739,Andrex Pure Care Washlets 36 Sheets X 4,https://www.tesco.com/groceries/en-GB/products/314115223,1687616818.612271,"['£5.00', '£3.47/100sht']",5.0,£3.47/100sht
14740,Tesco Sink & Drain Unblocker 500Ml,https://www.tesco.com/groceries/en-GB/products/278418870,1687616818.702604,"['£2.25', '£4.50/litre']",2.25,£4.50/litre
14741,Cif Power & Shine Bathroom Spray 700Ml,https://www.tesco.com/groceries/en-GB/products/284861968,1687616818.772815,"['£2.90', '£4.14/litre']",2.9,£4.14/litre
14742,Flash Speed Mop Refill Pads 12 Pads,https://www.tesco.com/groceries/en-GB/products/308868066,1687616818.8495822,"['£3.95', '£0.33/each']",3.95,£0.33/each
14743,Surf Tropical Lily Liquid Detergent 24 Washes 648Ml,https://www.tesco.com/groceries/en-GB/products/309173984,1687616818.954049,"['£3.50', '£5.40/litre']",3.5,£5.40/litre
14744,Tesco Dishwashing Rubber Gloves Medium,https://www.tesco.com/groceries/en-GB/products/250364658,1687616819.022491,"['£1.35', '£1.35/Pair']",1.35,£1.35/Pair
14745,450Mm X 10M Wide Kitchen Foil,https://www.tesco.com/groceries/en-GB/products/311799615,1687616819.0977778,"['£3.00', '£0.30/metre']",3.0,£0.30/metre
14746,Dri Pak Soda Crystals 1Kg,https://www.tesco.com/groceries/en-GB/products/258133332,1687616819.19003,"['£2.00', '£2.00/kg']",2.0,£2.00/kg
14747,Lenor Outdoorable Spring Awakening Fabric Conditioner 55W 770Ml,https://www.tesco.com/groceries/en-GB/products/312356620,1687616819.260641,"['£3.50', '£4.54/litre']",3.5,£4.54/litre
14748,Kleenex Balsam Pocket Tissues 8 Pack 9S,https://www.tesco.com/groceries/en-GB/products/285767284,1687616819.386442,"['£2.00', '£2.78/100sht']",2.0,£2.78/100sht
14749,Oust All Purpose Descaler 3 Pack,https://www.tesco.com/groceries/en-GB/products/250479407,1687616819.454231,"['£1.60', '£21.33/litre']",1.6,£21.33/litre
14750,Kleenex Original Tissues Mega Pack 112 Sheets,https://www.tesco.com/groceries/en-GB/products/312996616,1687616819.5302699,"['£2.00', '£1.79/100sht']",2.0,£1.79/100sht
14751,The Original Cooks Matches Av 220 Matches,https://www.tesco.com/groceries/en-GB/products/254602360,1687616819.598048,"['£1.05', '£0.00/each']",1.05,£0.00/each
14752,Spontex Washups Non Scratch Value 4 Pack,https://www.tesco.com/groceries/en-GB/products/267318816,1687616819.6692638,"['£1.45', '£0.36/each']",1.45,£0.36/each
14753,Mr Muscle Platinum Ktichen Citrus 500Ml,https://www.tesco.com/groceries/en-GB/products/313852411,1687616819.738803,"['£1.89', '£3.78/litre']",1.89,£3.78/litre
14754,Fairy Fabric Conditioner 2.905L 83 Wash,https://www.tesco.com/groceries/en-GB/products/293675121,1687616819.818659,"['£4.75', '£1.64/litre']",4.75,£1.64/litre
14755,Non Silicone Wood Silk Furniture Polish Aerosol 225Ml,https://www.tesco.com/groceries/en-GB/products/313963245,1687616819.887031,"['£1.50', '£6.67/litre']",1.5,£6.67/litre
14756,Flash Bathroom Cleaning Spray 800Ml,https://www.tesco.com/groceries/en-GB/products/312581491,1687616819.953409,"['£2.49', '£3.11/litre']",2.49,£3.11/litre
14757,Bloo Power Active Lemon Toilet Rim Block 2X50g,https://www.tesco.com/groceries/en-GB/products/307353596,1687616820.024631,"['£2.50', '£25.00/kg']",2.5,£25.00/kg
14758,Glade Solid Gel Lily Of The Valley,https://www.tesco.com/groceries/en-GB/products/253094431,1687616820.1153002,"['£1.25', '£8.33/kg']",1.25,£8.33/kg
14759,Glade Solid Air Freshener Lavender,https://www.tesco.com/groceries/en-GB/products/262369082,1687616820.1845481,"['£1.25', '£8.33/kg']",1.25,£8.33/kg
14760,Pledge 5In1 Wood Classic 250Ml,https://www.tesco.com/groceries/en-GB/products/274621652,1687616820.260244,"['£1.50', '£6.00/litre']",1.5,£6.00/litre
14761,Tesco Non Biological Liquid Detergent Super Concentrated 900Ml,https://www.tesco.com/groceries/en-GB/products/308087304,1687616820.336854,"['£2.10', '£2.33/litre']",2.1,£2.33/litre
14762,Domestos Power 5 Rim Block Ocean 55G,https://www.tesco.com/groceries/en-GB/products/291512894,1687616820.406145,"['£1.50', '£27.27/kg']",1.5,£27.27/kg
14763,Domestos Power 5 Pink Rim Block 55G,https://www.tesco.com/groceries/en-GB/products/299426701,1687616820.499368,"['£1.50', '£27.27/kg']",1.5,£27.27/kg
14764,Domestos Power Fresh Toilet Gel Floral Fresh 750Ml,https://www.tesco.com/groceries/en-GB/products/313941162,1687616820.5894778,"['£1.80', '£2.40/litre']",1.8,£2.40/litre
14765,Kleenex Ultra Soft Tissues 48 Sheets,https://www.tesco.com/groceries/en-GB/products/309472843,1687616820.660259,"['£2.25', '£4.69/100sht']",2.25,£4.69/100sht
14766,Domestos Power Fresh Toilet Gel Lime Fresh 750Ml,https://www.tesco.com/groceries/en-GB/products/314095815,1687616820.757362,"['£1.80', '£2.40/litre']",1.8,£2.40/litre
14767,Tesco Fabric Conditioner Lavender Dreams 1.26L 42Washes,https://www.tesco.com/groceries/en-GB/products/297472850,1687616820.829261,"['£1.39', '£1.10/litre']",1.39,£1.10/litre
14768,Kleenex Ultra Soft Extra Large Facial Tissues 40 Sheets,https://www.tesco.com/groceries/en-GB/products/312236555,1687616820.899913,"['£2.25', '£5.62/100sht']",2.25,£5.62/100sht
14770,Lenor Fabric Conditioner Spring Awakening 33 Washes 1.155L,https://www.tesco.com/groceries/en-GB/products/311270031,1687616821.055773,"['£2.25', '£1.95/litre']",2.25,£1.95/litre
14771,Tesco Cotton Fresh All Purpose Cleaner Cleaner 1 Litre,https://www.tesco.com/groceries/en-GB/products/285021487,1687616821.1248362,"['£1.05', '£1.05/litre']",1.05,£1.05/litre
14772,Tesco Daily Shower Cleaning Spray 750Ml,https://www.tesco.com/groceries/en-GB/products/304795048,1687616821.196119,"['£0.85', '£1.13/litre']",0.85,£1.13/litre
14773,Tesco Antibacterial Lime & Lemongrass Washing Up Liquid 500Ml,https://www.tesco.com/groceries/en-GB/products/311951717,1687616821.264162,"['£0.79', '£1.58/litre']",0.79,£1.58/litre
14774,Persil Colour Protect Liquid Detergent 53 Washes 1431Ml,https://www.tesco.com/groceries/en-GB/products/311259443,1687616821.435634,"['£9.00', '£6.29/litre']",9.0,£6.29/litre
14775,Bacofoil Non Stick Foil 20M,https://www.tesco.com/groceries/en-GB/products/285099538,1687616821.5036008,"['£5.50', '£0.28/metre']",5.5,£0.28/metre
14776,Tesco Flat Top Compostable Caddy Liners 10 Pack 25L,https://www.tesco.com/groceries/en-GB/products/295025560,1687616821.595838,"['£3.25', '£0.32/each']",3.25,£0.32/each
14777,Tesco 20 Extra Strong Refuse Sacks 100L,https://www.tesco.com/groceries/en-GB/products/305970029,1687616821.664012,"['£4.00', '£0.20/each']",4.0,£0.20/each
14778,Tesco 20 Drawstring Clear Recycling Bin Bags 70L,https://www.tesco.com/groceries/en-GB/products/294937409,1687616821.732998,"['£3.00', '£0.15/each']",3.0,£0.15/each
14779,Marigold Extra Life Gloves Kitchen Medium,https://www.tesco.com/groceries/en-GB/products/250360288,1687616821.8057501,"['£2.70', '£2.70/Pair']",2.7,£2.70/Pair
14780,Tesco Tropical Sunshine Bio. Powder 2.6Kg,https://www.tesco.com/groceries/en-GB/products/305955289,1687616821.8723772,"['£4.75', '£1.83/kg']",4.75,£1.83/kg
14782,Dylon Colour Catcher Laundry Sheets 60 Pack,https://www.tesco.com/groceries/en-GB/products/309209349,1687616822.007041,"['£4.50', '£7.50/100sht']",4.5,£7.50/100sht
14783,Tesco Tie Top Garden Sacks 10 Pack (80L),https://www.tesco.com/groceries/en-GB/products/294937467,1687616826.474093,"['£2.40', '£0.24/each']",2.4,£0.24/each
14784,Method Antibacterial All Purpose Cleaner Spray Wild Rhubarb 828Ml,https://www.tesco.com/groceries/en-GB/products/295342420,1687616826.5570939,"['£4.00', '£4.83/litre']",4.0,£4.83/litre
14785,Tesco Antibacterial Laundry Cleanser 1.52L,https://www.tesco.com/groceries/en-GB/products/312705939,1687616826.706858,"['£3.00', '£1.97/litre']",3.0,£1.97/litre
14786,Comfort Ultimate Care Fresh Sky Fabric Conditioner 58W 870Ml,https://www.tesco.com/groceries/en-GB/products/307737649,1687616826.781784,"['£5.00', '£5.75/litre']",5.0,£5.75/litre
14787,Mr Muscle Sink & Plug Drain Gel 500Ml,https://www.tesco.com/groceries/en-GB/products/251590774,1687616826.8698611,"['£3.90', '£7.80/litre']",3.9,£7.80/litre
14788,Dettol Power & Pure Bathroom Spray 1L,https://www.tesco.com/groceries/en-GB/products/302808263,1687616826.9446661,"['£3.25', '£3.25/litre']",3.25,£3.25/litre
14789,Dettol Power & Pure Kitchen Spray 1L,https://www.tesco.com/groceries/en-GB/products/302808286,1687616827.1538858,"['£3.25', '£3.25/litre']",3.25,£3.25/litre
14790,Tesco Antibacterial Multi Surface 120 Wipes Apple,https://www.tesco.com/groceries/en-GB/products/311667737,1687616827.222864,"['£2.50', '£2.08/100sht']",2.5,£2.08/100sht
14791,Tesco Zip Seal Food & Freezer Bags 25S,https://www.tesco.com/groceries/en-GB/products/263886049,1687616827.30038,"['£1.85', '£0.07/each']",1.85,£0.07/each
14792,Tesco Eco Kitchen Towel 2 Rolls,https://www.tesco.com/groceries/en-GB/products/305968632,1687616827.3719318,"['£2.50', '£1.25/100sht']",2.5,£1.25/100sht
14793,Fairy Outdoorable Fabric Conditioner 55 Washes 770Ml,https://www.tesco.com/groceries/en-GB/products/311940886,1687616827.440802,"['£4.80', '£6.23/litre']",4.8,£6.23/litre
14794,Lenor Outdoorable Fabric Conditioner Northern Solstice 770Ml,https://www.tesco.com/groceries/en-GB/products/312102558,1687616827.5081952,"['£4.80', '£6.23/litre']",4.8,£6.23/litre
14795,Tesco Click Seal Food Storage Bags Small 25'S,https://www.tesco.com/groceries/en-GB/products/252366405,1687616827.57663,"['£1.60', '£0.06/each']",1.6,£0.06/each
14796,Tesco All Purpose Cloths 25 Pack,https://www.tesco.com/groceries/en-GB/products/255284917,1687616827.6436942,"['£2.50', '£0.10/each']",2.5,£0.10/each
14797,Dettol Antiseptic Disinfectant Liquid 750 Ml,https://www.tesco.com/groceries/en-GB/products/255280109,1687616827.713897,"['£3.85', '£5.13/litre']",3.85,£5.13/litre
14798,Dr Beckmann Carpet Cleaner Brush 650Ml,https://www.tesco.com/groceries/en-GB/products/289448120,1687616827.7810931,"['£2.99', '£4.60/litre']",2.99,£4.60/litre
14799,Ecover Washing Up Liquid Chamomile Clementine 950Ml,https://www.tesco.com/groceries/en-GB/products/299155664,1687616827.853083,"['£3.50', '£3.68/litre']",3.5,£3.68/litre
14800,Tesco Fabric Conditioner Gold Topaz 1.26L 42 Washes,https://www.tesco.com/groceries/en-GB/products/297472873,1687616827.918803,"['£2.15', '£1.71/litre']",2.15,£1.71/litre
14801,Lenor Outdoorable Summer Breeze Fabric Conditioner 55W 770Ml,https://www.tesco.com/groceries/en-GB/products/312562099,1687616827.982927,"['£3.50', '£4.54/litre']",3.5,£4.54/litre
14802,Lenor Fabric Conditioner Gold Orchid 48 Washes 1.68 Litre,https://www.tesco.com/groceries/en-GB/products/312831567,1687616828.081123,"['£3.50', '£2.08/litre']",3.5,£2.08/litre
14803,Fairy Outdoorable Fabric Softner 76 Washes 1.064L,https://www.tesco.com/groceries/en-GB/products/313857740,1687616828.174784,"['£4.75', '£4.46/litre']",4.75,£4.46/litre
14804,Lenor Outdoorable Fabric Conditioner Desert Rose 55W 770Ml,https://www.tesco.com/groceries/en-GB/products/313947927,1687616828.259813,"['£4.00', '£5.20/litre']",4.0,£5.20/litre
14805,Cif Multipurpose Orange & Lemongrass 750ml,https://www.tesco.com/groceries/en-GB/products/314411477,1687616828.350261,"['£2.00', '£0.27/100ml']",2.0,£0.27/100ml
14806,Cif Multipurpose Spray Lavender & Blue Fern 750ml,https://www.tesco.com/groceries/en-GB/products/314309046,1687616828.416668,"['£2.00', '£0.27/100ml']",2.0,£0.27/100ml
14807,Lenor Fabric Conditioner Spring Awakening 2.905L,https://www.tesco.com/groceries/en-GB/products/293687153,1687616828.487572,"['£4.75', '£1.64/litre']",4.75,£1.64/litre
14808,Surf Concentrated Disinfectant Coconut Bliss 240Ml,https://www.tesco.com/groceries/en-GB/products/312715144,1687616828.555362,"['£2.50', '£10.42/litre']",2.5,£10.42/litre
14809,Lenor Fabric Conditioner Pink Tulips 50 Washes 1.75L,https://www.tesco.com/groceries/en-GB/products/314304339,1687616828.621484,"['£3.50', '£2.00/litre']",3.5,£2.00/litre
14810,Lenor In-Wash Scent Booster Desert Rose 176G,https://www.tesco.com/groceries/en-GB/products/313614826,1687616828.691413,"['£3.50', '£19.89/kg']",3.5,£19.89/kg
14811,Bloo Power Activ Flowers Rim Block 2X50g,https://www.tesco.com/groceries/en-GB/products/299160559,1687616828.810648,"['£2.50', '£25.00/kg']",2.5,£25.00/kg
14812,Tesco Sponge Wipes Pack Of 4,https://www.tesco.com/groceries/en-GB/products/255308958,1687616828.901991,"['£1.30', '£0.32/each']",1.3,£0.32/each
14813,Bloo Acticlean Cistern Block Citrus Twinpack,https://www.tesco.com/groceries/en-GB/products/257943112,1687616828.976784,"['£1.60', '£21.05/kg']",1.6,£21.05/kg
14814,Tesco Window & Glass Cleaning Spray 750Ml,https://www.tesco.com/groceries/en-GB/products/304791830,1687616829.044914,"['£0.85', '£1.13/litre']",0.85,£1.13/litre
14815,Lenor Outdoorable Fabric Conditioner Moonlight Lily 76W 1.064L,https://www.tesco.com/groceries/en-GB/products/313739696,1687616829.113318,"['£4.75', '£4.46/litre']",4.75,£4.46/litre
14816,Tesco Biological Liquid Detergent Super Concentrated 1.8L 60W,https://www.tesco.com/groceries/en-GB/products/305971915,1687616829.202794,"['£3.42', '£1.90/litre']",3.42,£1.90/litre
14817,Springforce All Purpose Cloths 10 Pack,https://www.tesco.com/groceries/en-GB/products/301884380,1687616829.274843,"['£0.50', '£0.05/each']",0.5,£0.05/each
14818,Glade Shake & Vacuum Citrus 500G,https://www.tesco.com/groceries/en-GB/products/266594292,1687616829.3617222,"['£1.00', '£2.00/kg']",1.0,£2.00/kg
14819,Persil 3 In 1 Biological Washing Capsules 50 Wash 1.350Kg,https://www.tesco.com/groceries/en-GB/products/309493340,1687616829.439185,"['£12.00', '£8.89/kg']",12.0,£8.89/kg
14820,Ecover Concentrated Non Bio. Liquid 1.5Ltr 42 Wash,https://www.tesco.com/groceries/en-GB/products/271573592,1687616829.531879,"['£10.00', '£6.67/litre']",10.0,£6.67/litre
14821,Persil Biological Laundry Detergent Liquid 53W 1431Ml,https://www.tesco.com/groceries/en-GB/products/311268864,1687616829.5981948,"['£9.00', '£6.29/litre']",9.0,£6.29/litre
14822,Persil Non Biological Washing Powder 60 Wash 3Kg,https://www.tesco.com/groceries/en-GB/products/307754876,1687616829.775564,"['£10.50', '£3.50/kg']",10.5,£3.50/kg
14823,Zip 100% Natural Twisted Firestarters X16,https://www.tesco.com/groceries/en-GB/products/305530925,1687616829.8445451,"['£3.90', '£0.24/each']",3.9,£0.24/each
14824,Calgon 3 In 1 Limescale Protection Tablets 15 Washes,https://www.tesco.com/groceries/en-GB/products/261697224,1687616829.913358,"['£6.00', '£0.40/each']",6.0,£0.40/each
14825,Beast Super Strong 50L Drawstring Bin Bags 10 Pack,https://www.tesco.com/groceries/en-GB/products/308478562,1687616829.981977,"['£3.50', '£0.35/each']",3.5,£0.35/each
14826,Calgon 3 In 1 Limescale Protection Gel 750 Ml,https://www.tesco.com/groceries/en-GB/products/252398131,1687616830.051577,"['£7.00', '£9.33/litre']",7.0,£9.33/litre
14827,Hero 40 Tie Handle Waste Basket Liner 15L,https://www.tesco.com/groceries/en-GB/products/306503438,1687616830.124733,"['£2.50', '£0.06/each']",2.5,£0.06/each
14828,Lenor Unstoppables In-Wash Scent Booster Fresh 320G,https://www.tesco.com/groceries/en-GB/products/312357481,1687616830.196466,"['£6.75', '£21.09/kg']",6.75,£21.09/kg
14829,Persil Non Biological Liquid Detergent 38 Washes 1026Ml,https://www.tesco.com/groceries/en-GB/products/306495826,1687616830.264781,"['£7.00', '£6.82/litre']",7.0,£6.82/litre
14830,Dr Beckmann Service-It Deep Clean 250G,https://www.tesco.com/groceries/en-GB/products/271531331,1687616830.331569,"['£3.00', '£12.00/kg']",3.0,£12.00/kg
14831,Flash Speed Mop Refill Mrs Hinch Garden 24 Pads,https://www.tesco.com/groceries/en-GB/products/314320688,1687616835.9836118,"['£7.00', '£0.29/each']",7.0,£0.29/each
14832,Comfort Perfume Heavenly Nectar Fabric Conditioner 58W 870Ml,https://www.tesco.com/groceries/en-GB/products/299196148,1687616836.1915479,"['£5.00', '£5.75/litre']",5.0,£5.75/litre
14833,Comfort Creations Fabric Conditioner Apple Blossom 48Washes 1440Ml,https://www.tesco.com/groceries/en-GB/products/314315879,1687616836.2646809,"['£3.75', '£2.60/litre']",3.75,£2.60/litre
14834,Tesco Dishwasher Cleaner 250Ml,https://www.tesco.com/groceries/en-GB/products/312094088,1687616836.3603141,"['£2.50', '£10.00/litre']",2.5,£10.00/litre
14835,Lenor Unstoppables Scent Booster Fresh Sensations 320G,https://www.tesco.com/groceries/en-GB/products/314103623,1687616836.43059,"['£6.75', '£21.09/kg']",6.75,£21.09/kg
14836,Tesco Extra Wear Gloves Medium,https://www.tesco.com/groceries/en-GB/products/276341974,1687616836.5019252,"['£2.00', '£2.00/Pair']",2.0,£2.00/Pair
14837,Cillit Bang Power Cleaner Black Mould Remover Spray 750 Ml,https://www.tesco.com/groceries/en-GB/products/281815758,1687616836.577848,"['£4.00', '£5.33/litre']",4.0,£5.33/litre
14838,Comfort Creations Strawberry & Lilly Fabric Conditioner 1440Ml,https://www.tesco.com/groceries/en-GB/products/313958436,1687616836.648472,"['£3.75', '£2.60/litre']",3.75,£2.60/litre
14839,Comfort Creations Passion Bloom Fabric Conditioner 1440Ml,https://www.tesco.com/groceries/en-GB/products/313966271,1687616836.761312,"['£3.75', '£2.60/litre']",3.75,£2.60/litre
14840,Dettol Antibacterial Mould & Mildew Remover Spray 750Ml,https://www.tesco.com/groceries/en-GB/products/264514881,1687616836.85544,"['£3.50', '£4.67/litre']",3.5,£4.67/litre
14841,Comfort Creations Cherry Blossom Fabric Conditioner 1440Ml,https://www.tesco.com/groceries/en-GB/products/314118174,1687616836.935669,"['£3.75', '£2.60/litre']",3.75,£2.60/litre
14842,Comfort Blue Skies Fabric Conditioner 83 Washes 2490Ml,https://www.tesco.com/groceries/en-GB/products/314095867,1687616837.032064,"['£5.50', '£2.21/litre']",5.5,£2.21/litre
14843,Comfort Fabric Conditioner Pure Sensitive Skin 83Washes 2490Ml,https://www.tesco.com/groceries/en-GB/products/314115540,1687616837.113722,"['£5.50', '£2.21/litre']",5.5,£2.21/litre
14844,Tesco Round Dish Brush Platinum,https://www.tesco.com/groceries/en-GB/products/261811770,1687616837.256448,"['£1.50', '£1.50/each']",1.5,£1.50/each
14845,Spontex Tough Scourers 4 Pack,https://www.tesco.com/groceries/en-GB/products/263403403,1687616837.5216992,"['£1.95', '£0.49/each']",1.95,£0.49/each
14846,Persil Non Biological 3In1 Washing Detergent Capsules 15W 316.5G,https://www.tesco.com/groceries/en-GB/products/314323921,1687616837.595755,"['£5.00', '£15.80/kg']",5.0,£15.80/kg
14847,Tesco 4 Large Cleaning Cloths,https://www.tesco.com/groceries/en-GB/products/294937346,1687616837.687308,"['£1.60', '£0.40/each']",1.6,£0.40/each
14848,Oven Pride Cleaning System 500Ml,https://www.tesco.com/groceries/en-GB/products/253841037,1687616837.75482,"['£4.00', '£8.00/litre']",4.0,£8.00/litre
14849,Tesco Fabric Conditioner Black Pearl 1.26L 42 Washes,https://www.tesco.com/groceries/en-GB/products/297472896,1687616837.822672,"['£2.15', '£1.71/litre']",2.15,£1.71/litre
14850,Neat Shower Cleaner Refill Fig & Voilet 30Ml,https://www.tesco.com/groceries/en-GB/products/313505077,1687616837.893259,"['£2.50', '£2.50/each']",2.5,£2.50/each
14851,Comfort Sunshiny Days Fabric Conditioner 83 Washes 2490Ml,https://www.tesco.com/groceries/en-GB/products/313965637,1687616837.9632661,"['£5.50', '£2.21/litre']",5.5,£2.21/litre
14852,Comfort Creations Honeysuckle Fabric Conditioner 1440Ml,https://www.tesco.com/groceries/en-GB/products/313963533,1687616838.02996,"['£3.75', '£2.60/litre']",3.75,£2.60/litre
14853,Comfort Creations Waterlily & Lime Fabric Conditioner 1440Ml,https://www.tesco.com/groceries/en-GB/products/313756577,1687616838.123304,"['£3.75', '£2.60/litre']",3.75,£2.60/litre
14854,Tesco Non Bio. Washing Powder 25 Washes 1.625Kg,https://www.tesco.com/groceries/en-GB/products/306495475,1687616838.2215009,"['£2.75', '£1.72/kg']",2.75,£1.72/kg
14855,Regina XXL Absorb Kitchen Towel 1 Roll,https://www.tesco.com/groceries/en-GB/products/311212337,1687616838.292585,"['£2.60', '£2.60/100sht']",2.6,£2.60/100sht
14857,Dettol Antibacterial Surface Cleanser Lime Mint Spray 750Ml,https://www.tesco.com/groceries/en-GB/products/272046074,1687616838.466744,"['£2.00', '£2.67/litre']",2.0,£2.67/litre
14858,Andrex Ultra Care Flushable Washlet 36 Wipes,https://www.tesco.com/groceries/en-GB/products/304393126,1687616838.534821,"['£1.75', '£4.86/100sht']",1.75,£4.86/100sht
14859,Tesco Antibacterial Lemon Floor 15 Wipes,https://www.tesco.com/groceries/en-GB/products/302429227,1687616838.602593,"['£1.00', '£6.67/100sht']",1.0,£6.67/100sht
14860,Andrex Pure Care Washlets Toilet Tissue 36 Sheets,https://www.tesco.com/groceries/en-GB/products/309759015,1687616838.670239,"['£1.75', '£4.86/100sht']",1.75,£4.86/100sht
14861,Tesco Cream Cleaner Citrus 500Ml,https://www.tesco.com/groceries/en-GB/products/255281212,1687616838.763572,"['£0.90', '£1.80/litre']",0.9,£1.80/litre
14862,Tesco Lavender Dreams Biological Liquid Detergent Super Concentrated 900Ml,https://www.tesco.com/groceries/en-GB/products/308102512,1687616838.836357,"['£2.10', '£2.33/litre']",2.1,£2.33/litre
14863,Tesco All Purpose Cleaner Citrus 1 Litre,https://www.tesco.com/groceries/en-GB/products/253259214,1687616838.911805,"['£1.05', '£1.05/litre']",1.05,£1.05/litre
14864,Tesco Limescale Prevention Gel 1 Litre,https://www.tesco.com/groceries/en-GB/products/274598978,1687616838.9792168,"['£4.40', '£4.40/litre']",4.4,£4.40/litre
14865,Bacofoil Non Stick Roasting Foil 450Mm X 5M,https://www.tesco.com/groceries/en-GB/products/263942916,1687616839.0483341,"['£4.20', '£0.84/metre']",4.2,£0.84/metre
14866,Tesco Silk & Delicates Handwash 750Ml,https://www.tesco.com/groceries/en-GB/products/267708993,1687616839.220833,"['£3.70', '£4.93/litre']",3.7,£4.93/litre
14867,Tesco 2 Small Foil Roasting Trays,https://www.tesco.com/groceries/en-GB/products/311941847,1687616839.290964,"['£2.90', '£1.45/each']",2.9,£1.45/each
14869,Marigold Extra Life Gloves Kitchen Large,https://www.tesco.com/groceries/en-GB/products/250360501,1687616839.432448,"['£2.70', '£2.70/Pair']",2.7,£2.70/Pair
14870,Method Kitchen Cleaning Spray Clementine 828Ml,https://www.tesco.com/groceries/en-GB/products/274348440,1687616839.507355,"['£4.00', '£4.83/litre']",4.0,£4.83/litre
14871,Tesco Oven Foil Medium Trays With Lids 3 Pack,https://www.tesco.com/groceries/en-GB/products/274545108,1687616839.574732,"['£2.30', '£0.77/each']",2.3,£0.77/each
14872,Tesco Oven Foil Small Trays With Lids 6 Pack,https://www.tesco.com/groceries/en-GB/products/274545068,1687616839.643722,"['£2.10', '£0.35/each']",2.1,£0.35/each
14873,Comfort Pure Ultra Concentrated Fabric Conditioner 58 Wash 870Ml,https://www.tesco.com/groceries/en-GB/products/307759807,1687616839.713928,"['£5.00', '£5.75/litre']",5.0,£5.75/litre
14874,Regina Xxl Absorb 2 Roll Kitchen Towel,https://www.tesco.com/groceries/en-GB/products/311207459,1687616839.781049,"['£4.50', '£3.00/100sht']",4.5,£3.00/100sht
14875,Surf Deep Sea/Min Liquid Detergent 24 Washes 648Ml,https://www.tesco.com/groceries/en-GB/products/309184090,1687616839.855104,"['£3.50', '£5.40/litre']",3.5,£5.40/litre
14876,Tesco Fragrance Booster Blue Sapphire In-Wash 275G,https://www.tesco.com/groceries/en-GB/products/295098547,1687616839.9395158,"['£3.00', '£10.91/kg']",3.0,£10.91/kg
14877,Spontex Easy Sponge Scourers 2 Pack,https://www.tesco.com/groceries/en-GB/products/251904036,1687616840.013032,"['£1.60', '£0.80/each']",1.6,£0.80/each
14878,Tesco Dish Cloth 4 Pack,https://www.tesco.com/groceries/en-GB/products/255309153,1687616840.091943,"['£1.60', '£0.40/each']",1.6,£0.40/each
14879,Febreze Aerosol 300Ml Cotton Fresh,https://www.tesco.com/groceries/en-GB/products/262481306,1687616844.882285,"['£2.50', '£8.33/litre']",2.5,£8.33/litre
14880,Febreze Bathroom Air Freshener Blossom & Breeze 7.5Ml,https://www.tesco.com/groceries/en-GB/products/307934519,1687616844.970221,"['£2.50', '£333.33/litre']",2.5,£333.33/litre
14881,Dettol Big & Strong Bathroom Wipes 25S,https://www.tesco.com/groceries/en-GB/products/299258928,1687616845.1146739,"['£3.00', '£12.00/100sht']",3.0,£12.00/100sht
14882,Febreze Bathroom Air Freshener Cotton Fresh 7.5Ml,https://www.tesco.com/groceries/en-GB/products/307959398,1687616845.233388,"['£2.50', '£333.33/litre']",2.5,£333.33/litre
14883,Daz Washing Powder Whites & Colours 40 Washes 2.6Kg,https://www.tesco.com/groceries/en-GB/products/312706408,1687616845.322609,"['£5.75', '£2.21/kg']",5.75,£2.21/kg
14884,Dettol Antibacterial All In One Disinfectant Spray Crisp 500Ml,https://www.tesco.com/groceries/en-GB/products/309167646,1687616845.4031382,"['£2.99', '£5.98/litre']",2.99,£5.98/litre
14885,Tesco Non Bio. Laundry Gel 720Ml,https://www.tesco.com/groceries/en-GB/products/306498719,1687616845.494377,"['£2.85', '£3.96/litre']",2.85,£3.96/litre
14886,Harpic Power Plus Toilet Cleaner 750Ml,https://www.tesco.com/groceries/en-GB/products/261187154,1687616845.6311731,"['£1.75', '£2.33/litre']",1.75,£2.33/litre
14887,Tesco Sponge Cloths 4 Pack,https://www.tesco.com/groceries/en-GB/products/260332445,1687616845.708849,"['£1.50', '£0.38/each']",1.5,£0.38/each
14888,Febreze Fabric Refresher Cotton 375 Ml,https://www.tesco.com/groceries/en-GB/products/291590068,1687616845.777384,"['£2.50', '£6.67/litre']",2.5,£6.67/litre
14889,Ecover Toilet Cleaner 750Ml,https://www.tesco.com/groceries/en-GB/products/253545336,1687616845.850323,"['£2.00', '£2.67/litre']",2.0,£2.67/litre
14890,Zoflora Spray Linen Fresh Disinfectant 800Ml,https://www.tesco.com/groceries/en-GB/products/313181755,1687616845.919523,"['£2.50', '£0.31/100ml']",2.5,£0.31/100ml
14891,Mr Muscle Kitchen Gel Drain Unblocker 500Ml,https://www.tesco.com/groceries/en-GB/products/314107135,1687616845.992175,"['£2.75', '£5.50/litre']",2.75,£5.50/litre
14892,Zoflora Spray Midnight Blooms Disinfectant 800Ml,https://www.tesco.com/groceries/en-GB/products/312989737,1687616846.063067,"['£2.50', '£0.31/100ml']",2.5,£0.31/100ml
14893,Zoflora Spray Mountain Air Disinfectant 800Ml,https://www.tesco.com/groceries/en-GB/products/312568640,1687616846.137513,"['£2.50', '£0.31/100ml']",2.5,£0.31/100ml
14894,Spontex Brilliant Scourer,https://www.tesco.com/groceries/en-GB/products/250289776,1687616846.2080052,"['£1.25', '£1.25/each']",1.25,£1.25/each
14895,Surf Passion Bloom Concentrated Disinfectant 240Ml,https://www.tesco.com/groceries/en-GB/products/313511896,1687616846.287404,"['£2.50', '£10.42/litre']",2.5,£10.42/litre
14896,Surf Tropical Lily Concentrated Disinfectant Liquid 240Ml,https://www.tesco.com/groceries/en-GB/products/313522785,1687616846.357234,"['£2.50', '£10.42/litre']",2.5,£10.42/litre
14897,Flash Spray Wipe Hinched Antibacterial Wild Berries 800Ml,https://www.tesco.com/groceries/en-GB/products/313519677,1687616846.426411,"['£2.50', '£3.12/litre']",2.5,£3.12/litre
14898,Tesco Super Absorbent Cloths 3 Pack,https://www.tesco.com/groceries/en-GB/products/257552753,1687616846.495649,"['£1.15', '£0.38/each']",1.15,£0.38/each
14899,Flash All Purpose Liquid Floor Cleaner Traditional Bicarbonate Of Soda1l,https://www.tesco.com/groceries/en-GB/products/309201658,1687616846.563475,"['£2.00', '£2.00/litre']",2.0,£2.00/litre
14900,Zoflora Lemon Zing Disinfectant 120Ml,https://www.tesco.com/groceries/en-GB/products/311432367,1687616846.6318872,"['£1.75', '£14.58/litre']",1.75,£14.58/litre
14901,Zoflora Midnight Blooms Concentrated Disinfectant 120Ml,https://www.tesco.com/groceries/en-GB/products/311798046,1687616846.7078888,"['£1.75', '£14.58/litre']",1.75,£14.58/litre
14902,Tesco Sponge Pan Cleaners 6 Pack,https://www.tesco.com/groceries/en-GB/products/255004179,1687616846.779805,"['£0.99', '£0.16/each']",0.99,£0.16/each
14903,Fairy Fresh In-Wash Scent Booster 176G,https://www.tesco.com/groceries/en-GB/products/312717764,1687616846.849717,"['£3.00', '£17.04/kg']",3.0,£17.04/kg
14904,Surcare Washing Up Liquid 450Ml,https://www.tesco.com/groceries/en-GB/products/264760087,1687616846.924031,"['£1.35', '£3.00/litre']",1.35,£3.00/litre
14905,Kleenex Tissues Collection 6 Pocket Packs,https://www.tesco.com/groceries/en-GB/products/305038938,1687616846.995029,"['£1.00', '£1.85/100sht']",1.0,£1.85/100sht
14906,Tesco Colour Biological Liquid Detergent Super Concentrated 900Ml,https://www.tesco.com/groceries/en-GB/products/308094445,1687616847.063426,"['£2.10', '£2.33/litre']",2.1,£2.33/litre
14907,Persil Biological Liquid Detergent 72 Washes 1944Ml,https://www.tesco.com/groceries/en-GB/products/309742173,1687616847.167427,"['£11.50', '£5.92/litre']",11.5,£5.92/litre
14908,Dettol Antibacterial Laundry Cleanser Sensitive 2.5Ltr,https://www.tesco.com/groceries/en-GB/products/307351212,1687616847.2574809,"['£7.50', '£3.00/litre']",7.5,£3.00/litre
14909,Zip 16 Fast & Clean Wrapped Firelighters,https://www.tesco.com/groceries/en-GB/products/278902803,1687616847.323953,"['£4.10', '£0.26/each']",4.1,£0.26/each
14910,Tesco Click & Seal Resealable Snack Bags 50 Pack,https://www.tesco.com/groceries/en-GB/products/297040365,1687616847.3920078,"['£3.30', '£0.07/each']",3.3,£0.07/each
14911,Cricket Firepower Utility Lighter,https://www.tesco.com/groceries/en-GB/products/256892622,1687616847.461238,"['£3.30', '£3.30/each']",3.3,£3.30/each
14912,Mr Muscle Drain Foamer 500Ml,https://www.tesco.com/groceries/en-GB/products/256043326,1687616847.529439,"['£4.00', '£8.00/litre']",4.0,£8.00/litre
14913,Zoflora Linen Fresh Concentrated Disinfectant 500Ml,https://www.tesco.com/groceries/en-GB/products/309194636,1687616847.601197,"['£5.00', '£10.00/litre']",5.0,£10.00/litre
14914,Vanish Gold Oxi Advance Stain Remover Powder 470G,https://www.tesco.com/groceries/en-GB/products/280608049,1687616847.669112,"['£4.75', '£10.11/kg']",4.75,£10.11/kg
14915,Vanish Gold Oxi Stain Remover White Powder 470G,https://www.tesco.com/groceries/en-GB/products/286082775,1687616847.736825,"['£4.75', '£10.11/kg']",4.75,£10.11/kg
14916,Poppell Electronic Lighters 3 Pack,https://www.tesco.com/groceries/en-GB/products/279059590,1687616847.8052711,"['£2.10', '£0.70/each']",2.1,£0.70/each
14917,Comfort Perfume Coco Fantasy Fabric Conditioner 58W 870Ml,https://www.tesco.com/groceries/en-GB/products/305727912,1687616847.8738801,"['£5.00', '£5.75/litre']",5.0,£5.75/litre
14918,Tesco Limescale Prevention Tabs 600G (40X15g),https://www.tesco.com/groceries/en-GB/products/312721390,1687616847.940786,"['£3.80', '£0.63/100g']",3.8,£0.63/100g
14919,Tesco Colour Bio. Detergent Powder 2.6Kg,https://www.tesco.com/groceries/en-GB/products/305946899,1687616848.017132,"['£4.75', '£1.83/kg']",4.75,£1.83/kg
14920,Zip The Firelog 700G,https://www.tesco.com/groceries/en-GB/products/299355047,1687616848.186191,"['£2.30', '£3.29/kg']",2.3,£3.29/kg
14921,Dr Beckmann Colour & Dirt Collector 30Pk,https://www.tesco.com/groceries/en-GB/products/266806890,1687616848.254278,"['£2.50', '£8.33/100sht']",2.5,£8.33/100sht
14922,Tesco Oxi Powder Whites 1Kg,https://www.tesco.com/groceries/en-GB/products/277587744,1687616848.320488,"['£2.95', '£2.95/kg']",2.95,£2.95/kg
14923,Surf Tropical Lily Ylang Ylang Washing Powder 39Wsh 1950G,https://www.tesco.com/groceries/en-GB/products/307742061,1687616848.389175,"['£5.20', '£2.67/kg']",5.2,£2.67/kg
14924,Dr Beckmann Original Glowhite Whitener 5X40g,https://www.tesco.com/groceries/en-GB/products/259053920,1687616848.4568572,"['£2.00', '£10.00/kg']",2.0,£10.00/kg
14925,Lenor Outdoorable Moonlight Lily Fabric Conditioner 770Ml,https://www.tesco.com/groceries/en-GB/products/312084428,1687616848.52492,"['£4.80', '£6.23/litre']",4.8,£6.23/litre
14926,Duck Fresh Brush Refill 12 Pack,https://www.tesco.com/groceries/en-GB/products/257789127,1687616848.602436,"['£3.15', '£0.26/each']",3.15,£0.26/each
14927,Febreze Ambi Pur 3Volution Cotton Fresh Refill 20Ml,https://www.tesco.com/groceries/en-GB/products/276631821,1687616853.49875,"['£4.00', '£200.00/litre']",4.0,£200.00/litre
14928,Tesco Oxy Powder Colours 1Kg,https://www.tesco.com/groceries/en-GB/products/277587727,1687616853.6199412,"['£2.95', '£2.95/kg']",2.95,£2.95/kg
14929,Bold Washing Gel Pink Tulips & W/Jsmne 27 Washes 945Ml,https://www.tesco.com/groceries/en-GB/products/314306907,1687616853.6992488,"['£5.00', '£5.29/litre']",5.0,£5.29/litre
14930,Dettol Washing Machine Cleaner Lemon 250Ml,https://www.tesco.com/groceries/en-GB/products/295098680,1687616853.786599,"['£3.50', '£14.00/litre']",3.5,£14.00/litre
14931,Mr.Muscle Oven Cleaner 300Ml,https://www.tesco.com/groceries/en-GB/products/250044755,1687616853.863719,"['£3.90', '£13.00/litre']",3.9,£13.00/litre
14932,Duck Fresh Disc Holder Marine,https://www.tesco.com/groceries/en-GB/products/299160254,1687616853.9521122,"['£3.00', '£83.33/litre']",3.0,£83.33/litre
14933,Dettol Multi Purpose Citrus Wipes 70S,https://www.tesco.com/groceries/en-GB/products/304378928,1687616854.096072,"['£3.00', '£4.29/100sht']",3.0,£4.29/100sht
14934,Febreze Lenor Spring Awakening Air Freshener 300 Ml,https://www.tesco.com/groceries/en-GB/products/298866953,1687616854.1718998,"['£2.50', '£8.33/litre']",2.5,£8.33/litre
14935,Febreze Aerosol 300Ml Blossom & Breeze,https://www.tesco.com/groceries/en-GB/products/262481397,1687616854.247375,"['£2.50', '£8.33/litre']",2.5,£8.33/litre
14936,Bloo Fragrance Switch Lily & Apple Rim Block 50G,https://www.tesco.com/groceries/en-GB/products/302820564,1687616854.3178391,"['£2.50', '£50.00/kg']",2.5,£50.00/kg
14937,Lenor Fabric Conditioner Ruby Jasmine 48 Washes 1.68 Litre,https://www.tesco.com/groceries/en-GB/products/312708268,1687616854.3882298,"['£3.50', '£2.08/litre']",3.5,£2.08/litre
14938,Lenor Fabric Conditioner Exotic Bloom 48 Washes 1.68 Litre,https://www.tesco.com/groceries/en-GB/products/312856593,1687616854.478553,"['£3.50', '£2.08/litre']",3.5,£2.08/litre
14939,Tesco Active Toilet Cistern Block 3X45g,https://www.tesco.com/groceries/en-GB/products/311691402,1687616854.570341,"['£1.50', '£1.11/100g']",1.5,£1.11/100g
14940,Febreze Fabric Refresher Blossom Breeze 375Ml,https://www.tesco.com/groceries/en-GB/products/295496813,1687616854.6520908,"['£2.50', '£6.67/litre']",2.5,£6.67/litre
14941,Mr Muscle Platinum Shower Shine 500Ml,https://www.tesco.com/groceries/en-GB/products/314105771,1687616854.7209752,"['£1.89', '£3.78/litre']",1.89,£3.78/litre
14942,Mr Muscle Platinum Bath Mandarin Orange 500G,https://www.tesco.com/groceries/en-GB/products/313857256,1687616854.792329,"['£1.89', '£3.78/litre']",1.89,£3.78/litre
14943,Cilit Bang Naturally Powerful Limescale 100% Remover 750Ml,https://www.tesco.com/groceries/en-GB/products/312086835,1687616854.862273,"['£2.00', '£2.67/litre']",2.0,£2.67/litre
14944,Tesco Limescale Remove Trigger 500Ml,https://www.tesco.com/groceries/en-GB/products/278067644,1687616854.932032,"['£1.50', '£3.00/litre']",1.5,£3.00/litre
14945,Keep It Handy All Purpose Descaler Tablets 4 Pack,https://www.tesco.com/groceries/en-GB/products/306350658,1687616855.0010188,"['£1.50', '£0.38/each']",1.5,£0.38/each
14946,Tesco Antibacterial Multi Purpose Cleaner Refill 9Ml,https://www.tesco.com/groceries/en-GB/products/309745348,1687616855.094827,"['£0.75', '£83.33/litre']",0.75,£83.33/litre
14947,Persil Non Biological Liquid Detergent 105 Wash 2835Ml,https://www.tesco.com/groceries/en-GB/products/309490889,1687616855.167511,"['£15.00', '£5.29/litre']",15.0,£5.29/litre
14948,Dettol Antibacterial Laundry Cleanser Soothing Lavender 2.5L,https://www.tesco.com/groceries/en-GB/products/310103566,1687616855.2354581,"['£7.50', '£3.00/litre']",7.5,£3.00/litre
14949,Fairy Fresh In-Wash Scent Booster 320G,https://www.tesco.com/groceries/en-GB/products/312364247,1687616855.307629,"['£6.75', '£21.09/kg']",6.75,£21.09/kg
14950,Beast Super Strong 30L Tall & Slim Bin Bags 10 Pack,https://www.tesco.com/groceries/en-GB/products/308494070,1687616855.3773959,"['£2.75', '£0.28/each']",2.75,£0.28/each
14951,Ariel Colour Washing Gel 35 Washes 1225Ml,https://www.tesco.com/groceries/en-GB/products/312565292,1687616855.446286,"['£7.50', '£6.12/litre']",7.5,£6.12/litre
14952,Ariel Original Washing Gel 35 Washes 1225Ml,https://www.tesco.com/groceries/en-GB/products/312719059,1687616855.541364,"['£7.50', '£6.12/litre']",7.5,£6.12/litre
14953,Method Wood Floor Cleaner 739Ml,https://www.tesco.com/groceries/en-GB/products/261747926,1687616855.6653519,"['£4.50', '£6.09/litre']",4.5,£6.09/litre
14954,Zoflora Bouquet Concentrated Disinfectant 500Ml,https://www.tesco.com/groceries/en-GB/products/306949020,1687616855.734282,"['£5.00', '£10.00/litre']",5.0,£10.00/litre
14955,Persil Non Biological Washing Powder 42W 2.1Kg,https://www.tesco.com/groceries/en-GB/products/311443933,1687616855.8020139,"['£7.50', '£3.57/kg']",7.5,£3.57/kg
14956,Tesco Paper Sandwich Bag 30 Pack,https://www.tesco.com/groceries/en-GB/products/302429567,1687616855.8711839,"['£2.50', '£0.08/each']",2.5,£0.08/each
14957,Persil Biological Laundry Detergent Powder 42 Washes 2.1Kg,https://www.tesco.com/groceries/en-GB/products/311266054,1687616855.941374,"['£7.50', '£3.57/kg']",7.5,£3.57/kg
14958,Finish In Wash Dishwasher Cleaner 3 Tablets,https://www.tesco.com/groceries/en-GB/products/302798872,1687616856.018282,"['£6.60', '£2.20/each']",6.6,£2.20/each
14959,Tesco Led Candle 40W Small Edisonscrew,https://www.tesco.com/groceries/en-GB/products/284606022,1687616856.0855381,"['£2.00', '£2.00/each']",2.0,£2.00/each
14960,Airwick Air Freshener Freshmatic Refill Linen 250 Ml,https://www.tesco.com/groceries/en-GB/products/264943954,1687616856.152558,"['£3.75', '£15.00/litre']",3.75,£15.00/litre
14961,Harpic Power Plus Active Tablets 8 Pack 200G,https://www.tesco.com/groceries/en-GB/products/309197839,1687616856.240531,"['£3.50', '£17.50/kg']",3.5,£17.50/kg
14962,Harpic Power+ Active Tablets 8 Pack 200G,https://www.tesco.com/groceries/en-GB/products/262749519,1687616856.3077388,"['£3.50', '£17.50/kg']",3.5,£17.50/kg
14963,Febreze Ambi Pur 3Volution Pet Odour Refill 20Ml,https://www.tesco.com/groceries/en-GB/products/295496934,1687616856.4436228,"['£4.00', '£200.00/litre']",4.0,£200.00/litre
14964,Dettol Power & Fresh Spray Citrus 1L,https://www.tesco.com/groceries/en-GB/products/291264985,1687616856.534166,"['£3.00', '£3.00/litre']",3.0,£3.00/litre
14965,Domestos Jasmine & Elderflower Toilet Block 55G,https://www.tesco.com/groceries/en-GB/products/311442554,1687616856.601245,"['£3.00', '£54.54/kg']",3.0,£54.54/kg
14966,Lenor Outdoorable Tropical Sunset Fabric Conditioner 770Ml,https://www.tesco.com/groceries/en-GB/products/312367555,1687616856.707984,"['£4.80', '£6.23/litre']",4.8,£6.23/litre
14967,Spontex Thick Moppets 2 Pack,https://www.tesco.com/groceries/en-GB/products/255217146,1687616856.774721,"['£2.15', '£1.08/each']",2.15,£1.08/each
14968,Dettol Antibacterial Pomegranate & Lime Large Wipes 70'S,https://www.tesco.com/groceries/en-GB/products/311258968,1687616856.843151,"['£3.00', '£4.29/100sht']",3.0,£4.29/100sht
14969,Febreze Air Freshener Mrs Hinch Pink Tulips 300Ml,https://www.tesco.com/groceries/en-GB/products/314325547,1687616856.9119081,"['£2.50', '£8.33/litre']",2.5,£8.33/litre
14970,Neutradol Original Gel 135G,https://www.tesco.com/groceries/en-GB/products/255283400,1687616856.979182,"['£1.85', '£13.70/kg']",1.85,£13.70/kg
14971,Finish Lemon Dishwasher Powder 1 Kilograms,https://www.tesco.com/groceries/en-GB/products/259550698,1687616857.04867,"['£4.00', '£4.00/kg']",4.0,£4.00/kg
14972,Spontex Heavy Duty Scourer Pads 3 Pack,https://www.tesco.com/groceries/en-GB/products/275444330,1687616857.1188412,"['£1.60', '£0.53/each']",1.6,£0.53/each
14973,Febreze Aerosol Air Freshener Vanilla Cookie 300Ml,https://www.tesco.com/groceries/en-GB/products/282110916,1687616857.204305,"['£2.50', '£8.33/litre']",2.5,£8.33/litre
14974,Bloo Blue Activ Fresh Flowers Rim Block 2X50g,https://www.tesco.com/groceries/en-GB/products/299160571,1687616857.2745988,"['£3.25', '£32.50/kg']",3.25,£32.50/kg
14975,Febreze Bathroom Air Freshener Frosted Pine 7.5Ml,https://www.tesco.com/groceries/en-GB/products/309494517,1687616861.820662,"['£2.50', '£333.33/litre']",2.5,£333.33/litre
14976,Dettol Antibacterial Cleaning Spray Summer Fruits 1L,https://www.tesco.com/groceries/en-GB/products/311273517,1687616861.900138,"['£2.50', '£2.50/litre']",2.5,£2.50/litre
14977,Flash Power Mop Refill Pads 8 Pack,https://www.tesco.com/groceries/en-GB/products/308498434,1687616861.9928288,"['£3.00', '£0.38/each']",3.0,£0.38/each
14978,Lenor Fabric Conditioner Ocean Escape 48 Washes 1.68 Litre,https://www.tesco.com/groceries/en-GB/products/312853901,1687616862.089691,"['£3.50', '£2.08/litre']",3.5,£2.08/litre
14979,Febreze Pet Fabric Refresher 375 Ml,https://www.tesco.com/groceries/en-GB/products/298866999,1687616862.447537,"['£2.50', '£6.67/litre']",2.5,£6.67/litre
14980,Tesco Toilet Brush,https://www.tesco.com/groceries/en-GB/products/302509277,1687616862.7218509,"['£1.50', '£1.50/each']",1.5,£1.50/each
14981,Brillo Powerpad 2 Pack,https://www.tesco.com/groceries/en-GB/products/312849331,1687616862.807395,"['£1.50', '£0.75/each']",1.5,£0.75/each
14982,Tesco Yellow Dusters 3Pack,https://www.tesco.com/groceries/en-GB/products/294937369,1687616862.883347,"['£1.45', '£0.48/each']",1.45,£0.48/each
14983,Lenor In-Wash Scent Booster Exotic Bloom 176G,https://www.tesco.com/groceries/en-GB/products/312357008,1687616862.954148,"['£3.00', '£17.04/kg']",3.0,£17.04/kg
14984,Spontex Washups Mosaik Scourer 2 Pack,https://www.tesco.com/groceries/en-GB/products/302533380,1687616863.0275042,"['£1.20', '£0.60/each']",1.2,£0.60/each
14985,Ace Gentle Stain Remover 1 Litre,https://www.tesco.com/groceries/en-GB/products/252699380,1687616863.1249611,"['£2.00', '£2.00/litre']",2.0,£2.00/litre
14986,Bloo Power Fizz Anti Limescale Lemon Tablets 8X25g,https://www.tesco.com/groceries/en-GB/products/313525868,1687616863.194391,"['£3.00', '£15.00/kg']",3.0,£15.00/kg
14987,Cillit Bang Burnt On Degreaser 750Ml,https://www.tesco.com/groceries/en-GB/products/309190813,1687616863.2884722,"['£2.00', '£2.67/litre']",2.0,£2.67/litre
14988,Brillo Soap Pads Pack Of 10,https://www.tesco.com/groceries/en-GB/products/259404650,1687616863.3603048,"['£1.30', '£0.13/each']",1.3,£0.13/each
14989,Finish Quantum All In One Dishwasher Tabs 72Pk 748.8G,https://www.tesco.com/groceries/en-GB/products/311436591,1687616863.428342,"['£12.00', '£16.03/kg']",12.0,£16.03/kg
14990,Vanish Gold Oxi Action Stain Remover Powder White 850 G,https://www.tesco.com/groceries/en-GB/products/299537224,1687616863.4972,"['£7.80', '£9.18/kg']",7.8,£9.18/kg
14991,Ecover Biological Concentrated Laundry Liquid 42 Wash 1.5L,https://www.tesco.com/groceries/en-GB/products/298231397,1687616863.574246,"['£10.00', '£6.67/litre']",10.0,£6.67/litre
14992,Bold Washing Gel Lavender & Camomile 35 Washes 1225Ml,https://www.tesco.com/groceries/en-GB/products/312578518,1687616863.643735,"['£7.50', '£6.12/litre']",7.5,£6.12/litre
14993,Bold Washing Gel Pink Blossom 35 Washes 1225Ml,https://www.tesco.com/groceries/en-GB/products/312708182,1687616863.712369,"['£7.50', '£6.12/litre']",7.5,£6.12/litre
14994,Vanish Carpet Care Vacuum Up Foam 600Ml,https://www.tesco.com/groceries/en-GB/products/259550372,1687616863.7786071,"['£7.00', '£11.67/litre']",7.0,£11.67/litre
14995,Surcare Non Biological Laundry Liquid 980Ml,https://www.tesco.com/groceries/en-GB/products/297737676,1687616863.845618,"['£6.00', '£6.12/litre']",6.0,£6.12/litre
14996,Fairy Platinum Plus Deep Clean Dishwasher 29 Tablets 450G,https://www.tesco.com/groceries/en-GB/products/313170388,1687616863.915792,"['£9.00', '£20.00/kg']",9.0,£20.00/kg
14997,Comfort Ultimate Care Fabric Conditioner 78W Heavenly 1178Ml,https://www.tesco.com/groceries/en-GB/products/308468862,1687616863.989606,"['£6.00', '£5.09/litre']",6.0,£5.09/litre
14998,Finish Quantum All In One 35 Lemon Dishwasher Tablets 364G,https://www.tesco.com/groceries/en-GB/products/313842302,1687616864.065249,"['£9.25', '£25.41/kg']",9.25,£25.41/kg
14999,Bacofoil Pvc Free Cling Film 32.5Cm X 50Mtr,https://www.tesco.com/groceries/en-GB/products/310153696,1687616864.188704,"['£4.40', '£0.09/metre']",4.4,£0.09/metre
15000,Finish Ultimate Plus All In One 25 Tablets 305G,https://www.tesco.com/groceries/en-GB/products/313962989,1687616864.2810931,"['£9.25', '£30.33/kg']",9.25,£30.33/kg
15001,Fairy Non Biological Laundry Liquid 4.55L 130 Washes,https://www.tesco.com/groceries/en-GB/products/302302567,1687616864.3731341,"['£17.00', '£3.74/litre']",17.0,£3.74/litre
15002,Finish Ultimate All In One Lemon Sparkle 30 Tablets 387G,https://www.tesco.com/groceries/en-GB/products/313848152,1687616864.445657,"['£9.00', '£23.26/kg']",9.0,£23.26/kg
15003,Lenor In-Wash Scent Booster Gold Orchid 320G,https://www.tesco.com/groceries/en-GB/products/312349491,1687616864.539417,"['£6.75', '£21.09/kg']",6.75,£21.09/kg
15004,Surf Tropical Lily Washing Powder 130 Wash 6.5Kg,https://www.tesco.com/groceries/en-GB/products/307735006,1687616864.608447,"['£14.00', '£2.15/kg']",14.0,£2.15/kg
15005,Glade Automatic Spray Refil Bali Sandal Wood & Jasmine,https://www.tesco.com/groceries/en-GB/products/281976492,1687616864.678142,"['£3.75', '£13.94/litre']",3.75,£13.94/litre
15006,Flash Dust Magnet Duster Starter Kit & Refill X4,https://www.tesco.com/groceries/en-GB/products/310140826,1687616864.744361,"['£5.00', '£5.00/each']",5.0,£5.00/each
15007,Method Passion Fruit Shower Spray 828Ml,https://www.tesco.com/groceries/en-GB/products/302801201,1687616864.811661,"['£4.00', '£4.83/litre']",4.0,£4.83/litre
15008,Napisan 800G,https://www.tesco.com/groceries/en-GB/products/273643086,1687616864.878528,"['£4.20', '£5.25/kg']",4.2,£5.25/kg
15009,Finish Ultimate All In One 30 Diswasher Tablets 387G,https://www.tesco.com/groceries/en-GB/products/313964440,1687616864.9530509,"['£9.00', '£23.26/kg']",9.0,£23.26/kg
15010,Comfort Ultimate Care Luxurious Fabric Conditioner 58W 870Ml,https://www.tesco.com/groceries/en-GB/products/308450139,1687616865.04249,"['£5.00', '£5.75/litre']",5.0,£5.75/litre
15011,Airwick Electric Refill Crisp Linen & Lilac,https://www.tesco.com/groceries/en-GB/products/272206404,1687616865.145992,"['£3.75', '£197.37/litre']",3.75,£197.37/litre
15012,Dishmatic General Purpose 4 Pack Refill,https://www.tesco.com/groceries/en-GB/products/310172157,1687616865.307619,"['£2.35', '£0.59/each']",2.35,£0.59/each
15013,Zoflora Fresh Home Odour Remover & Disinfectant 500Ml,https://www.tesco.com/groceries/en-GB/products/309173068,1687616865.376127,"['£5.00', '£10.00/litre']",5.0,£10.00/litre
15014,Duck Fresh Disc Refill Lime 2 X 36Ml,https://www.tesco.com/groceries/en-GB/products/299772342,1687616865.444544,"['£5.25', '£72.92/litre']",5.25,£72.92/litre
15015,Ariel Original Washing Gel 24 Washes 840Ml,https://www.tesco.com/groceries/en-GB/products/312091333,1687616865.535101,"['£6.00', '£7.14/litre']",6.0,£7.14/litre
15016,Febreze Ambi Pur 3Volution Spring Awakening Refill 20Ml,https://www.tesco.com/groceries/en-GB/products/298867036,1687616865.6264288,"['£4.00', '£200.00/litre']",4.0,£200.00/litre
15017,Method Glass Cleaner Spray 828Ml,https://www.tesco.com/groceries/en-GB/products/261747949,1687616865.7186089,"['£4.00', '£4.83/litre']",4.0,£4.83/litre
15018,Dettol 105 Large Multi Purpose Wipes Pomegranate & Lime,https://www.tesco.com/groceries/en-GB/products/309743517,1687616865.786415,"['£3.50', '£3.33/100sht']",3.5,£3.33/100sht
15019,Tesco Ribbed Cleaning Cloths 4 Pack,https://www.tesco.com/groceries/en-GB/products/255309239,1687616865.8624,"['£1.90', '£0.48/each']",1.9,£0.48/each
15020,Flash Power Mop Multi Purpose Cleaner Refill 1.25 Litre,https://www.tesco.com/groceries/en-GB/products/309175129,1687616865.930645,"['£4.00', '£3.20/litre']",4.0,£3.20/litre
15021,Bloo Power Active Flowers 3 X 50G,https://www.tesco.com/groceries/en-GB/products/311428284,1687616865.998838,"['£3.00', '£20.00/kg']",3.0,£20.00/kg
15022,Daz All In One Washing Pods Whites & Colours 26 Washes 501.8G,https://www.tesco.com/groceries/en-GB/products/312714738,1687616866.067144,"['£5.50', '£10.96/kg']",5.5,£10.96/kg
15023,Tesco Dishwashing Rubber Gloves Small,https://www.tesco.com/groceries/en-GB/products/250358326,1687616871.390209,"['£1.35', '£1.35/Pair']",1.35,£1.35/Pair
15024,Dettol Antibacterial Biodegradable Floor Lemon & Lime 25S,https://www.tesco.com/groceries/en-GB/products/310129553,1687616871.5718641,"['£3.00', '£12.00/100sht']",3.0,£12.00/100sht
15025,Kleenex Allergy Comfort Tissues 56 Sheets X 2,https://www.tesco.com/groceries/en-GB/products/305942432,1687616871.670509,"['£4.00', '£3.57/100sht']",4.0,£3.57/100sht
15026,Ecover Multiaction Surface Cleaner Orange Lemongrass 500Ml,https://www.tesco.com/groceries/en-GB/products/309485183,1687616871.925854,"['£2.50', '£5.00/litre']",2.5,£5.00/litre
15027,Daz Whites & Colours Laundry Detergent 47 Washes 1645Ml,https://www.tesco.com/groceries/en-GB/products/313512371,1687616872.0002408,"['£6.00', '£3.65/litre']",6.0,£3.65/litre
15028,Glade Bathroom Gel Luscious Cherry & Peony 180G,https://www.tesco.com/groceries/en-GB/products/309494667,1687616872.070233,"['£2.30', '£12.78/kg']",2.3,£12.78/kg
15029,Flash Wipe Done Bathroom Spray White Blossom 800Ml,https://www.tesco.com/groceries/en-GB/products/311274522,1687616872.1428978,"['£2.50', '£3.12/litre']",2.5,£3.12/litre
15030,Bloo Brilliant Gel Arctic Ocean 42G,https://www.tesco.com/groceries/en-GB/products/310137897,1687616872.22092,"['£2.75', '£68.75/kg']",2.75,£68.75/kg
15031,Toastabags Slow Cooker Liners X5,https://www.tesco.com/groceries/en-GB/products/310158345,1687616872.32114,"['£1.00', '£0.20/each']",1.0,£0.20/each
15032,Tesco Cotton Fresh Aerosol 300Ml,https://www.tesco.com/groceries/en-GB/products/250272300,1687616872.3917718,"['£0.85', '£2.83/litre']",0.85,£2.83/litre
15033,Tesco Antibacterial Kitchen Surface Cleaner Refill 9Ml,https://www.tesco.com/groceries/en-GB/products/310111619,1687616872.469385,"['£0.75', '£83.33/litre']",0.75,£83.33/litre
15034,Vanish Gold Oxi Action Stain Remover Powder 1.5Kg,https://www.tesco.com/groceries/en-GB/products/313732853,1687616872.541412,"['£12.00', '£8.00/kg']",12.0,£8.00/kg
15035,Spontex Multi Purpose Disposable Gloves 100,https://www.tesco.com/groceries/en-GB/products/271646178,1687616872.611341,"['£8.00', '£0.08/each']",8.0,£0.08/each
15036,Vanish Gold Oxi Action Stain Remover White Powder 1.5Kg,https://www.tesco.com/groceries/en-GB/products/314417617,1687616872.68128,"['£12.00', '£8.00/kg']",12.0,£8.00/kg
15037,Flash Speed Mop Starter Kit,https://www.tesco.com/groceries/en-GB/products/310142012,1687616872.7522292,"['£12.00', '£12.00/each']",12.0,£12.00/each
15038,Vanish Gold Oxi Action Laundry Booster Powder 1Kg,https://www.tesco.com/groceries/en-GB/products/314597498,1687616872.832165,"['£8.50', '£8.50/kg']",8.5,£8.50/kg
15039,Spontex Disposable Gloves 40 Pack,https://www.tesco.com/groceries/en-GB/products/255439943,1687616872.923842,"['£5.50', '£0.14/each']",5.5,£0.14/each
15040,Tesco 12 Extra Strong Refuse Sacks 90L,https://www.tesco.com/groceries/en-GB/products/312569662,1687616872.994198,"['£4.00', '£0.33/each']",4.0,£0.33/each
15041,Comfort Ultimate Care Fresh Sky Fabric Conditioner 1.178L,https://www.tesco.com/groceries/en-GB/products/310669760,1687616873.061455,"['£6.00', '£5.09/litre']",6.0,£5.09/litre
15042,Marigold Sensitive Gloves Medium 1 Pair,https://www.tesco.com/groceries/en-GB/products/277290657,1687616873.1290681,"['£3.45', '£3.45/Pair']",3.45,£3.45/Pair
15043,Marigold Extra Life Gloves Kitchen Small,https://www.tesco.com/groceries/en-GB/products/250359037,1687616873.1964328,"['£2.70', '£2.70/Pair']",2.7,£2.70/Pair
15044,Tesco Oven Foil Round Cooking Dishes & Lidsx5,https://www.tesco.com/groceries/en-GB/products/293639580,1687616873.2688189,"['£2.75', '£0.55/each']",2.75,£0.55/each
15045,Renova Kitchen Towel Single Roll Various Colours,https://www.tesco.com/groceries/en-GB/products/293820998,1687616873.3375401,"['£3.00', '£2.50/100sht']",3.0,£2.50/100sht
15046,Spontex Style Dish Brush,https://www.tesco.com/groceries/en-GB/products/262534382,1687616873.414628,"['£2.85', '£2.85/each']",2.85,£2.85/each
15047,Dishmatic Non Scratch Scourer Refill 4 Pack,https://www.tesco.com/groceries/en-GB/products/310117291,1687616873.516408,"['£2.35', '£0.59/each']",2.35,£0.59/each
15048,Tesco Led Mini Globe 40W Small Edisonscrew,https://www.tesco.com/groceries/en-GB/products/284606051,1687616873.588041,"['£2.00', '£2.00/each']",2.0,£2.00/each
15049,Pledge Soapy Wood Cleaner 750Ml,https://www.tesco.com/groceries/en-GB/products/267027859,1687616873.6642282,"['£3.00', '£4.00/litre']",3.0,£4.00/litre
15050,Airwick Freshmatic White Vanilla Single Reffil250ml,https://www.tesco.com/groceries/en-GB/products/274260306,1687616873.7373,"['£3.75', '£15.00/litre']",3.75,£15.00/litre
15051,Glade Candle Honey & Chocolate 129G,https://www.tesco.com/groceries/en-GB/products/304380873,1687616873.8311949,"['£3.50', '£27.13/kg']",3.5,£27.13/kg
15052,Febreze Ambi Pur 3Volution Exotic Fruity Refill 20Ml,https://www.tesco.com/groceries/en-GB/products/276615334,1687616873.925169,"['£4.00', '£200.00/litre']",4.0,£200.00/litre
15053,Zig Zag Electronic Lighters 2 Pack,https://www.tesco.com/groceries/en-GB/products/305733806,1687616874.016543,"['£1.35', '£0.68/each']",1.35,£0.68/each
15054,Dettol Antibacterial Large Wipes Summerfruits 105'S,https://www.tesco.com/groceries/en-GB/products/311445384,1687616874.087552,"['£3.50', '£0.03/each']",3.5,£0.03/each
15055,Domestos Aromatherapy Luxe White Rose & Tea Tree Oil 55G,https://www.tesco.com/groceries/en-GB/products/311226880,1687616874.156662,"['£3.00', '£54.54/kg']",3.0,£54.54/kg
15056,Febreze Ambi Pur 3Volution Frosted Pine Refill 20Ml,https://www.tesco.com/groceries/en-GB/products/304421768,1687616874.225634,"['£4.00', '£200.00/litre']",4.0,£200.00/litre
15057,Tesco Carpet & Upholstery Cleaner 500Ml,https://www.tesco.com/groceries/en-GB/products/291420023,1687616874.317305,"['£2.00', '£4.00/litre']",2.0,£4.00/litre
15058,Tesco Power Hob Cleaner 500Ml,https://www.tesco.com/groceries/en-GB/products/291419960,1687616874.38727,"['£2.00', '£4.00/litre']",2.0,£4.00/litre
15059,Tesco Granite & Marble Cleaner 500Ml,https://www.tesco.com/groceries/en-GB/products/291420236,1687616874.457657,"['£2.00', '£4.00/litre']",2.0,£4.00/litre
15060,Tesco Ocean Bleach Tablets X40 160G,https://www.tesco.com/groceries/en-GB/products/297774936,1687616874.535815,"['£2.25', '£14.06/kg']",2.25,£14.06/kg
15061,Airwick Active Fresh Room Spray Jasmine 236Ml,https://www.tesco.com/groceries/en-GB/products/313732300,1687616874.671169,"['£2.75', '£11.65/litre']",2.75,£11.65/litre
15062,Airwick Active Fresh Room Spray Fresh Cotton 236Ml,https://www.tesco.com/groceries/en-GB/products/313507464,1687616874.739458,"['£2.75', '£11.65/litre']",2.75,£11.65/litre
15063,Surf Tropical Lily Laundry Washing Powder 23W 1.15Kg,https://www.tesco.com/groceries/en-GB/products/312832537,1687616874.809259,"['£3.50', '£3.04/kg']",3.5,£3.04/kg
15064,Tesco Microfibre Cloths 2 Pack,https://www.tesco.com/groceries/en-GB/products/294643267,1687616874.8772328,"['£1.50', '£0.75/each']",1.5,£0.75/each
15065,Bloo Colour Active Bleach Rim Block 2X50g,https://www.tesco.com/groceries/en-GB/products/310669702,1687616874.945101,"['£3.25', '£32.50/kg']",3.25,£32.50/kg
15066,Febreze Bathroom Gel Air Freshener Exotic Bloom 7.5Ml,https://www.tesco.com/groceries/en-GB/products/312345881,1687616875.012434,"['£2.50', '£333.33/litre']",2.5,£333.33/litre
15067,Dettol All In One Disinfectant Spray Orchid Blossom 500Ml,https://www.tesco.com/groceries/en-GB/products/309160095,1687616875.0806122,"['£2.99', '£5.98/litre']",2.99,£5.98/litre
15068,Glade Bathroom Gel Sensual Sandal & Jasmine 180G,https://www.tesco.com/groceries/en-GB/products/309462256,1687616875.1482189,"['£2.30', '£12.78/kg']",2.3,£12.78/kg
15069,Flash Spray Wipe Done Bright Mandarin 800Ml,https://www.tesco.com/groceries/en-GB/products/308476103,1687616875.2227478,"['£2.50', '£3.12/litre']",2.5,£3.12/litre
15070,Dishmatic Style Fillable Washing Up Handle,https://www.tesco.com/groceries/en-GB/products/259674801,1687616875.290108,"['£1.00', '£1.00/each']",1.0,£1.00/each
15071,Stardrops The Pink Stuff Paste 850G,https://www.tesco.com/groceries/en-GB/products/310118226,1687616879.911405,"['£1.50', '£1.76/kg']",1.5,£1.76/kg
15072,Tesco Antibacterial Floor Wipes Apple 15Pack,https://www.tesco.com/groceries/en-GB/products/270887556,1687616880.000368,"['£1.00', '£6.67/100sht']",1.0,£6.67/100sht
15073,Cif Eco Refill Power & Shine Kitchen 70Ml,https://www.tesco.com/groceries/en-GB/products/305039079,1687616880.1722612,"['£1.45', '£20.71/litre']",1.45,£20.71/litre
15074,Tesco Daily Shower Cleaning Refill 9Ml,https://www.tesco.com/groceries/en-GB/products/310137687,1687616880.250297,"['£0.75', '£83.33/litre']",0.75,£83.33/litre
15075,Surcare Fabric Conditioner 750Ml,https://www.tesco.com/groceries/en-GB/products/297737653,1687616880.3388748,"['£1.50', '£2.00/litre']",1.5,£2.00/litre
15076,Price's Open Window Reed Diffuser,https://www.tesco.com/groceries/en-GB/products/276633393,1687616880.6268811,"['£8.40', '£84.00/litre']",8.4,£84.00/litre
15077,Finish Ultmte Plus All In One Lemon Dishwasher 52 Tablets 634.4G,https://www.tesco.com/groceries/en-GB/products/313961570,1687616880.702097,"['£11.25', '£17.73/kg']",11.25,£17.73/kg
15078,Finish Ultimate All In One 61 Lemon Sparkle Tablets 786.9G,https://www.tesco.com/groceries/en-GB/products/313962868,1687616880.783305,"['£11.25', '£14.30/kg']",11.25,£14.30/kg
15079,Finish Ultimate All In One 61 Tablets 786.9G,https://www.tesco.com/groceries/en-GB/products/313526838,1687616880.852863,"['£11.25', '£14.30/kg']",11.25,£14.30/kg
15080,Vanish Gold Pre- Treat Stain Remover Power Gel 200 Ml,https://www.tesco.com/groceries/en-GB/products/281815948,1687616880.9202182,"['£6.00', '£30.00/litre']",6.0,£30.00/litre
15081,Botanica Vanilla & Magnolia Reed Diffuser 80Ml,https://www.tesco.com/groceries/en-GB/products/305247351,1687616880.988579,"['£8.50', '£106.25/litre']",8.5,£106.25/litre
15082,Mr Muscle Regime Pack Drain Gel Plus Foamer Pack,https://www.tesco.com/groceries/en-GB/products/311960948,1687616881.078521,"['£6.00', '£3.00/each']",6.0,£3.00/each
15083,Beast Super Strong 70L Drawstring Bin Bags 10 Pack,https://www.tesco.com/groceries/en-GB/products/312105137,1687616881.1774049,"['£3.75', '£0.38/each']",3.75,£0.38/each
15084,Reynolds Aluminium Foil Wrap 30 Square,https://www.tesco.com/groceries/en-GB/products/311945731,1687616881.245719,"['£4.00', '£0.44/metre']",4.0,£0.44/metre
15085,Lenor In-Wash Scent Booster Summer Breeze 320G,https://www.tesco.com/groceries/en-GB/products/312573783,1687616881.314631,"['£6.75', '£21.09/kg']",6.75,£21.09/kg
15086,Tesco Tough Household Gloves Large,https://www.tesco.com/groceries/en-GB/products/256727157,1687616881.384952,"['£2.50', '£2.50/Pair']",2.5,£2.50/Pair
15087,Tesco Ultra Dishwasher Caps Lemon 40'S 500G,https://www.tesco.com/groceries/en-GB/products/311442842,1687616881.4534311,"['£4.80', '£9.60/kg']",4.8,£9.60/kg
15088,Lord Sheraton Leather Wipes 24 Pack,https://www.tesco.com/groceries/en-GB/products/266122932,1687616881.531629,"['£3.00', '£0.12/each']",3.0,£0.12/each
15089,Comfort Ultimate Care Tropical Lily Fabric Conditioner 870Ml,https://www.tesco.com/groceries/en-GB/products/312364564,1687616881.601374,"['£5.00', '£5.75/litre']",5.0,£5.75/litre
15090,Finish Powerball All In One Lemon Dishwasher 26 Tablets 416G,https://www.tesco.com/groceries/en-GB/products/313963441,1687616881.668318,"['£5.00', '£12.02/kg']",5.0,£12.02/kg
15091,Dettol Antibacterial Cleansing Surface Wipes Lime & Mint 126S,https://www.tesco.com/groceries/en-GB/products/312703262,1687616881.736214,"['£4.00', '£0.03/each']",4.0,£0.03/each
15092,Tesco 10 Paper Caddy Liners,https://www.tesco.com/groceries/en-GB/products/302429544,1687616881.8062038,"['£2.40', '£0.24/each']",2.4,£0.24/each
15093,Vileda Super Mocio 3 Action Refill,https://www.tesco.com/groceries/en-GB/products/251895878,1687616881.8729348,"['£3.50', '£3.50/each']",3.5,£3.50/each
15094,Duck Fresh Discs 2 Refills Marine 2X36ml,https://www.tesco.com/groceries/en-GB/products/299772388,1687616881.9489338,"['£5.25', '£72.92/litre']",5.25,£72.92/litre
15095,Febreze Ambi Pur 3Volution Blossom Breeze Refill 20Ml,https://www.tesco.com/groceries/en-GB/products/282121713,1687616882.035959,"['£4.00', '£200.00/litre']",4.0,£200.00/litre
15096,Tesco Lint Roller,https://www.tesco.com/groceries/en-GB/products/301800895,1687616882.128499,"['£2.00', '£2.00/each']",2.0,£2.00/each
15097,Airwick Electric Refill Lavender,https://www.tesco.com/groceries/en-GB/products/272206370,1687616882.196775,"['£3.75', '£197.37/litre']",3.75,£197.37/litre
15098,Airwick Electric Refill White Vanilla Bean.,https://www.tesco.com/groceries/en-GB/products/272207754,1687616882.287563,"['£3.75', '£197.37/litre']",3.75,£197.37/litre
15099,Glade Sense & Spray Rfill +30% Clean Linen,https://www.tesco.com/groceries/en-GB/products/267048045,1687616882.379819,"['£3.50', '£194.44/litre']",3.5,£194.44/litre
15100,Airwick Air Freshener Pure Freshmatic Refill Mango 250Ml,https://www.tesco.com/groceries/en-GB/products/302861117,1687616882.447414,"['£3.75', '£15.00/litre']",3.75,£15.00/litre
15101,Febreze 3Volution Plug-In Refill Fresh Linen 20Ml,https://www.tesco.com/groceries/en-GB/products/312342786,1687616882.535399,"['£4.00', '£200.00/litre']",4.0,£200.00/litre
15102,Dettol Disinfectant Liquid Lavender And Orange Oil 500 Ml,https://www.tesco.com/groceries/en-GB/products/261187177,1687616882.6230679,"['£3.00', '£6.00/litre']",3.0,£6.00/litre
15103,Febreze 3Volution Plugin Refill Lenor Ruby Jasmine20ml,https://www.tesco.com/groceries/en-GB/products/312568093,1687616882.7078888,"['£4.00', '£200.00/litre']",4.0,£200.00/litre
15104,Febreze 3Volution Plug In Refill Exotic Bloom 20Ml,https://www.tesco.com/groceries/en-GB/products/311443207,1687616882.800284,"['£4.00', '£200.00/litre']",4.0,£200.00/litre
15105,Tesco Dishwasher Freshener Lemon 2X6ml,https://www.tesco.com/groceries/en-GB/products/311253150,1687616882.89262,"['£2.00', '£16.67/100ml']",2.0,£16.67/100ml
15106,Tesco Stainless Steel Cleaner 500Ml,https://www.tesco.com/groceries/en-GB/products/291420328,1687616882.961656,"['£2.00', '£4.00/litre']",2.0,£4.00/litre
15107,Persil Biological 3In1 Washing Detergent Capsules 15Washes 316.5G,https://www.tesco.com/groceries/en-GB/products/314299085,1687616883.044134,"['£5.00', '£15.80/kg']",5.0,£15.80/kg
15108,Glade Air Freshener Sandlewood & Jasmine 20Ml,https://www.tesco.com/groceries/en-GB/products/304398795,1687616883.137058,"['£3.50', '£175.00/litre']",3.5,£175.00/litre
15109,Flash Speed Mop Dry Pads 20 Pack,https://www.tesco.com/groceries/en-GB/products/310696447,1687616883.29663,"['£3.50', '£0.18/each']",3.5,£0.18/each
15110,Spontex Handy Tough Scourer,https://www.tesco.com/groceries/en-GB/products/252195025,1687616883.366177,"['£1.85', '£1.85/each']",1.85,£1.85/each
15111,Dettol Tru Clean Antibacterial Spray Pear 750Ml,https://www.tesco.com/groceries/en-GB/products/307159953,1687616883.462471,"['£2.50', '£3.33/litre']",2.5,£3.33/litre
15112,Bloo Toilet Blocks Limescale Prevention 2X50g,https://www.tesco.com/groceries/en-GB/products/313165896,1687616883.5522509,"['£2.50', '£25.00/kg']",2.5,£25.00/kg
15113,Tesco Platinum Nail Brush,https://www.tesco.com/groceries/en-GB/products/284843472,1687616883.641332,"['£1.00', '£1.00/each']",1.0,£1.00/each
15114,Scrub Daddy Scrub Mommy Dual Sided Scrubber,https://www.tesco.com/groceries/en-GB/products/312829240,1687616883.7081778,"['£2.50', '£2.50/each']",2.5,£2.50/each
15115,Scrub Daddy Original Flex Texture Scrubber,https://www.tesco.com/groceries/en-GB/products/305975957,1687616883.776698,"['£2.50', '£2.50/each']",2.5,£2.50/each
15116,Stardrops Pink Stuff Miracle Cream Cleaner 500Ml,https://www.tesco.com/groceries/en-GB/products/304405391,1687616883.8441489,"['£1.29', '£2.58/litre']",1.29,£2.58/litre
15117,Keep It Handy Drain Rod,https://www.tesco.com/groceries/en-GB/products/306350952,1687616883.9323368,"['£1.50', '£1.50/each']",1.5,£1.50/each
15118,Tesco Antibacterial Bathroom Cleaner Refill 9Ml,https://www.tesco.com/groceries/en-GB/products/310177408,1687616884.0237288,"['£0.75', '£83.33/litre']",0.75,£83.33/litre
15119,Tesco Apple Antibacterial Multi Purpose Cleaner Refill 9Ml,https://www.tesco.com/groceries/en-GB/products/310108457,1687616890.574219,"['£0.75', '£83.33/litre']",0.75,£83.33/litre
15120,Surf Tropical Lily Liquid Detergent 60 Washes 1.62L,https://www.tesco.com/groceries/en-GB/products/313366474,1687616890.659421,"['£8.00', '£4.94/litre']",8.0,£4.94/litre
15121,Vanish Gold Oxi Carpet Spray 500 Ml,https://www.tesco.com/groceries/en-GB/products/292069092,1687616890.737776,"['£6.00', '£12.00/litre']",6.0,£12.00/litre
15122,Prices Open Window Jar,https://www.tesco.com/groceries/en-GB/products/276633491,1687616890.8149729,"['£4.00', '£4.00/each']",4.0,£4.00/each
15123,Botanica Rose & Geranium Reed Diffuser 80Ml,https://www.tesco.com/groceries/en-GB/products/305042119,1687616890.900476,"['£8.50', '£106.25/litre']",8.5,£106.25/litre
15124,"Persil Colour Protect 3 In 1 Washing Capsules 32 Washes 675,2G",https://www.tesco.com/groceries/en-GB/products/313967877,1687616891.009742,"['£8.25', '£12.22/kg']",8.25,£12.22/kg
15125,"Persil Biological 3 In 1 Washing Capsules 32 Washes 675,2G",https://www.tesco.com/groceries/en-GB/products/313961633,1687616891.102186,"['£8.25', '£12.22/kg']",8.25,£12.22/kg
15126,Sistema Soup To Go,https://www.tesco.com/groceries/en-GB/products/280769013,1687616891.219489,"['£5.00', '£5.00/each']",5.0,£5.00/each
15127,Hg Mould Spray 500Ml,https://www.tesco.com/groceries/en-GB/products/301947329,1687616891.287483,"['£5.50', '£11.00/litre']",5.5,£11.00/litre
15128,Fairy Fresh In Wash Scent Booster Almond & Honey 570G,https://www.tesco.com/groceries/en-GB/products/313500454,1687616891.36066,"['£8.00', '£14.04/kg']",8.0,£14.04/kg
15129,Korbond Lint Roller Refills,https://www.tesco.com/groceries/en-GB/products/258195540,1687616891.433237,"['£3.20', '£0.15/each']",3.2,£0.15/each
15130,Persil Ultimate Active Clean Liquid Laundry Detergent 34Washes 918Ml,https://www.tesco.com/groceries/en-GB/products/314103940,1687616891.5030851,"['£8.00', '£8.72/litre']",8.0,£8.72/litre
15131,Marigold Bathroom Medium,https://www.tesco.com/groceries/en-GB/products/250361696,1687616891.5943758,"['£3.00', '£3.00/Pair']",3.0,£3.00/Pair
15132,Persil Ultmte Touch Of Comfort Laundry Detergent 918Ml,https://www.tesco.com/groceries/en-GB/products/314326457,1687616891.662417,"['£8.00', '£8.72/litre']",8.0,£8.72/litre
15133,Lenor In Wash Scent Booster Spring Awakening 570G,https://www.tesco.com/groceries/en-GB/products/308864599,1687616891.751442,"['£8.00', '£14.04/kg']",8.0,£14.04/kg
15134,Surf 3In1 Coconut Bliss Detergent Capsules 27 Washes 467.1G,https://www.tesco.com/groceries/en-GB/products/314314448,1687616891.818499,"['£6.50', '£13.92/kg']",6.5,£13.92/kg
15135,Surf 3In1 Tropical Lily Detergent Capsules 27 Washes 467.1G,https://www.tesco.com/groceries/en-GB/products/314326843,1687616891.918596,"['£6.50', '£13.92/kg']",6.5,£13.92/kg
15136,Surf 3In1 Herbal Detergent Capsules 27 Washes 467.1G,https://www.tesco.com/groceries/en-GB/products/314098651,1687616892.0078871,"['£6.50', '£13.92/kg']",6.5,£13.92/kg
15137,Persil Ultimate Non Biological Aloe Vera L/Dtgr 34W 918Ml,https://www.tesco.com/groceries/en-GB/products/314308560,1687616892.09582,"['£8.00', '£8.72/litre']",8.0,£8.72/litre
15138,Spontex Handy Sensitive Disposable Gloves 20 Pack,https://www.tesco.com/groceries/en-GB/products/261875313,1687616892.1866748,"['£3.20', '£0.16/each']",3.2,£0.16/each
15139,Beast Drawstring 10L Compostable Caddy Liners 16S,https://www.tesco.com/groceries/en-GB/products/312993216,1687616892.254199,"['£3.40', '£0.21/each']",3.4,£0.21/each
15140,Hg Bathroom Mould Remover Foam Spray 500Ml,https://www.tesco.com/groceries/en-GB/products/301947341,1687616892.320071,"['£5.75', '£11.50/litre']",5.75,£11.50/litre
15141,Glade Automatic Spray Refill Tropical Blossoms 269Ml,https://www.tesco.com/groceries/en-GB/products/306823508,1687616892.429352,"['£3.75', '£13.94/litre']",3.75,£13.94/litre
15142,Glade Automatic Spray Refill Clean Linen,https://www.tesco.com/groceries/en-GB/products/281976578,1687616892.498539,"['£3.75', '£13.94/litre']",3.75,£13.94/litre
15143,Bold Washing Liquid Pink Blossom 48 Washes 1.68Ltr,https://www.tesco.com/groceries/en-GB/products/313759107,1687616892.56983,"['£8.00', '£4.76/litre']",8.0,£4.76/litre
15144,Tesco Ultra Dishwasher Caps Original 40'S 500G,https://www.tesco.com/groceries/en-GB/products/311279275,1687616892.6422331,"['£4.80', '£9.60/kg']",4.8,£9.60/kg
15145,Airwick Air Freshener Plug In Refill Pink Sweet Pea 17 Ml,https://www.tesco.com/groceries/en-GB/products/281821892,1687616892.7128372,"['£3.75', '£220.59/litre']",3.75,£220.59/litre
15146,Bold Washing Liquid Lavender & Camomile 48 Washes 1680Ml,https://www.tesco.com/groceries/en-GB/products/313738607,1687616892.805933,"['£8.00', '£4.76/litre']",8.0,£4.76/litre
15147,Spontex Microfibre Window Cloth,https://www.tesco.com/groceries/en-GB/products/309785496,1687616892.8813708,"['£3.45', '£3.45/each']",3.45,£3.45/each
15148,Hg Scale Away Foamspray 500Ml,https://www.tesco.com/groceries/en-GB/products/302348144,1687616892.948861,"['£3.50', '£7.00/litre']",3.5,£7.00/litre
15149,Bold All In One Washing Capsules Dessert Rose 25 Washes 485G,https://www.tesco.com/groceries/en-GB/products/314107817,1687616893.018412,"['£6.50', '£13.40/kg']",6.5,£13.40/kg
15150,Bold All In One Pods Pink Tulips & W/Jsmne 36Washes 698.4G,https://www.tesco.com/groceries/en-GB/products/313954803,1687616893.110952,"['£8.50', '£12.17/kg']",8.5,£12.17/kg
15151,Airwick Freshmatic Max Freshmatic Refill Purple Lavender 250 Ml,https://www.tesco.com/groceries/en-GB/products/258291057,1687616893.180419,"['£3.75', '£15.00/litre']",3.75,£15.00/litre
15152,Febreze Lenor 3Volution Gold Orchid Plug In Refill 20Ml,https://www.tesco.com/groceries/en-GB/products/312564391,1687616893.274533,"['£4.00', '£200.00/litre']",4.0,£200.00/litre
15153,Toastabags Baking Liner Reusable 33X36cm,https://www.tesco.com/groceries/en-GB/products/311797180,1687616893.36592,"['£2.00', '£2.00/each']",2.0,£2.00/each
15154,Cherry Blossom Shoe Polish Black 80G,https://www.tesco.com/groceries/en-GB/products/311432791,1687616893.474962,"['£2.40', '£3.00/100g']",2.4,£3.00/100g
15155,Silvex Freezer Multibag 30X40cm 75Bags,https://www.tesco.com/groceries/en-GB/products/307756239,1687616893.6178281,"['£1.35', '£0.02/each']",1.35,£0.02/each
15156,Tesco Klipfresh Rectangle 1L,https://www.tesco.com/groceries/en-GB/products/296663050,1687616893.707047,"['£3.25', '£3.25/each']",3.25,£3.25/each
15157,Febreze Air Freshener Lenor Exotic Bloom 300Ml,https://www.tesco.com/groceries/en-GB/products/312228323,1687616893.79686,"['£2.50', '£8.33/litre']",2.5,£8.33/litre
15158,Dettol Antibacterial All In One Disinfectant Summerfruits 500Ml,https://www.tesco.com/groceries/en-GB/products/310845338,1687616893.87201,"['£2.99', '£5.98/litre']",2.99,£5.98/litre
15159,Febreze Ambi Pur 3Volution Plug In Device,https://www.tesco.com/groceries/en-GB/products/276616724,1687616893.9385989,"['£3.50', '£3.50/each']",3.5,£3.50/each
15160,Bloo Toilet Blocks 2 In 1 Original Blue 2 X 50G,https://www.tesco.com/groceries/en-GB/products/313010918,1687616894.027528,"['£2.50', '£25.00/kg']",2.5,£25.00/kg
15161,Febreze Pet Odour Air Freshener 300Ml,https://www.tesco.com/groceries/en-GB/products/298866544,1687616894.125244,"['£2.50', '£8.33/litre']",2.5,£8.33/litre
15162,Dettol Surface Cleanser Wipes 30S,https://www.tesco.com/groceries/en-GB/products/304408877,1687616894.201618,"['£1.25', '£4.17/100sht']",1.25,£4.17/100sht
15163,Curver Mystyle Dark Grey Basket Small,https://www.tesco.com/groceries/en-GB/products/312210516,1687616894.269208,"['£3.00', '£3.00/each']",3.0,£3.00/each
15164,Tesco Window & Glass Cleaning Refill 9Ml,https://www.tesco.com/groceries/en-GB/products/310108751,1687616894.339983,"['£0.75', '£83.33/litre']",0.75,£83.33/litre
15165,Yankee Candle Large Jar Cherry Vanilla,https://www.tesco.com/groceries/en-GB/products/296223738,1687616894.417414,"['£15.00', '£15.00/each']",15.0,£15.00/each
15166,Price's Chef's Reed Diffuser,https://www.tesco.com/groceries/en-GB/products/276633214,1687616894.4928498,"['£8.40', '£84.00/litre']",8.4,£84.00/litre
15167,Tesco Blue Grey Duster,https://www.tesco.com/groceries/en-GB/products/313275034,1687616899.2739189,"['£4.00', '£4.00/each']",4.0,£4.00/each
15168,Henry Genuine Bags 5 Pack,https://www.tesco.com/groceries/en-GB/products/298498985,1687616899.3600068,"['£8.00', '£1.60/each']",8.0,£1.60/each
15169,Polylina Large Plastic Container With Lids 5 Pack,https://www.tesco.com/groceries/en-GB/products/305990414,1687616899.462556,"['£4.80', '£0.96/each']",4.8,£0.96/each
15170,Surf Coconut Bliss Liquid Detergent 60 Washes 1.62L,https://www.tesco.com/groceries/en-GB/products/313517377,1687616899.544859,"['£8.00', '£4.94/litre']",8.0,£4.94/litre
15171,Raid Fly And Wasp Killer 300Ml,https://www.tesco.com/groceries/en-GB/products/255284088,1687616899.935692,"['£4.20', '£14.00/litre']",4.2,£14.00/litre
15172,Raid Fly/Waspmosquito Killer 300Ml,https://www.tesco.com/groceries/en-GB/products/258786820,1687616900.124483,"['£4.20', '£14.00/litre']",4.2,£14.00/litre
15173,"Persil Non Biological 3 In 1 Washing Capsules 32 Washes 675,2G",https://www.tesco.com/groceries/en-GB/products/313833198,1687616900.193172,"['£8.25', '£12.22/kg']",8.25,£12.22/kg
15174,Goddards Long Term Silver Polish 125Ml,https://www.tesco.com/groceries/en-GB/products/257095153,1687616900.264879,"['£3.30', '£26.40/litre']",3.3,£26.40/litre
15175,Curver Your Style Recycled Large Grey,https://www.tesco.com/groceries/en-GB/products/307949341,1687616900.3431869,"['£4.00', '£4.00/each']",4.0,£4.00/each
15176,Glade Auto Refill Vanilla,https://www.tesco.com/groceries/en-GB/products/298821874,1687616900.41314,"['£3.75', '£13.94/litre']",3.75,£13.94/litre
15177,Hg Hagesan Liquid Drain Unblock 1L,https://www.tesco.com/groceries/en-GB/products/294008012,1687616900.48644,"['£4.50', '£4.50/litre']",4.5,£4.50/litre
15178,Flash Xl Dust Magnet Duster Starter Kit & Refill X2,https://www.tesco.com/groceries/en-GB/products/310131486,1687616900.581873,"['£6.00', '£6.00/each']",6.0,£6.00/each
15179,Tesco Foodsaver 4.5L,https://www.tesco.com/groceries/en-GB/products/255895845,1687616900.6551082,"['£2.50', '£2.50/each']",2.5,£2.50/each
15180,Curver Your Style Recycled Medium Grey,https://www.tesco.com/groceries/en-GB/products/307949329,1687616900.724542,"['£3.00', '£3.00/each']",3.0,£3.00/each
15181,Curver Your Style Recycled Small Grey,https://www.tesco.com/groceries/en-GB/products/307949306,1687616900.795004,"['£2.50', '£2.50/each']",2.5,£2.50/each
15182,Scrub Daddy Sponge Daddy Dual Sided Sponge 4 Pack,https://www.tesco.com/groceries/en-GB/products/312837126,1687616900.863984,"['£4.00', '£1.00/each']",4.0,£1.00/each
15183,Airwick Air Freshener Linen Lilac Plug In Kit,https://www.tesco.com/groceries/en-GB/products/295527398,1687616900.931666,"['£4.25', '£4.25/each']",4.25,£4.25/each
15184,Febreze Car Clip On Cotton,https://www.tesco.com/groceries/en-GB/products/278542894,1687616901.000598,"['£3.60', '£1,800.00/litre']",3.6,"£1,800.00/litre"
15185,Airwick Electric Refill Smooth Satin,https://www.tesco.com/groceries/en-GB/products/272206364,1687616901.081734,"['£3.75', '£3.75/each']",3.75,£3.75/each
15186,Airwick Air Freshener Island Mango Plug In Refill 19Ml,https://www.tesco.com/groceries/en-GB/products/302862139,1687616901.171442,"['£3.75', '£197.37/litre']",3.75,£197.37/litre
15187,Airwick Air Freshener Freshmatic Pure Spring Refill 250Ml,https://www.tesco.com/groceries/en-GB/products/295497030,1687616901.263445,"['£3.75', '£15.00/litre']",3.75,£15.00/litre
15188,Airwick Air Freshener Essential Mist Peony Jasmine Refill 20Ml,https://www.tesco.com/groceries/en-GB/products/299154960,1687616901.351316,"['£4.50', '£225.00/litre']",4.5,£225.00/litre
15189,Sistema Twist & Sip 380Ml Bottle,https://www.tesco.com/groceries/en-GB/products/310758522,1687616901.441582,"['£2.65', '£2.65/each']",2.65,£2.65/each
15190,Hg Professional Limescale Remover Half Litre,https://www.tesco.com/groceries/en-GB/products/301948609,1687616901.5204082,"['£4.00', '£8.00/litre']",4.0,£8.00/litre
15191,Cherry Blossom Regimental Gloss Black Shoe Polish 40G,https://www.tesco.com/groceries/en-GB/products/311201327,1687616901.617313,"['£2.10', '£5.25/100g']",2.1,£5.25/100g
15192,Glade Candle Tropical Blossoms Air Freshener 129G,https://www.tesco.com/groceries/en-GB/products/306813780,1687616901.691145,"['£3.50', '£27.13/kg']",3.5,£27.13/kg
15193,Tesco Recycled Square Washing Up Bowl Grey,https://www.tesco.com/groceries/en-GB/products/304863417,1687616901.7830641,"['£2.25', '£2.25/each']",2.25,£2.25/each
15194,Tesco Scrubbing Brush Blue Grey,https://www.tesco.com/groceries/en-GB/products/310019194,1687616901.853767,"['£2.00', '£2.00/each']",2.0,£2.00/each
15195,Dr Beckmann Non Biological Laundry Detergent Sheets X25,https://www.tesco.com/groceries/en-GB/products/311439478,1687616901.921367,"['£4.00', '£0.16/each']",4.0,£0.16/each
15196,Dr Beckmann Magic Leaves Biological Laundry Detergent Sheet 25S,https://www.tesco.com/groceries/en-GB/products/311209083,1687616901.992359,"['£4.00', '£0.16/each']",4.0,£0.16/each
15197,Febreze Air Freshener Fresh Linen 300Ml,https://www.tesco.com/groceries/en-GB/products/312582501,1687616902.060643,"['£2.50', '£8.33/litre']",2.5,£8.33/litre
15198,7M Lint Roller,https://www.tesco.com/groceries/en-GB/products/278634054,1687616902.131167,"['£2.10', '£0.04/each']",2.1,£0.04/each
15199,Air Wick Rainy Eucalyptus & Freesia Air Spray 236Ml,https://www.tesco.com/groceries/en-GB/products/307747833,1687616902.198294,"['£2.10', '£8.90/litre']",2.1,£8.90/litre
15200,Keep It Handy Cotton Comfort Insoles 2 Pairs,https://www.tesco.com/groceries/en-GB/products/306350727,1687616902.269123,"['£1.50', '£0.75/each']",1.5,£0.75/each
15201,Keep It Handy Sink Strainers 2 Pack,https://www.tesco.com/groceries/en-GB/products/306350969,1687616902.357573,"['£1.50', '£0.75/each']",1.5,£0.75/each
15202,Oust Outdoor Fresh Aerosol 300Ml,https://www.tesco.com/groceries/en-GB/products/256554658,1687616902.456609,"['£1.50', '£5.00/litre']",1.5,£5.00/litre
15203,Ocean Saver Antibacterial Spray Ocean Mist 10Ml,https://www.tesco.com/groceries/en-GB/products/308101719,1687616902.5228539,"['£1.75', '£175.00/litre']",1.75,£175.00/litre
15204,Nice 'N Clean Moist Toilet Tissue 40 Wipes,https://www.tesco.com/groceries/en-GB/products/311442272,1687616902.6306329,"['£1.50', '£3.75/100sht']",1.5,£3.75/100sht
15205,Spontex Unwrapped Microfibre Cloth,https://www.tesco.com/groceries/en-GB/products/310191022,1687616902.78593,"['£1.00', '£1.00/each']",1.0,£1.00/each
15206,Keep It Handy Blind Cleaner,https://www.tesco.com/groceries/en-GB/products/306351029,1687616902.852366,"['£1.50', '£1.50/each']",1.5,£1.50/each
15207,Curver Mystyle Dark Grey Basket Medium,https://www.tesco.com/groceries/en-GB/products/312566187,1687616902.943535,"['£5.00', '£5.00/each']",5.0,£5.00/each
15208,Curver My Style Small Box Cream,https://www.tesco.com/groceries/en-GB/products/278019697,1687616903.012007,"['£3.00', '£3.00/each']",3.0,£3.00/each
15209,Curver My Style Medium Box Cream,https://www.tesco.com/groceries/en-GB/products/278260939,1687616903.0774632,"['£5.00', '£5.00/each']",5.0,£5.00/each
15210,Yankee Candle Large Jar White Linen & Lace,https://www.tesco.com/groceries/en-GB/products/296225454,1687616903.145531,"['£15.00', '£15.00/each']",15.0,£15.00/each
15211,Yankee Candle Large 538G Jar Vanilla Frosting,https://www.tesco.com/groceries/en-GB/products/306725969,1687616903.219671,"['£15.00', '£27.88/kg']",15.0,£27.88/kg
15212,Yankee Candle Medium Jar Cherry Vanilla,https://www.tesco.com/groceries/en-GB/products/296225460,1687616903.2979798,"['£12.00', '£12.00/each']",12.0,£12.00/each
15213,Hg Hair Unblocker 0.4 Litre,https://www.tesco.com/groceries/en-GB/products/301947531,1687616903.365729,"['£7.50', '£16.67/litre']",7.5,£16.67/litre
15214,Tesco Cube Toilet Brush And Holder White,https://www.tesco.com/groceries/en-GB/products/292120130,1687616903.4355159,"['£6.50', '£6.50/each']",6.5,£6.50/each
15215,Tesco Navy 750Ml Chugger Bottle,https://www.tesco.com/groceries/en-GB/products/309795455,1687616909.510889,"['£6.00', '£6.00/each']",6.0,£6.00/each
15216,Glade Aromatherapy Reed Diffuser Moment Of Zen 80Ml,https://www.tesco.com/groceries/en-GB/products/309474622,1687616909.586812,"['£9.00', '£112.50/litre']",9.0,£112.50/litre
15217,Glade Aromatherapy Reed Diffuser Calm Mind 80Ml,https://www.tesco.com/groceries/en-GB/products/309466160,1687616909.69031,"['£9.00', '£112.50/litre']",9.0,£112.50/litre
15218,Vanish White Oxi Action Chlorine/ Bleach Free 900G,https://www.tesco.com/groceries/en-GB/products/310681404,1687616909.84198,"['£8.00', '£8.89/kg']",8.0,£8.89/kg
15219,Air Wick Pink Sweet Pea Reed Diffuser 42Ml,https://www.tesco.com/groceries/en-GB/products/309751323,1687616909.948087,"['£8.50', '£202.38/litre']",8.5,£202.38/litre
15220,Cherry Blossom Ready Wax Black 85Ml,https://www.tesco.com/groceries/en-GB/products/311422549,1687616910.01646,"['£3.60', '£4.24/100ml']",3.6,£4.24/100ml
15221,Tesco Brushed Chrome Toilet Brush,https://www.tesco.com/groceries/en-GB/products/277859297,1687616910.085456,"['£4.50', '£4.50/each']",4.5,£4.50/each
15222,Air Wick Crisp Linen&Lilac Reed Reeddiffuser42ml,https://www.tesco.com/groceries/en-GB/products/310670878,1687616910.152873,"['£8.50', '£202.38/litre']",8.5,£202.38/litre
15223,Neat Daily Shower Cleaner Starter Pack Fig & Violet,https://www.tesco.com/groceries/en-GB/products/313745734,1687616910.2194078,"['£6.00', '£6.00/each']",6.0,£6.00/each
15224,Curver Your Style Recycled Large Off White,https://www.tesco.com/groceries/en-GB/products/310600726,1687616910.2897742,"['£4.00', '£4.00/each']",4.0,£4.00/each
15225,Vanish Pet Expert Carpet Care Foam 600Ml,https://www.tesco.com/groceries/en-GB/products/295336318,1687616910.3581262,"['£7.00', '£11.67/litre']",7.0,£11.67/litre
15226,Wham Studio 5.02 Grey,https://www.tesco.com/groceries/en-GB/products/307632577,1687616910.4256582,"['£4.00', '£4.00/each']",4.0,£4.00/each
15227,Wham Studio 5.02 White,https://www.tesco.com/groceries/en-GB/products/307632600,1687616910.509484,"['£4.00', '£4.00/each']",4.0,£4.00/each
15228,Glade Electric Sandalwood & Jasmine 20Ml,https://www.tesco.com/groceries/en-GB/products/304367976,1687616910.577559,"['£5.00', '£250.00/litre']",5.0,£250.00/litre
15229,Tesco Glass Food Storage 1L,https://www.tesco.com/groceries/en-GB/products/306245569,1687616910.6692321,"['£4.00', '£4.00/each']",4.0,£4.00/each
15230,Tesco Klipfresh Store & Pour,https://www.tesco.com/groceries/en-GB/products/296663136,1687616910.738168,"['£6.00', '£6.00/each']",6.0,£6.00/each
15231,Tontarelli Rhino Box With Lid 6L,https://www.tesco.com/groceries/en-GB/products/312356211,1687616910.8300421,"['£4.00', '£4.00/each']",4.0,£4.00/each
15232,Curver Your Style Recycled Small Off White,https://www.tesco.com/groceries/en-GB/products/310605934,1687616910.8986182,"['£2.50', '£2.50/each']",2.5,£2.50/each
15233,Febreze Ambi Pur 3Volution Starter Kit Cotton Fresh 20Ml,https://www.tesco.com/groceries/en-GB/products/293821058,1687616910.966042,"['£7.00', '£350.00/litre']",7.0,£350.00/litre
15234,Spontex Scrub & Wipe Multi Purpose Pad,https://www.tesco.com/groceries/en-GB/products/304416677,1687616911.034396,"['£2.70', '£2.70/each']",2.7,£2.70/each
15235,Tesco Klipfresh Rectangle 1.9L,https://www.tesco.com/groceries/en-GB/products/296663067,1687616911.104576,"['£4.25', '£4.25/each']",4.25,£4.25/each
15236,Tesco Soft Touch Hangers 10 Pack,https://www.tesco.com/groceries/en-GB/products/307053853,1687616911.202878,"['£4.00', '£0.40/each']",4.0,£0.40/each
15237,Tesco Cloth Mop Blue Grey,https://www.tesco.com/groceries/en-GB/products/310019234,1687616911.274102,"['£4.00', '£4.00/each']",4.0,£4.00/each
15238,Wham Studio 4.02 White,https://www.tesco.com/groceries/en-GB/products/307632599,1687616911.343534,"['£2.50', '£2.50/each']",2.5,£2.50/each
15239,Tesco Sipper Bottle Blue 650Ml,https://www.tesco.com/groceries/en-GB/products/309832343,1687616911.413057,"['£3.00', '£3.00/each']",3.0,£3.00/each
15240,Tesco Glass Food Storage 630Ml,https://www.tesco.com/groceries/en-GB/products/306245553,1687616911.521775,"['£3.00', '£3.00/each']",3.0,£3.00/each
15241,Tesco Sipper Bottle Purple 650Ml,https://www.tesco.com/groceries/en-GB/products/309832359,1687616911.590521,"['£3.00', '£3.00/each']",3.0,£3.00/each
15242,Wham Studio 4.02 Grey,https://www.tesco.com/groceries/en-GB/products/307632560,1687616911.657675,"['£2.50', '£2.50/each']",2.5,£2.50/each
15243,Vileda SuperMocio Microfibre & Power Mop Refill,https://www.tesco.com/groceries/en-GB/products/299485561,1687616911.730506,"['£4.50', '£4.50/each']",4.5,£4.50/each
15244,Korbond Gilt Safety Pins,https://www.tesco.com/groceries/en-GB/products/255289820,1687616911.796976,"['£2.10', '£0.06/each']",2.1,£0.06/each
15245,Surf 3In1 Tropical Lily Detergent Capsules 18 Washes 311.4G,https://www.tesco.com/groceries/en-GB/products/314095441,1687616911.864722,"['£4.00', '£12.84/kg']",4.0,£12.84/kg
15246,Air Wick Cotton & Apple Blossom Air Spray 236Ml,https://www.tesco.com/groceries/en-GB/products/310674776,1687616911.934889,"['£2.10', '£8.90/litre']",2.1,£8.90/litre
15247,Tesco Microwave Soup Mug Grey,https://www.tesco.com/groceries/en-GB/products/308611249,1687616912.00487,"['£1.50', '£1.50/each']",1.5,£1.50/each
15248,Tesco Klipfresh Rectangle 380Ml,https://www.tesco.com/groceries/en-GB/products/296663038,1687616912.072051,"['£2.25', '£2.25/each']",2.25,£2.25/each
15249,Cif Ecorefill Anti-Bacterial & Shine Multi Purpose 70Ml,https://www.tesco.com/groceries/en-GB/products/307749232,1687616912.162431,"['£1.45', '£20.71/litre']",1.45,£20.71/litre
15250,Keep It Handy Safety Pins 50 Pack,https://www.tesco.com/groceries/en-GB/products/306350514,1687616912.302308,"['£1.50', '£0.03/each']",1.5,£0.03/each
15251,Cif Original Cream 500Ml,https://www.tesco.com/groceries/en-GB/products/252423528,1687616912.394967,"['£1.50', '£3.00/litre']",1.5,£3.00/litre
15252,Tesco Antibacterial Multi Purpose Cleanser Spray 750Ml,https://www.tesco.com/groceries/en-GB/products/312346920,1687616912.463478,"['£0.85', '£0.11/100ml']",0.85,£0.11/100ml
15253,Yankee Candle Large 538G Jar Sugared Blossom,https://www.tesco.com/groceries/en-GB/products/302738408,1687616912.537837,"['£15.00', '£27.88/kg']",15.0,£27.88/kg
15254,Yankee Candle Large 538G Jar Fairy Floss,https://www.tesco.com/groceries/en-GB/products/307830383,1687616912.606433,"['£15.00', '£27.88/kg']",15.0,£27.88/kg
15255,Yankee Candle Medium Jar White Linen & Lace,https://www.tesco.com/groceries/en-GB/products/296225483,1687616912.674753,"['£12.00', '£115.38/kg']",12.0,£115.38/kg
15256,Sistema Bake It Storage 3.25L With Cup,https://www.tesco.com/groceries/en-GB/products/308532763,1687616912.741963,"['£8.75', '£8.75/each']",8.75,£8.75/each
15257,Tesco Hangers 40 Pack Black,https://www.tesco.com/groceries/en-GB/products/273772595,1687616912.810699,"['£6.50', '£0.16/each']",6.5,£0.16/each
15258,Spontex Protect 100 Disposable Gloves Size Large,https://www.tesco.com/groceries/en-GB/products/307156743,1687616912.8787599,"['£6.80', '£0.07/each']",6.8,£0.07/each
15259,Tesco Wire Stacking Basket Large Black,https://www.tesco.com/groceries/en-GB/products/310019378,1687616912.9478312,"['£10.00', '£10.00/each']",10.0,£10.00/each
15260,Tesco Klipfresh 3 Pack,https://www.tesco.com/groceries/en-GB/products/296705474,1687616913.022027,"['£7.50', '£2.50/each']",7.5,£2.50/each
15261,Vanish Oxi 0% Chlorine Bleach Free 900G,https://www.tesco.com/groceries/en-GB/products/310168736,1687616913.118905,"['£8.00', '£8.89/kg']",8.0,£8.89/kg
15262,Tesco Water Hyacinth Medium Storage Basket,https://www.tesco.com/groceries/en-GB/products/301680816,1687616913.19798,"['£10.00', '£10.00/each']",10.0,£10.00/each
15263,Tesco 10 Extra Strong Diy Sacks 45L,https://www.tesco.com/groceries/en-GB/products/305975789,1687616917.939326,"['£3.80', '£0.38/each']",3.8,£0.38/each
15264,Tesco Led Mini Globe Warm White 25W Small Edisonscrew 2 Pack,https://www.tesco.com/groceries/en-GB/products/311765460,1687616918.027128,"['£3.50', '£1.75/each']",3.5,£1.75/each
15265,Cherry Blossom Platinum Shine & Go Deluxe Black 6Ml,https://www.tesco.com/groceries/en-GB/products/311438116,1687616918.108094,"['£3.30', '£55.00/100ml']",3.3,£55.00/100ml
15266,Odor-Eaters Foot & Shoe Spray 150Ml,https://www.tesco.com/groceries/en-GB/products/252834938,1687616918.194818,"['£4.00', '£2.67/100ml']",4.0,£2.67/100ml
15267,Tesco Push Top Food Storage White 1L,https://www.tesco.com/groceries/en-GB/products/307788611,1687616918.527636,"['£4.00', '£4.00/each']",4.0,£4.00/each
15268,Glade Auto Sense & Spray Clean Linen,https://www.tesco.com/groceries/en-GB/products/255090196,1687616918.787788,"['£7.00', '£388.89/litre']",7.0,£388.89/litre
15269,Tesco Led 50W R63 Edison Screw,https://www.tesco.com/groceries/en-GB/products/294263428,1687616918.886483,"['£3.00', '£3.00/each']",3.0,£3.00/each
15270,Tesco Wooden Space Saving Hangers 4 Pack,https://www.tesco.com/groceries/en-GB/products/307053824,1687616918.9674199,"['£5.00', '£1.25/each']",5.0,£1.25/each
15271,Tesco Fabric Underbed Storage Bag,https://www.tesco.com/groceries/en-GB/products/310019467,1687616919.039928,"['£5.00', '£5.00/each']",5.0,£5.00/each
15272,Tesco Hangers 6 Pack Grey,https://www.tesco.com/groceries/en-GB/products/273772917,1687616919.1077309,"['£3.00', '£0.50/each']",3.0,£0.50/each
15273,Tesco Fabric Storage Bag Large,https://www.tesco.com/groceries/en-GB/products/310019453,1687616919.183048,"['£5.00', '£5.00/each']",5.0,£5.00/each
15274,Tesco Led 60W R80 Edison Screw,https://www.tesco.com/groceries/en-GB/products/294263434,1687616919.2496052,"['£3.00', '£3.00/each']",3.0,£3.00/each
15275,Hg Quick Descaler Half Litre,https://www.tesco.com/groceries/en-GB/products/301947237,1687616919.317971,"['£5.10', '£10.20/litre']",5.1,£10.20/litre
15276,Febreze Ambi Pur 3Volution Starter Kit Vanilla 20Ml,https://www.tesco.com/groceries/en-GB/products/289999037,1687616919.410542,"['£7.00', '£350.00/litre']",7.0,£350.00/litre
15277,Ecoegg Laundry Egg Refill Pellets Fresh Linen 50S,https://www.tesco.com/groceries/en-GB/products/311937902,1687616919.4809191,"['£4.00', '£0.08/each']",4.0,£0.08/each
15278,Ecoegg Laundry Egg Refill Pellets Spring Blossom 50S,https://www.tesco.com/groceries/en-GB/products/311955356,1687616919.5507588,"['£4.00', '£0.08/each']",4.0,£0.08/each
15279,Vileda Magic Mop Flat Refill,https://www.tesco.com/groceries/en-GB/products/256429216,1687616919.6278982,"['£4.00', '£4.00/each']",4.0,£4.00/each
15280,Tesco Microwave Steam Bag 10 Pack,https://www.tesco.com/groceries/en-GB/products/296630129,1687616919.698115,"['£2.85', '£0.28/each']",2.85,£0.28/each
15281,Curver Your Style Recycled Small Blush,https://www.tesco.com/groceries/en-GB/products/310600686,1687616919.7697139,"['£2.50', '£2.50/each']",2.5,£2.50/each
15282,Tesco Neo Non Slip Hangers Grey 4 Pack,https://www.tesco.com/groceries/en-GB/products/310019574,1687616919.8373601,"['£3.00', '£0.75/each']",3.0,£0.75/each
15283,Curver Your Style Recycled Medium Off White,https://www.tesco.com/groceries/en-GB/products/310600703,1687616919.904969,"['£3.00', '£3.00/each']",3.0,£3.00/each
15284,Minky Power Clean Stripe Mop,https://www.tesco.com/groceries/en-GB/products/312231324,1687616919.9715369,"['£5.00', '£5.00/each']",5.0,£5.00/each
15285,Airwick Air Freshener Essential Mist Calming Rose Refill 20Ml,https://www.tesco.com/groceries/en-GB/products/302872070,1687616920.038908,"['£4.50', '£225.00/litre']",4.5,£225.00/litre
15286,Tesco Wooden Storm Pegs 24 Pack,https://www.tesco.com/groceries/en-GB/products/273772520,1687616920.1354592,"['£2.00', '£0.08/each']",2.0,£0.08/each
15287,Hg Grease Away Half Litre,https://www.tesco.com/groceries/en-GB/products/301947259,1687616920.2387211,"['£3.90', '£7.80/litre']",3.9,£7.80/litre
15288,Airwick Air Freshener Essential Mist Lavender Refill 20Ml,https://www.tesco.com/groceries/en-GB/products/302872035,1687616920.3320692,"['£4.50', '£225.00/litre']",4.5,£225.00/litre
15289,Brasso Duraglit Metal Polish Wadding,https://www.tesco.com/groceries/en-GB/products/255655669,1687616920.421835,"['£3.50', '£46.67/kg']",3.5,£46.67/kg
15290,Tesco Microfibre Mop Refill Blue Grey,https://www.tesco.com/groceries/en-GB/products/310019263,1687616920.493512,"['£2.50', '£2.50/each']",2.5,£2.50/each
15291,Stick On Hook & Loop,https://www.tesco.com/groceries/en-GB/products/258140686,1687616920.5672991,"['£1.90', '£1.90/each']",1.9,£1.90/each
15292,Tesco Klipfresh Beaker 400Ml,https://www.tesco.com/groceries/en-GB/products/296663015,1687616920.638597,"['£2.75', '£2.75/each']",2.75,£2.75/each
15293,Tesco Klipfresh Rectangle 680Ml,https://www.tesco.com/groceries/en-GB/products/296663044,1687616920.7307642,"['£2.75', '£2.75/each']",2.75,£2.75/each
15294,Tesco Fridge Storage Can Organiser,https://www.tesco.com/groceries/en-GB/products/308070652,1687616920.819747,"['£2.50', '£2.50/each']",2.5,£2.50/each
15295,Ocean Saver Ecodrop Pomegranate Tide 15G,https://www.tesco.com/groceries/en-GB/products/308091892,1687616920.886858,"['£1.75', '£116.67/kg']",1.75,£116.67/kg
15296,Oceansaver Apple Multi Purpose Cleaner Ecodrops 10Ml,https://www.tesco.com/groceries/en-GB/products/308111708,1687616920.955044,"['£1.75', '£175.00/litre']",1.75,£175.00/litre
15297,Oceansaver Kitchen Degreser Ecodrop Citrus Kelp 10Ml,https://www.tesco.com/groceries/en-GB/products/308087978,1687616921.0276911,"['£1.75', '£175.00/litre']",1.75,£175.00/litre
15298,Tesco Klipfresh Round 270Ml,https://www.tesco.com/groceries/en-GB/products/296663009,1687616921.095527,"['£1.75', '£1.75/each']",1.75,£1.75/each
15299,Tapestry Needles,https://www.tesco.com/groceries/en-GB/products/258190793,1687616921.185214,"['£1.05', '£0.18/each']",1.05,£0.18/each
15300,Yankee Candle Aromatherapy Diffuser Kit Black Cherry,https://www.tesco.com/groceries/en-GB/products/310146486,1687616921.2894762,"['£28.00', '£28.00/each']",28.0,£28.00/each
15301,Yankee Candle Medium 340G Jar Vanilla Frosting,https://www.tesco.com/groceries/en-GB/products/299876710,1687616921.4295192,"['£12.00', '£35.29/kg']",12.0,£35.29/kg
15302,Yankee Candle Medium 340G Jar Happy Birthday,https://www.tesco.com/groceries/en-GB/products/306119104,1687616921.504431,"['£12.00', '£35.29/kg']",12.0,£35.29/kg
15303,Yankee Medium Jar - With Love,https://www.tesco.com/groceries/en-GB/products/306119162,1687616921.5748742,"['£12.00', '£35.29/kg']",12.0,£35.29/kg
15304,Yankee Candle Medium 340G Jar Fairy Floss,https://www.tesco.com/groceries/en-GB/products/307808128,1687616921.642643,"['£12.00', '£35.29/kg']",12.0,£35.29/kg
15305,Sistema Quick Flip Bottle 520Ml,https://www.tesco.com/groceries/en-GB/products/304002343,1687616921.7120268,"['£8.00', '£8.00/each']",8.0,£8.00/each
15306,Sistema Tritan Active 800Ml,https://www.tesco.com/groceries/en-GB/products/299108370,1687616921.782845,"['£8.00', '£8.00/each']",8.0,£8.00/each
15307,Tesco Matte Black Toilet Brush,https://www.tesco.com/groceries/en-GB/products/308575118,1687616921.853733,"['£9.00', '£9.00/each']",9.0,£9.00/each
15308,Mighty Mat Charcoal Barrier Mat 40 X 60Cm,https://www.tesco.com/groceries/en-GB/products/307278086,1687616921.921515,"['£6.00', '£6.00/each']",6.0,£6.00/each
15309,Tesco Pink 750Ml Chugger Bottle,https://www.tesco.com/groceries/en-GB/products/309795461,1687616921.989377,"['£6.00', '£6.00/each']",6.0,£6.00/each
15310,Profoot Lambswool Insole 1 Pair,https://www.tesco.com/groceries/en-GB/products/274391600,1687616922.0571551,"['£4.40', '£4.40/Pair']",4.4,£4.40/Pair
15311,Glade Automatic Spray Sandalwood & Jasmine Set,https://www.tesco.com/groceries/en-GB/products/302843491,1687616926.811209,"['£7.50', '£27.88/litre']",7.5,£27.88/litre
15312,Sistema Microwave Rectangular Bowl 1.25L,https://www.tesco.com/groceries/en-GB/products/299810724,1687616926.8981671,"['£6.00', '£6.00/each']",6.0,£6.00/each
15313,Nimble Laundry Lover Baby Nonbio Detergent 1L,https://www.tesco.com/groceries/en-GB/products/308840830,1687616927.053611,"['£8.40', '£8.40/litre']",8.4,£8.40/litre
15314,Tesco Led Spotlight Dimmable Warm White 50W Gu10 3 Pack,https://www.tesco.com/groceries/en-GB/products/311765497,1687616927.134569,"['£5.00', '£1.67/each']",5.0,£1.67/each
15315,Raid Ant Plus Cockroach Killer 300Ml,https://www.tesco.com/groceries/en-GB/products/252775762,1687616927.379974,"['£4.20', '£14.00/litre']",4.2,£14.00/litre
15316,Tesco Radiator Clothes Airer Pack Of 3,https://www.tesco.com/groceries/en-GB/products/297624222,1687616927.474585,"['£5.00', '£1.67/each']",5.0,£1.67/each
15317,Tesco Wire Stacking Basket Small Black,https://www.tesco.com/groceries/en-GB/products/310019384,1687616927.545675,"['£7.50', '£7.50/each']",7.5,£7.50/each
15318,Profoot Double Cushion Insoles 1 Pair,https://www.tesco.com/groceries/en-GB/products/262546137,1687616927.6216698,"['£4.20', '£4.20/Pair']",4.2,£4.20/Pair
15319,Tesco Wire Hanging Shelf Storage,https://www.tesco.com/groceries/en-GB/products/304847950,1687616927.695926,"['£5.00', '£5.00/each']",5.0,£5.00/each
15320,Hg Carpet & Upholstery Cleaner Product 95 1L,https://www.tesco.com/groceries/en-GB/products/302348265,1687616927.764276,"['£6.60', '£6.60/litre']",6.6,£6.60/litre
15321,Tesco Klipfresh 5L Square,https://www.tesco.com/groceries/en-GB/products/296663107,1687616927.833056,"['£6.75', '£6.75/each']",6.75,£6.75/each
15322,Jeyes Fluid Fluid 1Ltr 1Ltr,https://www.tesco.com/groceries/en-GB/products/293673590,1687616927.9225721,"['£7.00', '£7.00/litre']",7.0,£7.00/litre
15323,Tesco Fridge Storage Organiser Large,https://www.tesco.com/groceries/en-GB/products/308070675,1687616927.997727,"['£4.00', '£4.00/each']",4.0,£4.00/each
15324,Tesco Water Hyacinth Small Storage Basket,https://www.tesco.com/groceries/en-GB/products/301680822,1687616928.065651,"['£6.00', '£6.00/each']",6.0,£6.00/each
15325,Hg Oven Grill & Bbq Cleaner 500Ml,https://www.tesco.com/groceries/en-GB/products/294007900,1687616928.1367989,"['£6.50', '£13.00/litre']",6.5,£13.00/litre
15326,Pet Lint Roller Refill 2 X 4.9M (Fragranced),https://www.tesco.com/groceries/en-GB/products/264237805,1687616928.23147,"['£3.25', '£0.10/each']",3.25,£0.10/each
15327,Yankee Candle Small 104G Jar Fairy Floss,https://www.tesco.com/groceries/en-GB/products/307830331,1687616928.303859,"['£5.50', '£52.88/kg']",5.5,£52.88/kg
15328,Method Multisurface Concentrate Bing Cherry & Bergamot 240Ml,https://www.tesco.com/groceries/en-GB/products/311672877,1687616928.3833458,"['£4.75', '£19.79/litre']",4.75,£19.79/litre
15329,Vileda Turbo Classic Mop Refill,https://www.tesco.com/groceries/en-GB/products/304980883,1687616928.4521768,"['£6.00', '£6.00/each']",6.0,£6.00/each
15330,Tesco Klipfresh Rectangle 3.1L,https://www.tesco.com/groceries/en-GB/products/296663073,1687616928.519369,"['£5.25', '£5.25/each']",5.25,£5.25/each
15331,Vileda 2 In 1 Dustpan Set,https://www.tesco.com/groceries/en-GB/products/281838529,1687616928.6121118,"['£5.00', '£5.00/each']",5.0,£5.00/each
15332,Cherry Blossom Regimental Gloss Dark Tan Polish 40G,https://www.tesco.com/groceries/en-GB/products/311252197,1687616928.70286,"['£2.10', '£5.25/100g']",2.1,£5.25/100g
15333,Tesco 10 Pack Wooden Hanger,https://www.tesco.com/groceries/en-GB/products/297467730,1687616928.774601,"['£6.00', '£0.60/each']",6.0,£0.60/each
15334,Cherry Blossom Regimental Gloss Tan Shoe Polish 40G,https://www.tesco.com/groceries/en-GB/products/311437745,1687616928.8466802,"['£2.10', '£5.25/100g']",2.1,£5.25/100g
15335,Wham Studio 4.01 Grey,https://www.tesco.com/groceries/en-GB/products/307632554,1687616928.9151528,"['£2.00', '£2.00/each']",2.0,£2.00/each
15336,Tesco Store And Pour 2 Pack,https://www.tesco.com/groceries/en-GB/products/258077156,1687616929.0134552,"['£4.00', '£2.00/each']",4.0,£2.00/each
15337,Tesco Klipfresh Square 1.1L,https://www.tesco.com/groceries/en-GB/products/296663096,1687616929.0840719,"['£3.25', '£3.25/each']",3.25,£3.25/each
15338,Tesco Fridge Storage Organiser Small,https://www.tesco.com/groceries/en-GB/products/308070669,1687616929.177641,"['£2.50', '£2.50/each']",2.5,£2.50/each
15339,Tesco Microwave 1.3L Rectangle Grey,https://www.tesco.com/groceries/en-GB/products/308611261,1687616929.257194,"['£2.00', '£2.00/each']",2.0,£2.00/each
15340,Glade Electric Scented Oil Pure Clean Linen 20Ml,https://www.tesco.com/groceries/en-GB/products/304384667,1687616929.328734,"['£3.50', '£175.00/litre']",3.5,£175.00/litre
15341,Neat Antibacterial Multisurface Cleaner Mango & Fig 30Ml,https://www.tesco.com/groceries/en-GB/products/310156186,1687616929.420867,"['£2.50', '£83.33/litre']",2.5,£83.33/litre
15342,Dressmaker Pins,https://www.tesco.com/groceries/en-GB/products/255289866,1687616929.490413,"['£1.60', '£1.60/each']",1.6,£1.60/each
15343,Yankee Candle Large Jar Exotic Fruits,https://www.tesco.com/groceries/en-GB/products/296953415,1687616929.5620348,"['£15.00', '£15.00/each']",15.0,£15.00/each
15344,Nature Wick Scented Multi Wick Candle Smoked Vanilla,https://www.tesco.com/groceries/en-GB/products/306753049,1687616929.629382,"['£16.50', '£16.50/each']",16.5,£16.50/each
15345,Tesco Grey Design Ceramic Toilet Brush,https://www.tesco.com/groceries/en-GB/products/304708015,1687616929.695543,"['£9.00', '£9.00/each']",9.0,£9.00/each
15346,Yankee Candle Medium 340G Jar Sugared Blossom,https://www.tesco.com/groceries/en-GB/products/302747530,1687616929.76995,"['£12.00', '£35.29/kg']",12.0,£35.29/kg
15347,Fox & Ivy 2 Pack 40Ml Diffuser-Silver Birch&Cedar,https://www.tesco.com/groceries/en-GB/products/308697596,1687616929.8370728,"['£8.00', '£4.00/each']",8.0,£4.00/each
15348,Cherry Blossom Shoe Protector 200Ml,https://www.tesco.com/groceries/en-GB/products/312233345,1687616929.903463,"['£5.25', '£2.62/100ml']",5.25,£2.62/100ml
15349,Airwick Freshmatic Crisp Linen & Lilac 250Ml,https://www.tesco.com/groceries/en-GB/products/312368669,1687616930.077058,"['£7.50', '£30.00/litre']",7.5,£30.00/litre
15350,Tesco Led 35W Gu5.3 2 Pack,https://www.tesco.com/groceries/en-GB/products/294263405,1687616930.143894,"['£5.00', '£2.50/each']",5.0,£2.50/each
15351,Airwick Stacey Solomon Active Fresh Kit Morning Meadow 228Ml,https://www.tesco.com/groceries/en-GB/products/313736273,1687616930.210907,"['£10.00', '£43.86/litre']",10.0,£43.86/litre
15352,Rentokil Rodine Rat & Mouse Killer 2 Sachets,https://www.tesco.com/groceries/en-GB/products/302535314,1687616930.303547,"['£4.50', '£2.25/each']",4.5,£2.25/each
15353,Tesco 2.2L Grey Bottle,https://www.tesco.com/groceries/en-GB/products/310069675,1687616930.372753,"['£6.00', '£6.00/each']",6.0,£6.00/each
15354,Tesco Led 35W Gu10 3 Pack,https://www.tesco.com/groceries/en-GB/products/294295845,1687616930.441867,"['£4.00', '£1.33/each']",4.0,£1.33/each
15355,Tesco Over Door Hooks Chrome,https://www.tesco.com/groceries/en-GB/products/304847989,1687616930.5149062,"['£5.00', '£5.00/each']",5.0,£5.00/each
15356,Sistema Salad To Go,https://www.tesco.com/groceries/en-GB/products/280769036,1687616930.5825741,"['£5.75', '£5.75/each']",5.75,£5.75/each
15357,Tesco LED Classic Warm White 100W Edison Screw 2 Pack,https://www.tesco.com/groceries/en-GB/products/311765454,1687616930.650232,"['£5.00', '£2.50/each']",5.0,£2.50/each
15358,Smash Stainless Steel Fashion Sipper Bottle P/Dot 750Ml,https://www.tesco.com/groceries/en-GB/products/311262945,1687616930.716596,"['£6.00', '£6.00/each']",6.0,£6.00/each
15359,Tesco Klipfresh Rectangle 4.8L,https://www.tesco.com/groceries/en-GB/products/296663080,1687616936.083456,"['£6.75', '£6.75/each']",6.75,£6.75/each
15360,Pin Cushion,https://www.tesco.com/groceries/en-GB/products/288421648,1687616936.233417,"['£3.20', '£3.20/each']",3.2,£3.20/each
15361,Scrub Daddy Dish Daddy Refills 2 Pack,https://www.tesco.com/groceries/en-GB/products/313186560,1687616936.757812,"['£3.30', '£1.65/each']",3.3,£1.65/each
15362,Tesco Spray Mop Refill Blue Grey,https://www.tesco.com/groceries/en-GB/products/310019303,1687616936.940665,"['£3.00', '£3.00/each']",3.0,£3.00/each
15363,3Pcs Crochet Hook,https://www.tesco.com/groceries/en-GB/products/288421732,1687616937.02081,"['£3.20', '£3.20/each']",3.2,£3.20/each
15364,Korbond Berry Pins 40,https://www.tesco.com/groceries/en-GB/products/255289837,1687616937.094317,"['£2.10', '£0.05/each']",2.1,£0.05/each
15365,Washbag Twinpack,https://www.tesco.com/groceries/en-GB/products/278798188,1687616937.163174,"['£3.20', '£1.60/each']",3.2,£1.60/each
15366,Sewing Kit,https://www.tesco.com/groceries/en-GB/products/278633983,1687616937.2326899,"['£3.20', '£0.21/each']",3.2,£0.21/each
15367,Hemming Web 10M,https://www.tesco.com/groceries/en-GB/products/258193225,1687616937.3008761,"['£2.10', '£0.21/metre']",2.1,£0.21/metre
15368,Threaded Needle Kit,https://www.tesco.com/groceries/en-GB/products/267531446,1687616937.367882,"['£2.10', '£2.10/each']",2.1,£2.10/each
15369,Tesco Klipfresh Round 1L,https://www.tesco.com/groceries/en-GB/products/296663021,1687616937.447262,"['£3.25', '£3.25/each']",3.25,£3.25/each
15370,White Elastic,https://www.tesco.com/groceries/en-GB/products/258195148,1687616937.5444548,"['£1.60', '£1.60/each']",1.6,£1.60/each
15371,Korbond Needles Compact,https://www.tesco.com/groceries/en-GB/products/255289958,1687616937.649407,"['£1.60', '£0.05/each']",1.6,£0.05/each
15372,Korbond Mini Lint Roller 110710,https://www.tesco.com/groceries/en-GB/products/261909183,1687616937.718771,"['£1.60', '£0.05/each']",1.6,£0.05/each
15373,Minky Stripe Power Clean Mop Refill,https://www.tesco.com/groceries/en-GB/products/312584516,1687616937.7874901,"['£3.00', '£3.00/each']",3.0,£3.00/each
15374,Tesco Microwave Bowl Grey,https://www.tesco.com/groceries/en-GB/products/308611255,1687616937.8562381,"['£1.75', '£1.75/each']",1.75,£1.75/each
15375,Korbond Thread Poly 160M Black,https://www.tesco.com/groceries/en-GB/products/258195632,1687616937.924045,"['£1.10', '£0.01/metre']",1.1,£0.01/metre
15376,Oceansaver Surface Cleaner Pnk/Grft 9Ml,https://www.tesco.com/groceries/en-GB/products/312101907,1687616937.990664,"['£1.75', '£194.44/litre']",1.75,£194.44/litre
15377,Knitting Needles 4.00Mmx35cm Aluminium,https://www.tesco.com/groceries/en-GB/products/275644577,1687616938.06247,"['£1.99', '£1.99/each']",1.99,£1.99/each
15378,Nature Wick Scented Candle Cashmere Wool,https://www.tesco.com/groceries/en-GB/products/306752959,1687616938.129335,"['£12.50', '£12.50/each']",12.5,£12.50/each
15379,Mighty Mat Mono Geo Washable Mat,https://www.tesco.com/groceries/en-GB/products/310804157,1687616938.196177,"['£12.00', '£12.00/each']",12.0,£12.00/each
15380,Tesco Pet Toy Basket,https://www.tesco.com/groceries/en-GB/products/311079727,1687616938.2767239,"['£10.00', '£10.00/each']",10.0,£10.00/each
15381,Minky Smart Fit Ironing Board Cover Blue,https://www.tesco.com/groceries/en-GB/products/302253630,1687616938.354364,"['£8.00', '£8.00/each']",8.0,£8.00/each
15382,Contigo Autoseal Smoke Supersize 900Ml,https://www.tesco.com/groceries/en-GB/products/304035776,1687616938.421993,"['£13.00', '£13.00/each']",13.0,£13.00/each
15383,Tontarelli Rhino Box With Lid 15L,https://www.tesco.com/groceries/en-GB/products/312233155,1687616938.4873989,"['£9.00', '£9.00/each']",9.0,£9.00/each
15384,Tesco Tiger Insulated Bottle 500Ml,https://www.tesco.com/groceries/en-GB/products/311520456,1687616938.556133,"['£7.50', '£7.50/each']",7.5,£7.50/each
15385,Tesco Klipfresh 6 Pack,https://www.tesco.com/groceries/en-GB/products/296663482,1687616938.62991,"['£13.00', '£2.17/each']",13.0,£2.17/each
15386,Airwick Pink Sweet Pea Triple Plug In Refills 3X19ml,https://www.tesco.com/groceries/en-GB/products/312569190,1687616938.7209148,"['£7.75', '£135.96/litre']",7.75,£135.96/litre
15387,Tesco Ombre Tracker Bottle 1.8L,https://www.tesco.com/groceries/en-GB/products/311520447,1687616938.7937632,"['£8.00', '£8.00/each']",8.0,£8.00/each
15388,Mighty Mat Welcome Coir Mat 50 X 75Cm,https://www.tesco.com/groceries/en-GB/products/310720532,1687616938.867973,"['£10.00', '£10.00/each']",10.0,£10.00/each
15389,Sistema Small Bento Box,https://www.tesco.com/groceries/en-GB/products/297176550,1687616938.935026,"['£8.25', '£8.25/each']",8.25,£8.25/each
15390,Ecoegg Laundry Egg Spring Blossom 70 Washes,https://www.tesco.com/groceries/en-GB/products/311800730,1687616939.001059,"['£8.00', '£0.11/each']",8.0,£0.11/each
15391,Ecoegg Laundry Egg Fresh Linen 70 Washes,https://www.tesco.com/groceries/en-GB/products/311792703,1687616939.0668411,"['£8.00', '£0.11/each']",8.0,£0.11/each
15392,Jml Fast Fit Ironing Board Cover,https://www.tesco.com/groceries/en-GB/products/294371323,1687616939.143231,"['£7.99', '£7.99/each']",7.99,£7.99/each
15393,Create Your Own Bottle,https://www.tesco.com/groceries/en-GB/products/303079535,1687616939.219847,"['£10.00', '£10.00/each']",10.0,£10.00/each
15394,Tesco Food Storage Set 17Pc,https://www.tesco.com/groceries/en-GB/products/293634470,1687616939.2960188,"['£6.50', '£6.50/each']",6.5,£6.50/each
15395,Yankee Black Cherry Aromatherapy Oil 10Ml,https://www.tesco.com/groceries/en-GB/products/310187828,1687616939.374759,"['£6.00', '£600.00/litre']",6.0,£600.00/litre
15396,Mighty Mat Bee Happy Mat 40 X 60Cm,https://www.tesco.com/groceries/en-GB/products/310720555,1687616939.442705,"['£6.00', '£6.00/each']",6.0,£6.00/each
15397,Korbond General Purpose Scissors 5Inches,https://www.tesco.com/groceries/en-GB/products/258196435,1687616939.517162,"['£3.20', '£3.20/each']",3.2,£3.20/each
15398,Scissor Needlework,https://www.tesco.com/groceries/en-GB/products/278633977,1687616939.58636,"['£3.20', '£3.20/each']",3.2,£3.20/each
15399,Double Sided Lint Brush,https://www.tesco.com/groceries/en-GB/products/287218192,1687616939.6555278,"['£3.20', '£3.20/each']",3.2,£3.20/each
15400,Nimble Cuddle Lover Baby Fabric Softener 1L,https://www.tesco.com/groceries/en-GB/products/308486483,1687616939.721996,"['£5.00', '£5.00/litre']",5.0,£5.00/litre
15401,Tesco Fridge Egg Storage Tray,https://www.tesco.com/groceries/en-GB/products/308261864,1687616939.849688,"['£4.00', '£4.00/each']",4.0,£4.00/each
15402,Ariel Platinum Plus Lenor Washing Pods 29 Washes 565.5G,https://www.tesco.com/groceries/en-GB/products/313746163,1687616939.980191,"['£8.00', '£14.15/kg']",8.0,£14.15/kg
15403,Silver Safety Pins,https://www.tesco.com/groceries/en-GB/products/255289814,1687616940.073907,"['£2.10', '£0.04/each']",2.1,£0.04/each
15404,Glade Aromatherapy Refill Momentof Zen Lavender Sandalwood17.4Ml,https://www.tesco.com/groceries/en-GB/products/310154211,1687616940.1432152,"['£6.00', '£344.83/litre']",6.0,£344.83/litre
15405,Tesco Recycled Cutlery Drainer Dark Grey,https://www.tesco.com/groceries/en-GB/products/305024908,1687616940.211478,"['£2.00', '£2.00/each']",2.0,£2.00/each
15406,Iron On Black Hook & Loop,https://www.tesco.com/groceries/en-GB/products/288421631,1687616940.282874,"['£2.10', '£2.10/each']",2.1,£2.10/each
15407,Cherry Blossom Regimental Gloss Neutral Polish 40G,https://www.tesco.com/groceries/en-GB/products/311442456,1687616944.978815,"['£2.10', '£5.25/100g']",2.1,£5.25/100g
15408,Tesco 2 In 1 Flat Mop Refill Blue Grey,https://www.tesco.com/groceries/en-GB/products/310019286,1687616945.059983,"['£3.00', '£3.00/each']",3.0,£3.00/each
15409,Mighty Mat Charcoal Washable Welcome Mat 40X60,https://www.tesco.com/groceries/en-GB/products/312358105,1687616945.138797,"['£5.00', '£5.00/each']",5.0,£5.00/each
15410,Tesco 3 Reusable Silicone Lids,https://www.tesco.com/groceries/en-GB/products/309769003,1687616945.227382,"['£3.00', '£1.00/each']",3.0,£1.00/each
15411,Tesco Klipfresh 190Ml 4 Pack,https://www.tesco.com/groceries/en-GB/products/296663113,1687616945.390286,"['£4.50', '£1.12/each']",4.5,£1.12/each
15412,Multi Purpose Needles,https://www.tesco.com/groceries/en-GB/products/255289935,1687616945.841661,"['£1.60', '£0.23/each']",1.6,£0.23/each
15413,Hemming Tape White,https://www.tesco.com/groceries/en-GB/products/267531481,1687616945.920256,"['£2.30', '£2.30/each']",2.3,£2.30/each
15414,Round Cord Elastic,https://www.tesco.com/groceries/en-GB/products/296508667,1687616945.998176,"['£1.90', '£1.90/each']",1.9,£1.90/each
15415,6Mm Black Elastic 3M,https://www.tesco.com/groceries/en-GB/products/288421700,1687616946.066143,"['£1.80', '£1.80/each']",1.8,£1.80/each
15416,Korbond Easy Threading Needles 110260,https://www.tesco.com/groceries/en-GB/products/261909373,1687616946.1362429,"['£1.30', '£0.22/each']",1.3,£0.22/each
15417,Korbond Home Needle Kit,https://www.tesco.com/groceries/en-GB/products/255289964,1687616946.206788,"['£1.60', '£0.04/each']",1.6,£0.04/each
15418,Neat Antibacterial Bathroom Cleaner Sage & Mint Refill 30Ml,https://www.tesco.com/groceries/en-GB/products/310672346,1687616946.3021388,"['£2.50', '£83.33/litre']",2.5,£83.33/litre
15419,"Korbond Tape Measure 60""",https://www.tesco.com/groceries/en-GB/products/255289912,1687616946.370571,"['£1.30', '£1.30/each']",1.3,£1.30/each
15420,Tesco Wire Dish And Cutlery Drainer Black,https://www.tesco.com/groceries/en-GB/products/310019424,1687616946.439162,"['£15.00', '£15.00/each']",15.0,£15.00/each
15421,Rubber Scraper,https://www.tesco.com/groceries/en-GB/products/302214216,1687616946.507127,"['£12.00', '£12.00/each']",12.0,£12.00/each
15422,Wham 9L Handy Box 3 Pack,https://www.tesco.com/groceries/en-GB/products/302729932,1687616946.587929,"['£12.00', '£4.00/each']",12.0,£4.00/each
15423,Profoot Everyday Gel Men Insoles One Pair,https://www.tesco.com/groceries/en-GB/products/295624703,1687616946.655352,"['£13.50', '£13.50/Pair']",13.5,£13.50/Pair
15424,Natures Wick 433G Candle- Woodland Rose,https://www.tesco.com/groceries/en-GB/products/308499842,1687616946.7236538,"['£16.50', '£38.11/kg']",16.5,£38.11/kg
15425,Nature Wick Scented Candle Smoked Vanilla,https://www.tesco.com/groceries/en-GB/products/306752966,1687616946.792126,"['£12.50', '£12.50/each']",12.5,£12.50/each
15426,Tesco Mint Sipper Bottle 750Ml,https://www.tesco.com/groceries/en-GB/products/309795449,1687616946.865424,"['£6.00', '£6.00/each']",6.0,£6.00/each
15427,Cherry Blossom Shoe Cleaner 200Ml,https://www.tesco.com/groceries/en-GB/products/311952440,1687616946.932457,"['£5.25', '£2.62/100ml']",5.25,£2.62/100ml
15428,Contigo Ashland Bottle Purple 710Ml,https://www.tesco.com/groceries/en-GB/products/296816050,1687616947.003853,"['£10.00', '£10.00/each']",10.0,£10.00/each
15429,Tesco WWF Stainless Steel Bottle 500Ml,https://www.tesco.com/groceries/en-GB/products/311520404,1687616947.071083,"['£8.00', '£8.00/each']",8.0,£8.00/each
15430,Contigo Ashland Bottle Smoke Emea 710Ml,https://www.tesco.com/groceries/en-GB/products/304035753,1687616947.138904,"['£10.00', '£10.00/each']",10.0,£10.00/each
15431,Tesco Stainless Steel Dish Drainer,https://www.tesco.com/groceries/en-GB/products/263866196,1687616947.210624,"['£9.00', '£9.00/each']",9.0,£9.00/each
15432,Sistema Bento Cube,https://www.tesco.com/groceries/en-GB/products/303993691,1687616947.318998,"['£7.00', '£7.00/each']",7.0,£7.00/each
15433,Sistema Quaddie,https://www.tesco.com/groceries/en-GB/products/303865774,1687616947.385487,"['£6.50', '£6.50/each']",6.5,£6.50/each
15434,Smash Heart Combo,https://www.tesco.com/groceries/en-GB/products/308611042,1687616947.454182,"['£8.50', '£8.50/each']",8.5,£8.50/each
15435,Smash Single Walled Bottle Black,https://www.tesco.com/groceries/en-GB/products/306391085,1687616947.522014,"['£6.00', '£6.00/each']",6.0,£6.00/each
15436,Cherry Blossom Ready Wax Brown 85Ml,https://www.tesco.com/groceries/en-GB/products/311421032,1687616947.5935528,"['£3.60', '£4.24/100ml']",3.6,£4.24/100ml
15437,Yankee Clean Cotton Aromatherapy Oil 10Ml,https://www.tesco.com/groceries/en-GB/products/310675487,1687616947.6629288,"['£6.00', '£600.00/litre']",6.0,£600.00/litre
15438,Cross Stitch Kit Assortment,https://www.tesco.com/groceries/en-GB/products/310708381,1687616947.729934,"['£5.99', '£5.99/each']",5.99,£5.99/each
15439,Oval Sewing Bag,https://www.tesco.com/groceries/en-GB/products/278633994,1687616947.803814,"['£5.80', '£0.14/each']",5.8,£0.14/each
15440,Mighty Mat Polka Dot Mat 40 X 60Cm,https://www.tesco.com/groceries/en-GB/products/310720549,1687616947.871367,"['£6.00', '£6.00/each']",6.0,£6.00/each
15441,Mighty Mat Paws Washable Mat 40 X 60Cm,https://www.tesco.com/groceries/en-GB/products/310720526,1687616947.937417,"['£5.00', '£5.00/each']",5.0,£5.00/each
15442,Korbond Poly Thread Dark 110783,https://www.tesco.com/groceries/en-GB/products/261907296,1687616948.0045629,"['£2.90', '£2.90/each']",2.9,£2.90/each
15443,Water Erasable Fabric Marker Pen,https://www.tesco.com/groceries/en-GB/products/288421677,1687616948.0708501,"['£3.20', '£3.20/each']",3.2,£3.20/each
15444,Contigo Auto-Pop Bottle 720Ml,https://www.tesco.com/groceries/en-GB/products/311030045,1687616948.138159,"['£8.00', '£8.00/each']",8.0,£8.00/each
15445,Vileda Ultramax 1-2 Spray Refill,https://www.tesco.com/groceries/en-GB/products/299551391,1687616948.209333,"['£6.50', '£6.50/each']",6.5,£6.50/each
15446,Cherry Blossom Shoe Care Brush Set,https://www.tesco.com/groceries/en-GB/products/312225009,1687616948.303361,"['£3.95', '£3.95/each']",3.95,£3.95/each
15447,Minky Microfibre Spray Mop Pad Refill,https://www.tesco.com/groceries/en-GB/products/312095337,1687616948.4432151,"['£4.00', '£4.00/each']",4.0,£4.00/each
15448,Joie Stretch Lids 5 Pack,https://www.tesco.com/groceries/en-GB/products/306796833,1687616948.511057,"['£5.00', '£1.00/each']",5.0,£1.00/each
15449,Korbond Sewing Needles 20 Assorted,https://www.tesco.com/groceries/en-GB/products/255289941,1687616948.579199,"['£1.80', '£0.09/each']",1.8,£0.09/each
15450,38Mm White Bra Extender,https://www.tesco.com/groceries/en-GB/products/288421619,1687616948.646522,"['£2.00', '£2.00/each']",2.0,£2.00/each
15451,Korbond Elastic White 6Mm X 3M,https://www.tesco.com/groceries/en-GB/products/255289624,1687616948.714894,"['£1.80', '£1,800.00/metre']",1.8,"£1,800.00/metre"
15452,Minky Xl Dual Actionmicrofibre &Cotton Mop Refill,https://www.tesco.com/groceries/en-GB/products/305995927,1687616948.785322,"['£4.00', '£4.00/each']",4.0,£4.00/each
15453,Non Roll Elastic 25Mm X 2M,https://www.tesco.com/groceries/en-GB/products/288421717,1687616948.8527539,"['£2.10', '£2.10/each']",2.1,£2.10/each
15454,Tesco Sponge Mop Refill Blue Grey,https://www.tesco.com/groceries/en-GB/products/310019349,1687616948.924808,"['£2.50', '£2.50/each']",2.5,£2.50/each
15455,50Mm White Bra Extender,https://www.tesco.com/groceries/en-GB/products/288421625,1687616953.905334,"['£2.20', '£2.20/each']",2.2,£2.20/each
15456,Korbond Thimble & Needle Threaders,https://www.tesco.com/groceries/en-GB/products/261909684,1687616954.081162,"['£1.60', '£0.53/each']",1.6,£0.53/each
15457,Black Elastic,https://www.tesco.com/groceries/en-GB/products/258195102,1687616954.153255,"['£1.60', '£1.60/each']",1.6,£1.60/each
15458,Cherry Blossom Round Shoe Laces Twin Pack Brown 75Cm,https://www.tesco.com/groceries/en-GB/products/311423427,1687616954.243566,"['£1.80', '£1.80/Pair']",1.8,£1.80/Pair
15459,Permanent Laundry Marker,https://www.tesco.com/groceries/en-GB/products/301342526,1687616954.415859,"['£1.60', '£1.60/each']",1.6,£1.60/each
15460,Retractable Tape Measure,https://www.tesco.com/groceries/en-GB/products/262193640,1687616954.490932,"['£2.10', '£2.10/each']",2.1,£2.10/each
15461,Korbond Elastic White 20Mm,https://www.tesco.com/groceries/en-GB/products/258195252,1687616954.5661309,"['£1.80', '£9.00/metre']",1.8,£9.00/metre
15462,Tesco Peg Basket With 48 Pegs,https://www.tesco.com/groceries/en-GB/products/285160166,1687616954.644877,"['£3.00', '£3.00/each']",3.0,£3.00/each
15463,Korbond Stitch Ripper,https://www.tesco.com/groceries/en-GB/products/255289993,1687616954.71623,"['£1.60', '£1.60/each']",1.6,£1.60/each
15464,Korbond Darning Needles,https://www.tesco.com/groceries/en-GB/products/255289929,1687616954.787599,"['£1.30', '£0.13/each']",1.3,£0.13/each
15465,Korbond Crewels,https://www.tesco.com/groceries/en-GB/products/255289987,1687616954.8586419,"['£1.30', '£0.08/each']",1.3,£0.08/each
15466,Natures Wick Multi Wick Candle Wild Honey,https://www.tesco.com/groceries/en-GB/products/309524132,1687616954.9267771,"['£16.50', '£16.50/each']",16.5,£16.50/each
15467,Mighty Mat Rubber Half Moon Mat 45X75 Cm,https://www.tesco.com/groceries/en-GB/products/298918490,1687616954.9959471,"['£12.00', '£12.00/each']",12.0,£12.00/each
15468,Tesco Hangers 30Pk Grey,https://www.tesco.com/groceries/en-GB/products/285334848,1687616955.065166,"['£12.00', '£0.40/each']",12.0,£0.40/each
15469,Philips Smart Led Full Colour 60W E27 Twin Pack,https://www.tesco.com/groceries/en-GB/products/311420027,1687616955.140924,"['£25.00', '£12.50/each']",25.0,£12.50/each
15470,Minky Express Ironing Board Cover,https://www.tesco.com/groceries/en-GB/products/304863515,1687616955.2245078,"['£15.00', '£15.00/each']",15.0,£15.00/each
15471,Mighty Mat Multi Stripe 50 X 75Cm,https://www.tesco.com/groceries/en-GB/products/310772464,1687616955.2975051,"['£12.00', '£12.00/each']",12.0,£12.00/each
15472,Profoot Everyday Gel Women One Pair Insoles,https://www.tesco.com/groceries/en-GB/products/295624749,1687616955.371528,"['£13.50', '£13.50/Pair']",13.5,£13.50/Pair
15473,Profoot Memory Foam Insoles One Size,https://www.tesco.com/groceries/en-GB/products/295624605,1687616955.440226,"['£13.50', '£13.50/Pair']",13.5,£13.50/Pair
15474,Odor-Eaters Super Tuff 1 Pair,https://www.tesco.com/groceries/en-GB/products/258532418,1687616955.507581,"['£6.00', '£6.00/Pair']",6.0,£6.00/Pair
15475,Natures Wick 284G Candle Bergamot,https://www.tesco.com/groceries/en-GB/products/310525118,1687616955.577652,"['£12.50', '£44.01/kg']",12.5,£44.01/kg
15476,Cherry Blossom Sneaker Shield 200Ml,https://www.tesco.com/groceries/en-GB/products/312211383,1687616955.64814,"['£5.25', '£2.62/100ml']",5.25,£2.62/100ml
15477,Cherry Blossom Shoe Deodoriser 200Ml,https://www.tesco.com/groceries/en-GB/products/311803859,1687616955.721112,"['£5.25', '£2.62/100ml']",5.25,£2.62/100ml
15478,Minky Eco Food Waste Caddy,https://www.tesco.com/groceries/en-GB/products/308033812,1687616955.792004,"['£7.00', '£7.00/each']",7.0,£7.00/each
15479,Natures Wick 284G Candle- Woodland Rose,https://www.tesco.com/groceries/en-GB/products/308499836,1687616955.864532,"['£12.50', '£44.01/kg']",12.5,£44.01/kg
15480,Cherry Blossom Black Suede & Nubuck Renovator 200Ml,https://www.tesco.com/groceries/en-GB/products/311800592,1687616955.9343228,"['£5.50', '£2.75/100ml']",5.5,£2.75/100ml
15481,Cherry Blossom Sneaker Cleaner 100Ml,https://www.tesco.com/groceries/en-GB/products/312226089,1687616956.005527,"['£4.50', '£4.50/100ml']",4.5,£4.50/100ml
15482,Mighty Mat Home Sweet Home Mat 40 X 60Cm,https://www.tesco.com/groceries/en-GB/products/310720578,1687616956.0752409,"['£8.00', '£8.00/each']",8.0,£8.00/each
15483,Cherry Blossom Sports Whitener White 85Ml,https://www.tesco.com/groceries/en-GB/products/311262179,1687616956.176599,"['£3.60', '£4.24/100ml']",3.6,£4.24/100ml
15484,Profoot Padded Heel Snugs 1 Pair,https://www.tesco.com/groceries/en-GB/products/265051176,1687616956.247339,"['£3.60', '£3.60/Pair']",3.6,£3.60/Pair
15485,Tesco Wire Hanging Shelf Mug Storage,https://www.tesco.com/groceries/en-GB/products/307053790,1687616956.3165078,"['£5.00', '£5.00/each']",5.0,£5.00/each
15486,Mighty Mat Leopard Heart Mat 40 X 60Cm,https://www.tesco.com/groceries/en-GB/products/310720561,1687616956.384553,"['£6.00', '£6.00/each']",6.0,£6.00/each
15487,Minky Peg Bag Geo,https://www.tesco.com/groceries/en-GB/products/302253624,1687616956.454261,"['£5.00', '£5.00/each']",5.0,£5.00/each
15488,New Clothesbrush,https://www.tesco.com/groceries/en-GB/products/278634008,1687616956.5470269,"['£5.30', '£5.30/each']",5.3,£5.30/each
15489,Tesco Fridge Storage Wine Holder,https://www.tesco.com/groceries/en-GB/products/308070646,1687616956.614433,"['£4.00', '£4.00/each']",4.0,£4.00/each
15490,Neat Antibacterial Multisurface Cleaner Fig & Mango Starter Pack,https://www.tesco.com/groceries/en-GB/products/310660547,1687616956.6813152,"['£6.00', '£6.00/each']",6.0,£6.00/each
15491,Cherry Blossom Shoe Wipes 12 Pack,https://www.tesco.com/groceries/en-GB/products/312230613,1687616956.7488241,"['£2.95', '£0.25/each']",2.95,£0.25/each
15492,Scissors Craft,https://www.tesco.com/groceries/en-GB/products/278633960,1687616956.817097,"['£4.70', '£4.70/each']",4.7,£4.70/each
15493,Korbond Poly Thread Pastel 110782,https://www.tesco.com/groceries/en-GB/products/261907133,1687616956.885508,"['£2.90', '£2.90/each']",2.9,£2.90/each
15494,Polyester Thread,https://www.tesco.com/groceries/en-GB/products/255289601,1687616957.0284228,"['£2.60', '£2.60/each']",2.6,£2.60/each
15495,Raid Ant Killer Powder 250G,https://www.tesco.com/groceries/en-GB/products/264672208,1687616957.0974689,"['£3.25', '£13.00/kg']",3.25,£13.00/kg
15496,Embroidery Floss Dark,https://www.tesco.com/groceries/en-GB/products/278634043,1687616957.173671,"['£3.10', '£0.31/each']",3.1,£0.31/each
15497,Cherry Blossom Flat Shoe Laces White 120Cm,https://www.tesco.com/groceries/en-GB/products/311210322,1687616957.242176,"['£2.15', '£2.15/Pair']",2.15,£2.15/Pair
15498,Iron On Hook & Loop,https://www.tesco.com/groceries/en-GB/products/261909626,1687616957.310362,"['£2.10', '£2.10/each']",2.1,£2.10/each
15499,Korbond Iron On Mender 3 Pack 1.5M,https://www.tesco.com/groceries/en-GB/products/258127455,1687616957.379392,"['£2.60', '£0.87/each']",2.6,£0.87/each
15500,Twinpack Hemming Tapeblack/Grey,https://www.tesco.com/groceries/en-GB/products/278633925,1687616957.4475362,"['£2.60', '£1.30/each']",2.6,£1.30/each
15501,Needle Threaders With Cutter 3Pcs,https://www.tesco.com/groceries/en-GB/products/288421683,1687616957.51565,"['£2.10', '£0.70/each']",2.1,£0.70/each
15502,Black/White Twin Pack Thread,https://www.tesco.com/groceries/en-GB/products/300899865,1687616957.5832682,"['£1.60', '£0.80/each']",1.6,£0.80/each
15503,Fairy Pomegranate & Grapefruit Washing Up Liquid 1015ML,https://www.tesco.com/groceries/en-GB/products/313751104,1687616962.28208,"['£3.00', '£2.96/litre']",3.0,£2.96/litre
15504,Stealth Smash Navy Bottle 500Ml,https://www.tesco.com/groceries/en-GB/products/308409991,1687616962.3622348,"['£1.50', '£1.50/each']",1.5,£1.50/each
15505,Philips Smart Led Full Colour Gu10 50W Twin Pack,https://www.tesco.com/groceries/en-GB/products/311782491,1687616962.473987,"['£25.00', '£12.50/each']",25.0,£12.50/each
15506,Flash Power Mop Starter Kit & 5 Pads,https://www.tesco.com/groceries/en-GB/products/308825244,1687616962.625238,"['£20.00', '£20.00/each']",20.0,£20.00/each
15507,Dymo Omega Home Embossing Label Maker,https://www.tesco.com/groceries/en-GB/products/307425195,1687616962.705457,"['£15.00', '£15.00/each']",15.0,£15.00/each
15508,Tesco Acacia Lid Glass Storage Large 3L,https://www.tesco.com/groceries/en-GB/products/310256920,1687616962.797336,"['£10.00', '£10.00/each']",10.0,£10.00/each
15509,Finish All In 1 Max Lemon 75 Dishwasher Tab 1200G,https://www.tesco.com/groceries/en-GB/products/305036917,1687616963.022208,"['£10.00', '£8.33/kg']",10.0,£8.33/kg
15510,Minky Retractable Washing Line 15M,https://www.tesco.com/groceries/en-GB/products/311785499,1687616963.099124,"['£10.00', '£10.00/each']",10.0,£10.00/each
15511,Botanica By Airwick Pink Grapefruit & Fresh Mint 80Ml,https://www.tesco.com/groceries/en-GB/products/310680287,1687616963.203129,"['£8.50', '£106.25/litre']",8.5,£106.25/litre
15512,Tesco Acacia Lid Glass Storage Medium 2L,https://www.tesco.com/groceries/en-GB/products/310256914,1687616963.302521,"['£8.00', '£8.00/each']",8.0,£8.00/each
15513,Minky Peg Pod,https://www.tesco.com/groceries/en-GB/products/303669649,1687616963.374125,"['£10.00', '£10.00/each']",10.0,£10.00/each
15514,Chalk Wheel,https://www.tesco.com/groceries/en-GB/products/288421654,1687616963.473331,"['£3.20', '£3.20/each']",3.2,£3.20/each
15515,Tesco Acacia Lid Glass Storage 1.3L,https://www.tesco.com/groceries/en-GB/products/310256908,1687616963.542607,"['£6.00', '£6.00/each']",6.0,£6.00/each
15516,Fairy Non Bio. Washing Powder 40 Washes 2.6Kg,https://www.tesco.com/groceries/en-GB/products/282028283,1687616963.6120121,"['£9.00', '£3.46/kg']",9.0,£3.46/kg
15517,Lenor Unstoppables In-Wash Scent Booster Dreams 320G,https://www.tesco.com/groceries/en-GB/products/312576517,1687616963.683379,"['£6.75', '£21.09/kg']",6.75,£21.09/kg
15518,Embroidery Floss Light,https://www.tesco.com/groceries/en-GB/products/278634037,1687616963.753269,"['£3.10', '£0.31/each']",3.1,£0.31/each
15519,"Korbond Scissors Soft Touch 6""",https://www.tesco.com/groceries/en-GB/products/258195062,1687616963.8241549,"['£4.50', '£4.50/each']",4.5,£4.50/each
15520,Dettol Antibacterial Laundry Cleanser Cotton 1.5 L,https://www.tesco.com/groceries/en-GB/products/278374966,1687616963.895054,"['£4.50', '£3.00/litre']",4.5,£3.00/litre
15521,Surf Passion Bloom Biological Liquid Detergent 24 Washes 648Ml,https://www.tesco.com/groceries/en-GB/products/312563864,1687616963.9752169,"['£3.50', '£5.40/litre']",3.5,£5.40/litre
15522,Korbond Dark Knit Yarn Oatmeal,https://www.tesco.com/groceries/en-GB/products/313011232,1687616964.0444329,"['£2.49', '£2.49/each']",2.49,£2.49/each
15523,Korbond Dark Knit Yarn White,https://www.tesco.com/groceries/en-GB/products/313010279,1687616964.1154501,"['£2.49', '£2.49/each']",2.49,£2.49/each
15524,Korbond Dark Knit Yarn` Silver Grey,https://www.tesco.com/groceries/en-GB/products/312584424,1687616964.1850722,"['£2.49', '£2.49/each']",2.49,£2.49/each
15525,Febreeze Air Freshener 3Volution Refill Crous & Bluebell 20Ml,https://www.tesco.com/groceries/en-GB/products/308113580,1687616964.250794,"['£4.00', '£200.00/litre']",4.0,£200.00/litre
15526,Febreze Air Freshener Aerosol Peony & Cedar 300Ml,https://www.tesco.com/groceries/en-GB/products/308090829,1687616964.341556,"['£2.50', '£8.33/litre']",2.5,£8.33/litre
15527,Domestos Power Foam Bathroom Cleaner Arctic Fresh 450Ml,https://www.tesco.com/groceries/en-GB/products/313182944,1687616964.4140532,"['£3.00', '£6.67/litre']",3.0,£6.67/litre
15528,Domestos Power Foam Bathroom Cleaner Citrus Blast 450Ml,https://www.tesco.com/groceries/en-GB/products/313185137,1687616964.511564,"['£3.00', '£6.67/litre']",3.0,£6.67/litre
15529,Febreze Air Freshener Aerosol Crocus & Blue Bell 300Ml,https://www.tesco.com/groceries/en-GB/products/308104297,1687616964.589331,"['£2.50', '£8.33/litre']",2.5,£8.33/litre
15530,Korbond Dark Knit Yarn Black 100Gr,https://www.tesco.com/groceries/en-GB/products/313166273,1687616964.6593091,"['£2.49', '£2.49/100g']",2.49,£2.49/100g
15531,Airwick Active Fresh Room Spray Eucalyptus Freesia 236Ml,https://www.tesco.com/groceries/en-GB/products/313625168,1687616964.72988,"['£2.75', '£11.65/litre']",2.75,£11.65/litre
15532,Fairy Original Washing Up Liquid 1015ML,https://www.tesco.com/groceries/en-GB/products/314841137,1687616964.802552,"['£3.00', '£2.96/litre']",3.0,£2.96/litre
15533,Glade Aerosol Relaxing Zen 300Ml,https://www.tesco.com/groceries/en-GB/products/284409411,1687616964.871787,"['£1.50', '£5.00/litre']",1.5,£5.00/litre
15534,Glade Aerosol Clean Linen 300Ml,https://www.tesco.com/groceries/en-GB/products/283982861,1687616964.9450722,"['£1.50', '£5.00/litre']",1.5,£5.00/litre
15535,Fairy Platinum Antibacterial Washing Up Liquid Eucalyptus 820Ml,https://www.tesco.com/groceries/en-GB/products/311424904,1687616965.015098,"['£3.00', '£3.66/litre']",3.0,£3.66/litre
15536,Glade Aerosol Sparkling Watermelon 300Ml,https://www.tesco.com/groceries/en-GB/products/313737427,1687616965.0861208,"['£1.50', '£5.00/litre']",1.5,£5.00/litre
15537,Fairy Platinum Quick Wash Washing Up Liquid 820Ml,https://www.tesco.com/groceries/en-GB/products/311424196,1687616965.155872,"['£3.00', '£3.66/litre']",3.0,£3.66/litre
15538,Duck Deep Action Gel Refreshingly Eucalyptus & Lavender 750Ml,https://www.tesco.com/groceries/en-GB/products/313755820,1687616965.225198,"['£1.25', '£1.67/litre']",1.25,£1.67/litre
15539,Duck Deep Action Gel Tropical Summer 750Ml,https://www.tesco.com/groceries/en-GB/products/313367916,1687616965.2956202,"['£1.25', '£1.67/litre']",1.25,£1.67/litre
15540,Febreze Ambi Pur 3Volution Spring Awakening Plug In 20Ml,https://www.tesco.com/groceries/en-GB/products/298867013,1687616965.366163,"['£7.00', '£35.00/100ml']",7.0,£35.00/100ml
15541,Glade Electric Eucalyptus & Lavender Scented Oil 20Ml,https://www.tesco.com/groceries/en-GB/products/313741560,1687616965.444622,"['£5.00', '£250.00/litre']",5.0,£250.00/litre
15542,Airwick Air Freshener Spring Breeze & Vanilla Kit 19Ml,https://www.tesco.com/groceries/en-GB/products/310091653,1687616965.544357,"['£4.25', '£223.68/litre']",4.25,£223.68/litre
15543,Airwick Stacey Solomon Plug In Kit Morning Meadow 19Ml,https://www.tesco.com/groceries/en-GB/products/313612638,1687616965.683794,"['£4.25', '£22.37/100ml']",4.25,£22.37/100ml
15544,Air Wick Scented Oil Electric Plug In Fresh Cotton 19Ml,https://www.tesco.com/groceries/en-GB/products/313608794,1687616965.75084,"['£4.25', '£223.68/litre']",4.25,£223.68/litre
15545,Airwick Plug In Refill Flower Meadow & Spring 19Ml,https://www.tesco.com/groceries/en-GB/products/313752702,1687616965.817826,"['£3.75', '£19.74/100ml']",3.75,£19.74/100ml
15546,Airwick Oil Refill Raspberry & Citrus 19Ml,https://www.tesco.com/groceries/en-GB/products/313523029,1687616965.9096918,"['£3.75', '£197.37/litre']",3.75,£197.37/litre
15547,Airwick Scented Oil Electric Refill Fresh Cotton 19Ml,https://www.tesco.com/groceries/en-GB/products/313505092,1687616966.002063,"['£3.75', '£197.37/litre']",3.75,£197.37/litre
15548,Airwick Plug In Refill Spring Breeze Island Vanilla 19Ml,https://www.tesco.com/groceries/en-GB/products/310680486,1687616966.105112,"['£3.75', '£197.37/litre']",3.75,£197.37/litre
15549,Airwick Stacey Solomon Essential Oil Plug-In Refill Morning Meadow 19Ml,https://www.tesco.com/groceries/en-GB/products/313524316,1687616966.198637,"['£3.75', '£197.37/litre']",3.75,£197.37/litre
15550,Airwick Essential Oils Plug In Refill Rose & Patchouli 19Ml,https://www.tesco.com/groceries/en-GB/products/313759332,1687616966.291092,"['£3.75', '£197.37/litre']",3.75,£197.37/litre
15551,Airwick Essential Oils Plug In Refill Sparkling Peach 19Ml,https://www.tesco.com/groceries/en-GB/products/313377426,1687616972.157422,"['£3.75', '£197.37/litre']",3.75,£197.37/litre
15552,Febreze Air Freshener 3Volution Plug In Refill White Jasmine 20Ml,https://www.tesco.com/groceries/en-GB/products/308115900,1687616972.394838,"['£4.00', '£200.00/litre']",4.0,£200.00/litre
15553,Febreze Air Freshener 3Volution Plug In Refill Peony&Cedar 20Ml,https://www.tesco.com/groceries/en-GB/products/308086887,1687616972.487255,"['£4.00', '£200.00/litre']",4.0,£200.00/litre
15554,Glade Beach Days & Waves Electric Oil Refill 20Ml,https://www.tesco.com/groceries/en-GB/products/313604366,1687616972.58229,"['£3.50', '£175.00/litre']",3.5,£175.00/litre
15555,Glade Electric Refill Tropical Blossoms Oil Plugin 20Ml,https://www.tesco.com/groceries/en-GB/products/306823589,1687616972.675967,"['£3.50', '£175.00/litre']",3.5,£175.00/litre
15556,Glade Electric Oil Refill Eucalyptus & Lavender 20Ml,https://www.tesco.com/groceries/en-GB/products/313606646,1687616972.768469,"['£3.50', '£175.00/litre']",3.5,£175.00/litre
15557,Ocean Saver Surface Cleaner Apple Breeze 750Ml,https://www.tesco.com/groceries/en-GB/products/313625447,1687616972.873125,"['£2.75', '£3.67/litre']",2.75,£3.67/litre
15558,Febreze Bathroom Air Freshener Citrus Active 7.5Ml,https://www.tesco.com/groceries/en-GB/products/313836074,1687616972.976494,"['£2.50', '£333.33/litre']",2.5,£333.33/litre
15559,Airwick Spring Breeze Odour Nutrlisng 236Ml,https://www.tesco.com/groceries/en-GB/products/313506010,1687616973.114804,"['£2.10', '£8.90/litre']",2.1,£8.90/litre
15560,Febreze Bathroom Air Freshener Vanilla & Magnolia 7.5Ml,https://www.tesco.com/groceries/en-GB/products/313510056,1687616973.506177,"['£2.50', '£333.33/litre']",2.5,£333.33/litre
15561,Febreze Bathroom Air Freshener Spring Awakening 7.5Ml,https://www.tesco.com/groceries/en-GB/products/313852327,1687616973.580818,"['£2.50', '£333.33/litre']",2.5,£333.33/litre
15562,Airwick Stacey Solomon Morning Meadow Odour Nutrlisng 236Ml,https://www.tesco.com/groceries/en-GB/products/313369972,1687616973.656588,"['£2.10', '£8.90/litre']",2.1,£8.90/litre
15563,Febreze Air Freshener 3Volution Refill Thai Orchid 20Ml,https://www.tesco.com/groceries/en-GB/products/276631798,1687616973.727895,"['£4.00', '£200.00/litre']",4.0,£200.00/litre
15564,Flash Spray Wipe Done Antibacterial Apple Blossom 800Ml,https://www.tesco.com/groceries/en-GB/products/313010233,1687616973.816715,"['£2.50', '£3.12/litre']",2.5,£3.12/litre
15565,Fairy Washing Up Liquid Natural Lavender & Rosemary 640Ml,https://www.tesco.com/groceries/en-GB/products/313610577,1687616973.884994,"['£3.00', '£4.69/litre']",3.0,£4.69/litre
15566,Fairy Washing Up Liquid Max Power Cherry Blossom 640Ml,https://www.tesco.com/groceries/en-GB/products/313624929,1687616973.952209,"['£3.00', '£4.69/litre']",3.0,£4.69/litre
15567,Fairy Washing Up Liquid Max Power Pomegranate 640Ml,https://www.tesco.com/groceries/en-GB/products/313371104,1687616974.022804,"['£3.00', '£4.69/litre']",3.0,£4.69/litre
15568,Fairy Washing Up Liquid Max Power Original 640Ml,https://www.tesco.com/groceries/en-GB/products/313515650,1687616974.089979,"['£3.00', '£4.69/litre']",3.0,£4.69/litre
15569,Fairy Washing Up Liquid Max Power Antibacterial 640Ml,https://www.tesco.com/groceries/en-GB/products/313363857,1687616974.161557,"['£3.00', '£4.69/litre']",3.0,£4.69/litre
15570,Elbow Grease Washing Up Liqueur Spray Lemon 500Ml,https://www.tesco.com/groceries/en-GB/products/313757109,1687616974.26785,"['£1.50', '£3.00/litre']",1.5,£3.00/litre
15571,Cushelle Fresh Toilet Paper Fragrance Free 38 Sheets,https://www.tesco.com/groceries/en-GB/products/313851464,1687616974.350389,"['£1.50', '£3.95/100sht']",1.5,£3.95/100sht
15572,Cushelle Fresh Toilet Paper Chamomile 38 Sheets,https://www.tesco.com/groceries/en-GB/products/313835403,1687616974.422545,"['£1.50', '£3.95/100sht']",1.5,£3.95/100sht
15573,Glade Aerosol Eucalyptus & Lavender 300Ml,https://www.tesco.com/groceries/en-GB/products/313380082,1687616974.492526,"['£1.50', '£5.00/litre']",1.5,£5.00/litre
15574,Flash All Purpose Crisp Lemon Floor Cleaner 950Ml,https://www.tesco.com/groceries/en-GB/products/313505005,1687616974.5615308,"['£2.00', '£2.10/litre']",2.0,£2.10/litre
15575,Flash All Purpose Liquid Lavender Floor Cleaner 950Ml,https://www.tesco.com/groceries/en-GB/products/313604844,1687616974.628959,"['£2.00', '£2.10/litre']",2.0,£2.10/litre
15576,Dettol Antibacterial Surface Cleanser Spray 440Ml,https://www.tesco.com/groceries/en-GB/products/310161790,1687616974.697695,"['£1.30', '£2.96/litre']",1.3,£2.96/litre
15577,Fairy Washing Up Liquid Orange & & Yuzu 654Ml,https://www.tesco.com/groceries/en-GB/products/313626553,1687616974.76543,"['£2.00', '£3.06/litre']",2.0,£3.06/litre
15578,Fairy Original Washing Up Liquid 654Ml,https://www.tesco.com/groceries/en-GB/products/313187081,1687616974.842484,"['£2.00', '£3.06/litre']",2.0,£3.06/litre
15579,Fairy Lemon Washing Up Liquid 654Ml,https://www.tesco.com/groceries/en-GB/products/313610427,1687616974.9147189,"['£2.00', '£3.06/litre']",2.0,£3.06/litre
15580,Fairy Lemon Washing Up Liquid 320Ml,https://www.tesco.com/groceries/en-GB/products/313521348,1687616974.99854,"['£1.00', '£3.12/litre']",1.0,£3.12/litre
15581,Fairy Original Washing Up Liquid 320Ml,https://www.tesco.com/groceries/en-GB/products/313518537,1687616975.071421,"['£1.00', '£3.12/litre']",1.0,£3.12/litre
15582,Glade Electric Tropical Blossoms Oil Plugin 20Ml,https://www.tesco.com/groceries/en-GB/products/306819854,1687616975.145824,"['£5.00', '£250.00/litre']",5.0,£250.00/litre
15583,Ecover All In One Dishwasher Tablets 68 1.36Kg,https://www.tesco.com/groceries/en-GB/products/314323307,1687616975.241432,"['£17.00', '£12.50/kg']",17.0,£12.50/kg
15584,Fairy Original All In One Lemon 60 Dishwasher Tablets 811G,https://www.tesco.com/groceries/en-GB/products/313526887,1687616975.417266,"['£10.00', '£12.33/kg']",10.0,£12.33/kg
15585,Fairy Platinum All In One Original 51 Dishwasher Tablets 760G,https://www.tesco.com/groceries/en-GB/products/312720828,1687616975.508287,"['£10.00', '£13.16/kg']",10.0,£13.16/kg
15586,Finish All In 1 Max Original 75 Dishwasher Tab 1200G,https://www.tesco.com/groceries/en-GB/products/305041496,1687616975.602624,"['£10.00', '£8.33/kg']",10.0,£8.33/kg
15587,Fairy Platinum All In One Lemon 51 Dishwasher Tablets 760G,https://www.tesco.com/groceries/en-GB/products/313612857,1687616975.6721568,"['£10.00', '£13.16/kg']",10.0,£13.16/kg
15588,Dettol Antibacterial L/Sanitiser Spring Blossom 2.5Ltr,https://www.tesco.com/groceries/en-GB/products/313363840,1687616975.770079,"['£7.50', '£3.00/litre']",7.5,£3.00/litre
15589,Bold Washing Gel Exotic Bloom 35 Washes 1225Ml,https://www.tesco.com/groceries/en-GB/products/312559098,1687616975.838391,"['£7.50', '£6.12/litre']",7.5,£6.12/litre
15590,Fairy Platinum Plus All In One 42 Dishwasher Tablets Lemon 651G,https://www.tesco.com/groceries/en-GB/products/313612673,1687616975.9074838,"['£12.00', '£18.43/kg']",12.0,£18.43/kg
15591,Fairy Platinum All In One 74 Lemon Dishwasher Tablets 1103G,https://www.tesco.com/groceries/en-GB/products/313622298,1687616975.99952,"['£12.50', '£11.33/kg']",12.5,£11.33/kg
15592,Fairy Platinum Plus All In One Lemon Dishwasher Tablets 450G,https://www.tesco.com/groceries/en-GB/products/313368466,1687616976.0675032,"['£10.00', '£22.22/kg']",10.0,£22.22/kg
15593,Ariel All In One Washing Pods Original 51 Washes 999.6G,https://www.tesco.com/groceries/en-GB/products/312987967,1687616976.141186,"['£12.00', '£12.00/kg']",12.0,£12.00/kg
15594,Fairy Platinum All In One 32 Dishwasher Tablets Lemon 477G,https://www.tesco.com/groceries/en-GB/products/313384210,1687616976.240404,"['£8.00', '£16.77/kg']",8.0,£16.77/kg
15595,Fairy All In One 38 Dishwasher Tablets Lemon 513G,https://www.tesco.com/groceries/en-GB/products/313381680,1687616976.3145301,"['£8.00', '£15.60/kg']",8.0,£15.60/kg
15596,Glade Auto Spray Sparkling Watermelon 269Ml,https://www.tesco.com/groceries/en-GB/products/313744522,1687616976.38876,"['£7.50', '£27.88/litre']",7.5,£27.88/litre
15597,Feel Good Toilet Tissue 9 Rolls,https://www.tesco.com/groceries/en-GB/products/313375169,1687616976.463812,"['£5.45', '£5.45/each']",5.45,£5.45/each
15598,Ariel All In One Platinum Washing Pods 44 Washes 1020.8G,https://www.tesco.com/groceries/en-GB/products/313369427,1687616976.539863,"['£12.00', '£11.76/kg']",12.0,£11.76/kg
15599,Oceansaver All In One Dishwasher Ecotabs 30S 360G,https://www.tesco.com/groceries/en-GB/products/312100687,1687616981.283801,"['£7.00', '£19.44/kg']",7.0,£19.44/kg
15600,Glade Automatic Spray Refill Watermelon 269Ml,https://www.tesco.com/groceries/en-GB/products/313603937,1687616981.610574,"['£3.75', '£13.94/litre']",3.75,£13.94/litre
15601,Ariel All In One Washing Pods Colour 25 Washes 460G,https://www.tesco.com/groceries/en-GB/products/313511585,1687616981.7474089,"['£6.50', '£14.13/kg']",6.5,£14.13/kg
15602,Ariel All In One Washing Pods Original 25 Washes 490G,https://www.tesco.com/groceries/en-GB/products/313605025,1687616981.833896,"['£6.50', '£13.26/kg']",6.5,£13.26/kg
15603,Glade Automatic Spray Eucalyptus & Lavender Refill 269Ml,https://www.tesco.com/groceries/en-GB/products/313159506,1687616982.0621219,"['£3.75', '£1.39/100ml']",3.75,£1.39/100ml
15604,Ariel All In One Washing Pods Original 33 Washes 646.8G,https://www.tesco.com/groceries/en-GB/products/313605137,1687616982.1339898,"['£8.00', '£12.37/kg']",8.0,£12.37/kg
15605,Ariel All In One Platinum Washing Pods 29 Washes 672.8G,https://www.tesco.com/groceries/en-GB/products/313360578,1687616982.234603,"['£8.00', '£11.89/kg']",8.0,£11.89/kg
15606,Tesco Colour Biological Detergent Capsules 25W 425Ml,https://www.tesco.com/groceries/en-GB/products/313386398,1687616982.3255281,"['£4.00', '£9.41/litre']",4.0,£9.41/litre
15607,Glade Sense & Spray Refill Sparkling Watermelon 18Ml,https://www.tesco.com/groceries/en-GB/products/313387837,1687616982.3919969,"['£3.50', '£194.44/litre']",3.5,£194.44/litre
15608,Glade Sense & Spray Refill Bali Sandalwood,https://www.tesco.com/groceries/en-GB/products/270831156,1687616982.46132,"['£3.50', '£194.44/litre']",3.5,£194.44/litre
15609,Glade Sense & Spray Eucalyptus & Lavender 18Ml,https://www.tesco.com/groceries/en-GB/products/313526167,1687616982.532469,"['£3.50', '£19.44/100ml']",3.5,£19.44/100ml
15610,Glade Sense & Spray Beach Days & Waves Refill 18Ml,https://www.tesco.com/groceries/en-GB/products/313610456,1687616982.6006389,"['£3.50', '£194.44/litre']",3.5,£194.44/litre
15611,Airwick Stacey Solomon Freshmatic Refill Morning Meadow 250Ml,https://www.tesco.com/groceries/en-GB/products/313162565,1687616982.667437,"['£3.75', '£15.00/litre']",3.75,£15.00/litre
15612,Airwick Freshmatic Refill Wild Rose & Patchouli 250Ml,https://www.tesco.com/groceries/en-GB/products/313609827,1687616982.7579908,"['£3.75', '£15.00/litre']",3.75,£15.00/litre
15613,Surf Fresh Lavender Biological Washing Powder 45 Washes 2250G,https://www.tesco.com/groceries/en-GB/products/313858232,1687616982.8480482,"['£6.00', '£2.67/kg']",6.0,£2.67/kg
15614,Glade Sense And Spray Refill Peony& Cherry 18Ml,https://www.tesco.com/groceries/en-GB/products/297315450,1687616982.914606,"['£3.50', '£1.94/10ml']",3.5,£1.94/10ml
15615,Airwick Freshmatic Refill Sparkling Peach & Apricot 250Ml,https://www.tesco.com/groceries/en-GB/products/313504605,1687616982.992002,"['£3.75', '£15.00/litre']",3.75,£15.00/litre
15616,Ocean Saver Surface Cleaner Ocean Mist 750Ml,https://www.tesco.com/groceries/en-GB/products/313625387,1687616983.081259,"['£2.75', '£3.67/litre']",2.75,£3.67/litre
15617,Ocean Saver Surface Cleaner Pink Grapefruit 750Ml,https://www.tesco.com/groceries/en-GB/products/313501159,1687616983.147274,"['£2.75', '£3.67/litre']",2.75,£3.67/litre
15618,Dettol Protect 24 Hour Antibacterial Cleaner Ocean Fresh 460Ml,https://www.tesco.com/groceries/en-GB/products/313367663,1687616983.215164,"['£3.00', '£6.52/litre']",3.0,£6.52/litre
15619,Ariel All In One Washing Pods Original 13 Washes 254.8G,https://www.tesco.com/groceries/en-GB/products/313361992,1687616983.284826,"['£4.00', '£15.70/kg']",4.0,£15.70/kg
15620,Flash Cleaning Spray Wipe Done Citrus Pet 800Ml,https://www.tesco.com/groceries/en-GB/products/313384659,1687616983.373785,"['£2.50', '£3.12/litre']",2.5,£3.12/litre
15621,Flash Spray Wipe Glass Cleaner Lavender & Rosemary 800Ml,https://www.tesco.com/groceries/en-GB/products/313361295,1687616983.445787,"['£2.50', '£3.12/litre']",2.5,£3.12/litre
15622,Chesapeake Bay Grapefruit Mango Candle 355G,https://www.tesco.com/groceries/en-GB/products/312110986,1687616983.521156,"['£16.50', '£46.48/kg']",16.5,£46.48/kg
15623,Natures Wick Large Candle Coconut Saffron,https://www.tesco.com/groceries/en-GB/products/306753101,1687616983.588646,"['£16.50', '£16.50/each']",16.5,£16.50/each
15624,Chesapeake Bay Cranberry Dehlia Candle 250G,https://www.tesco.com/groceries/en-GB/products/311947942,1687616983.65675,"['£12.50', '£50.00/kg']",12.5,£50.00/kg
15625,Nature Wick Scented Candle Coconut Saffron,https://www.tesco.com/groceries/en-GB/products/306753026,1687616983.724702,"['£12.50', '£12.50/each']",12.5,£12.50/each
15626,Fairy Non Biological Washing Powder 65 Washes 4225G,https://www.tesco.com/groceries/en-GB/products/313524570,1687616983.7918751,"['£13.50', '£3.20/kg']",13.5,£3.20/kg
15627,Fairy Non Biological Washing Pods 51 Washes 1086.3G,https://www.tesco.com/groceries/en-GB/products/313515304,1687616983.858295,"['£12.00', '£11.05/kg']",12.0,£11.05/kg
15628,Bold All In One Washing Pods Pink Blossom 51 Washes 989.4G,https://www.tesco.com/groceries/en-GB/products/313607607,1687616983.929544,"['£12.00', '£12.13/kg']",12.0,£12.13/kg
15629,Candlelight Floral Rose Light Up Candle 70G,https://www.tesco.com/groceries/en-GB/products/312341015,1687616983.9978619,"['£8.50', '£121.43/kg']",8.5,£121.43/kg
15630,Bold All In One Washing Pods Spring Awakening 51 Washes 989.4G,https://www.tesco.com/groceries/en-GB/products/313623470,1687616984.066305,"['£12.00', '£12.13/kg']",12.0,£12.13/kg
15631,Fairy Non Biological Platinum Washing 44 Pods 1020.8G,https://www.tesco.com/groceries/en-GB/products/313608287,1687616984.133387,"['£12.00', '£11.76/kg']",12.0,£11.76/kg
15632,Plenty Everyday Kitchen Towel 4 Rolls,https://www.tesco.com/groceries/en-GB/products/314408597,1687616984.22744,"['£5.95', '£1.49/100sht']",5.95,£1.49/100sht
15633,Ariel Colour Washing Liquid 51 Washes 1785Ml,https://www.tesco.com/groceries/en-GB/products/313735504,1687616984.293113,"['£9.00', '£5.04/litre']",9.0,£5.04/litre
15634,Fairy Non Biological Washing Liquid 51 Washes 1785Ml,https://www.tesco.com/groceries/en-GB/products/313743039,1687616984.3632221,"['£9.00', '£5.04/litre']",9.0,£5.04/litre
15635,Yankee Fresh Eucalyptus Candle 104G,https://www.tesco.com/groceries/en-GB/products/312835255,1687616984.4284108,"['£5.50', '£52.88/kg']",5.5,£52.88/kg
15636,Ariel All In One Washing Pods Colour 33 Washes 607.2G,https://www.tesco.com/groceries/en-GB/products/313614135,1687616984.494747,"['£8.00', '£13.18/kg']",8.0,£13.18/kg
15637,Bold All In One Lavender & Chamomile Washing Pods 33 Washes 640.2G,https://www.tesco.com/groceries/en-GB/products/313611144,1687616984.621845,"['£8.00', '£12.50/kg']",8.0,£12.50/kg
15638,Bold All In One Pink Blossom Washing Pods 25 Washes 485G,https://www.tesco.com/groceries/en-GB/products/313161854,1687616984.781098,"['£6.50', '£13.40/kg']",6.5,£13.40/kg
15639,Fairy Non Biological Washing Pods 25 Washes 532.5G,https://www.tesco.com/groceries/en-GB/products/313620611,1687616984.847135,"['£6.50', '£12.21/kg']",6.5,£12.21/kg
15640,Bold All In One Washing Pod Lavender & Chamomile 25 Washes 45G,https://www.tesco.com/groceries/en-GB/products/312855677,1687616984.91814,"['£6.50', '£13.40/kg']",6.5,£13.40/kg
15641,Ariel Original Washing Liquid 35 Washes 1225Ml,https://www.tesco.com/groceries/en-GB/products/313601882,1687616984.985304,"['£7.00', '£0.57/100ml']",7.0,£0.57/100ml
15642,Fairy Non Biological Washing Pods 33 Washes 702.9G,https://www.tesco.com/groceries/en-GB/products/313513796,1687616985.0639622,"['£8.00', '£11.38/kg']",8.0,£11.38/kg
15643,Fairy Non Biological Washing Liquid 35 Washes 1225Ml,https://www.tesco.com/groceries/en-GB/products/313362985,1687616985.156947,"['£7.00', '£5.71/litre']",7.0,£5.71/litre
15644,Bold All In One Washing Pods Spring 33 Washing 640.2G,https://www.tesco.com/groceries/en-GB/products/313604625,1687616985.2384489,"['£8.00', '£12.50/kg']",8.0,£12.50/kg
15645,Fairy Platinum Non Biological Washing Pods 29 Washes 672.8G,https://www.tesco.com/groceries/en-GB/products/313367409,1687616985.3310232,"['£8.00', '£11.89/kg']",8.0,£11.89/kg
15646,Tesco Timeless White Iris & Violet Candle 300G,https://www.tesco.com/groceries/en-GB/products/312917470,1687616985.422296,"['£4.00', '£13.33/kg']",4.0,£13.33/kg
15647,Tesco Timeless Pear & Freesia Candle 300G,https://www.tesco.com/groceries/en-GB/products/312917441,1687616990.455456,"['£4.00', '£13.33/kg']",4.0,£13.33/kg
15648,Tesco Timeless Mimosa Blossom Candle 300G,https://www.tesco.com/groceries/en-GB/products/312917464,1687616990.5425742,"['£4.00', '£13.33/kg']",4.0,£13.33/kg
15649,Tesco Non Biological Detergent Capsules 40W 680Ml,https://www.tesco.com/groceries/en-GB/products/313376001,1687616990.644692,"['£5.50', '£8.09/litre']",5.5,£8.09/litre
15650,Daz Washing Powder Whites & Colours 65 Washes 4225G,https://www.tesco.com/groceries/en-GB/products/313609712,1687616990.787348,"['£9.00', '£2.13/kg']",9.0,£2.13/kg
15651,Tesco Lavender Dreams Biological Detergent Capsules 40W 680Ml,https://www.tesco.com/groceries/en-GB/products/313360768,1687616990.8763242,"['£5.50', '£8.09/litre']",5.5,£8.09/litre
15652,Dettol Protect 24 Hour Antibacterial Wipes Ocean Fresh 80S,https://www.tesco.com/groceries/en-GB/products/313602437,1687616991.0868301,"['£3.50', '£0.04/each']",3.5,£0.04/each
15653,Ocean Saver Kitchen Cleaner Citrus Kelp 750Ml,https://www.tesco.com/groceries/en-GB/products/313624250,1687616991.16051,"['£2.75', '£3.67/litre']",2.75,£3.67/litre
15654,Fairy Non Biological Washing Pods 13 Washes 276.9G,https://www.tesco.com/groceries/en-GB/products/313516758,1687616991.230328,"['£4.00', '£14.45/kg']",4.0,£14.45/kg
15655,Ocean Saver Bathroom Cleaner Pomegranate 750Ml,https://www.tesco.com/groceries/en-GB/products/313522177,1687616991.328992,"['£2.75', '£3.67/litre']",2.75,£3.67/litre
15656,Dettol Protect 24 Hour Antibacterial Wipes Ocean Fresh 50S,https://www.tesco.com/groceries/en-GB/products/313502057,1687616991.405931,"['£3.00', '£0.06/each']",3.0,£0.06/each
15657,Airwick Air Freshener Candle White Vanilla Bean,https://www.tesco.com/groceries/en-GB/products/265052244,1687616991.49873,"['£2.00', '£19.05/kg']",2.0,£19.05/kg
15658,Swan Vesta Matches 1 Box,https://www.tesco.com/groceries/en-GB/products/314317658,1687616991.5686479,"['£0.40', '£0.00/each']",0.4,£0.00/each
15659,Knitting Needles 3.25Mmx35cm Aluminium,https://www.tesco.com/groceries/en-GB/products/275644560,1687616991.640616,"['£1.79', '£1.79/each']",1.79,£1.79/each
15660,Yankee Sugared Strawberries Candle 538G,https://www.tesco.com/groceries/en-GB/products/312701189,1687616991.710047,"['£15.00', '£27.88/kg']",15.0,£27.88/kg
15661,Yankee Lavender Beach Candle 538G,https://www.tesco.com/groceries/en-GB/products/313160437,1687616991.782112,"['£15.00', '£27.88/kg']",15.0,£27.88/kg
15662,Yankee Caramel Crunch Candle 538G,https://www.tesco.com/groceries/en-GB/products/312576083,1687616991.851785,"['£15.00', '£27.88/kg']",15.0,£27.88/kg
15663,Yankee Morning Bliss Candle 538G,https://www.tesco.com/groceries/en-GB/products/313177300,1687616991.920989,"['£15.00', '£27.88/kg']",15.0,£27.88/kg
15664,Chesapeake Bay Grapefruit Mango Candle 250G,https://www.tesco.com/groceries/en-GB/products/312700455,1687616992.0008152,"['£12.50', '£50.00/kg']",12.5,£50.00/kg
15665,Yankee Caramel Crunch Candle 340G,https://www.tesco.com/groceries/en-GB/products/313009604,1687616992.06833,"['£12.00', '£35.29/kg']",12.0,£35.29/kg
15666,Yankee Moon & Back Candle 340G,https://www.tesco.com/groceries/en-GB/products/312569322,1687616992.137344,"['£12.00', '£35.29/kg']",12.0,£35.29/kg
15667,Yankee Sugared B/Berrs Candle 340G,https://www.tesco.com/groceries/en-GB/products/313008219,1687616992.205322,"['£12.00', '£35.29/kg']",12.0,£35.29/kg
15668,Yankee Bubble Time Candle 340G,https://www.tesco.com/groceries/en-GB/products/313176059,1687616992.278846,"['£12.00', '£35.29/kg']",12.0,£35.29/kg
15669,Yankee Morning Bliss Candle 340G,https://www.tesco.com/groceries/en-GB/products/312982707,1687616992.3454359,"['£12.00', '£35.29/kg']",12.0,£35.29/kg
15670,Yankee Fresh Eucalyptus Candle 340G,https://www.tesco.com/groceries/en-GB/products/312721827,1687616992.4112241,"['£12.00', '£35.29/kg']",12.0,£35.29/kg
15671,Yankee Lavender Beach Candle 340G,https://www.tesco.com/groceries/en-GB/products/313005689,1687616992.489295,"['£12.00', '£35.29/kg']",12.0,£35.29/kg
15672,Natures Wick Sea Salt Watermelon Candle 433G,https://www.tesco.com/groceries/en-GB/products/313166590,1687616992.555676,"['£16.50', '£38.11/kg']",16.5,£38.11/kg
15673,Tesco Apothecary Reed Diffuser Tomato Leaf 100Ml,https://www.tesco.com/groceries/en-GB/products/312917769,1687616992.620539,"['£8.50', '£85.00/litre']",8.5,£85.00/litre
15674,Tesco Apothecary Camomile & Green Tea Candle 350G,https://www.tesco.com/groceries/en-GB/products/312917752,1687616992.693805,"['£8.50', '£24.29/kg']",8.5,£24.29/kg
15675,Tesco Apothecary Tomato Leaf Candle 350G,https://www.tesco.com/groceries/en-GB/products/312917746,1687616992.7626638,"['£8.50', '£24.29/kg']",8.5,£24.29/kg
15676,Natures Wick Sea Salt Watermelon Candle 284G,https://www.tesco.com/groceries/en-GB/products/313005050,1687616992.833046,"['£12.50', '£44.01/kg']",12.5,£44.01/kg
15677,Tesco Mindful Balance Ceramic Candle 440G,https://www.tesco.com/groceries/en-GB/products/312940280,1687616992.904335,"['£8.00', '£18.18/kg']",8.0,£18.18/kg
15678,Yankee Morning Bliss Candle 104G,https://www.tesco.com/groceries/en-GB/products/313162997,1687616992.971943,"['£5.50', '£52.88/kg']",5.5,£52.88/kg
15679,Yankee Bubble Time Candle 104G,https://www.tesco.com/groceries/en-GB/products/313012110,1687616993.042742,"['£5.50', '£52.88/kg']",5.5,£52.88/kg
15680,Wax Lyrical Bright Blue Ozon Candle 190G,https://www.tesco.com/groceries/en-GB/products/313167447,1687616993.110107,"['£6.00', '£31.58/kg']",6.0,£31.58/kg
15681,Chapter B Warm Amber & Bergamot Boxed Candle 220G,https://www.tesco.com/groceries/en-GB/products/313007111,1687616993.176128,"['£6.00', '£27.27/kg']",6.0,£27.27/kg
15682,Tesco Nostaligia Perfect Spring Boxed Candle 125G,https://www.tesco.com/groceries/en-GB/products/312917809,1687616993.242342,"['£5.00', '£40.00/kg']",5.0,£40.00/kg
15683,Tesco Apothecary Tomato Leaf Candle 140G,https://www.tesco.com/groceries/en-GB/products/312917723,1687616993.309719,"['£4.00', '£28.57/kg']",4.0,£28.57/kg
15684,Tesco Apothecary Camomile & Green Tea Candle 140G,https://www.tesco.com/groceries/en-GB/products/312917737,1687616993.381716,"['£4.00', '£28.57/kg']",4.0,£28.57/kg
15685,Tesco Nostalgia Summer Nights Boxed Candle 125G,https://www.tesco.com/groceries/en-GB/products/312917821,1687616993.448092,"['£5.00', '£40.00/kg']",5.0,£40.00/kg
15686,Tesco Mindful Energy Candle 160G,https://www.tesco.com/groceries/en-GB/products/312940274,1687616993.5162299,"['£4.00', '£25.00/kg']",4.0,£25.00/kg
15687,Tesco Mindful Positivity Candle 160G,https://www.tesco.com/groceries/en-GB/products/312940251,1687616993.582805,"['£4.00', '£25.00/kg']",4.0,£25.00/kg
15688,Glade Beach Days & Waves Scented Candle 129G,https://www.tesco.com/groceries/en-GB/products/313517878,1687616993.678696,"['£3.50', '£27.13/kg']",3.5,£27.13/kg
15689,Glade Sparkling Watermelon Candle 129G,https://www.tesco.com/groceries/en-GB/products/313512549,1687616993.838934,"['£3.50', '£27.13/kg']",3.5,£27.13/kg
15690,Tesco Apple Blossom & Pear Diffuser 30Ml,https://www.tesco.com/groceries/en-GB/products/312917700,1687616993.929943,"['£1.50', '£50.00/litre']",1.5,£50.00/litre
15691,Calex Smart Led Rustic E27 Filament Lamp,https://www.tesco.com/groceries/en-GB/products/312578864,1687616994.006859,"['£12.00', '£12.00/each']",12.0,£12.00/each
15692,Wax Lyrical Oksygen Diffuser Refill 200Ml,https://www.tesco.com/groceries/en-GB/products/313165547,1687616994.073619,"['£8.00', '£40.00/litre']",8.0,£40.00/litre
15693,Calex Smart Led Rustic E27 Lamp,https://www.tesco.com/groceries/en-GB/products/312697400,1687616994.140662,"['£12.00', '£12.00/each']",12.0,£12.00/each
15694,Tesco Mindful Energy Diffuser 150Ml,https://www.tesco.com/groceries/en-GB/products/312940357,1687616994.213417,"['£10.00', '£66.67/litre']",10.0,£66.67/litre
15695,Airwick Freshmatic Kit Sparkling Peach & Apricot 250Ml,https://www.tesco.com/groceries/en-GB/products/313385975,1687616998.9516218,"['£7.50', '£30.00/litre']",7.5,£30.00/litre
15696,Airwick Spring Breeze & Island Vanilla Freshmatic 250Ml,https://www.tesco.com/groceries/en-GB/products/313622540,1687616999.038833,"['£7.50', '£30.00/litre']",7.5,£30.00/litre
15697,Airwick Essential Oils Rose & Patchouli Reed Diffuser 42 Ml,https://www.tesco.com/groceries/en-GB/products/313744637,1687616999.116574,"['£8.50', '£202.38/litre']",8.5,£202.38/litre
15698,Airwick Stacey Solomon Essential Oils Diffuser Morning Meadow 42Ml,https://www.tesco.com/groceries/en-GB/products/313740463,1687616999.186453,"['£8.50', '£202.38/litre']",8.5,£202.38/litre
15699,Ariel Original Washing Liquid 51 Washes 1785Ml,https://www.tesco.com/groceries/en-GB/products/313167681,1687616999.2630432,"['£9.00', '£5.04/litre']",9.0,£5.04/litre
15700,Tesco Lavender Dreams Biological Detergent Capsules 25W 425Ml,https://www.tesco.com/groceries/en-GB/products/313171502,1687616999.3595579,"['£4.00', '£9.41/litre']",4.0,£9.41/litre
15701,Tesco Color Biological Detergent Capsules 40W 680Ml,https://www.tesco.com/groceries/en-GB/products/313515949,1687616999.440714,"['£5.50', '£8.09/litre']",5.5,£8.09/litre
15702,Duck Fresh Discs Refill Refresh Eucalyptus & Lavender 2X36ml,https://www.tesco.com/groceries/en-GB/products/313840644,1687616999.510923,"['£5.25', '£7.29/100ml']",5.25,£7.29/100ml
15703,Tesco Orange Blossom & Pomegranate Biological Capsules 25W 425Ml,https://www.tesco.com/groceries/en-GB/products/313519473,1687616999.6546052,"['£4.00', '£9.41/litre']",4.0,£9.41/litre
15704,Tesco Biological Detergent Capsules 25W 425Ml,https://www.tesco.com/groceries/en-GB/products/313361220,1687616999.865906,"['£4.00', '£9.41/litre']",4.0,£9.41/litre
15705,Toastabags Air Fryer Liner Reusable 1 Pack,https://www.tesco.com/groceries/en-GB/products/313855419,1687616999.936052,"['£1.65', '£1.65/each']",1.65,£1.65/each
15706,Duck Fresh Disc Holder Refresh Eucalyptus & Lavender 36Ml,https://www.tesco.com/groceries/en-GB/products/313837087,1687617000.004899,"['£3.00', '£8.33/100ml']",3.0,£8.33/100ml
15707,Tesco Wooden Hangers 5 Pack,https://www.tesco.com/groceries/en-GB/products/312618674,1687617000.0747929,"['£3.50', '£0.70/each']",3.5,£0.70/each
15708,Tesco Ready To Eat 2 Roast Boneless Chicken Breasts 245G,https://www.tesco.com/groceries/en-GB/products/264465356,1687617323.757087,"['£3.15', '£1.29/100g']",3.15,£1.29/100g
15709,Activia Strawberry Yogurt 4X115g,https://www.tesco.com/groceries/en-GB/products/308114446,1687617323.832723,"['£2.50', '£0.54/100g']",2.5,£0.54/100g
15710,Dairylea Dunkers Jumbo Tubes Cheese Snacks 6 Pack 246G,https://www.tesco.com/groceries/en-GB/products/308849452,1687617323.910628,"['£3.30', '£13.42/kg']",3.3,£13.42/kg
15711,Tesco Fresh British Extra Thick Double Cream 600Ml,https://www.tesco.com/groceries/en-GB/products/262480260,1687617324.052657,"['£2.70', '£0.45/100ml']",2.7,£0.45/100ml
15712,Dairylea Lunchables Ham & Cheese 74.1G,https://www.tesco.com/groceries/en-GB/products/308867509,1687617324.121637,"['£1.60', '£21.59/kg']",1.6,£21.59/kg
15713,Tesco Organic Semi- Skimmed Milk 1.136L/2 Pints,https://www.tesco.com/groceries/en-GB/products/251499710,1687617324.21073,"['£1.65', '£1.45/litre']",1.65,£1.45/litre
15714,Herta Classic Frankfurters Hot Dogs 10 Pack 350G,https://www.tesco.com/groceries/en-GB/products/254273333,1687617324.284731,"['£2.55', '£0.73/100g']",2.55,£0.73/100g
15715,Tesco Strawberry Trifles 405G (3X135g),https://www.tesco.com/groceries/en-GB/products/304398956,1687617324.370983,"['£2.00', '£0.49/100g']",2.0,£0.49/100g
15716,Frubes Strawberry Red Berry & Peach Yogurts 9X37g,https://www.tesco.com/groceries/en-GB/products/302328940,1687617324.43798,"['£2.25', '£0.68/100g']",2.25,£0.68/100g
15717,Vitalite Dairy Free Spread 500G,https://www.tesco.com/groceries/en-GB/products/253250771,1687617324.526172,"['£1.79', '£3.58/kg']",1.79,£3.58/kg
15718,Tesco Watercress Spinach & Rocket 80G,https://www.tesco.com/groceries/en-GB/products/292704781,1687617324.601186,"['£1.35', '£1.69/100g']",1.35,£1.69/100g
15719,Tesco Stone Baked Bbq Chicken Pizza 303G,https://www.tesco.com/groceries/en-GB/products/308470697,1687617324.674895,"['£3.50', '£1.16/100g']",3.5,£1.16/100g
15720,Fresh & Naked Mixed Little Leaves 90G,https://www.tesco.com/groceries/en-GB/products/268477290,1687617324.766551,"['£1.20', '£13.33/kg']",1.2,£13.33/kg
15721,Creamfields Lighter Mature Cheese 400G,https://www.tesco.com/groceries/en-GB/products/302676629,1687617324.857929,"['£2.85', '£7.12/kg']",2.85,£7.12/kg
15722,Philadelphia Light Soft Cheese 165G,https://www.tesco.com/groceries/en-GB/products/311786803,1687617324.927487,"['£2.20', '£13.33/kg']",2.2,£13.33/kg
15723,Tesco Carrot & Swede Mash 450G,https://www.tesco.com/groceries/en-GB/products/299982590,1687617325.026148,"['£1.50', '£3.33/kg']",1.5,£3.33/kg
15724,Ms Mollys Chocolate Layered Dessert 100G,https://www.tesco.com/groceries/en-GB/products/302064491,1687617325.119206,"['£0.75', '£0.75/100g']",0.75,£0.75/100g
15725,Tesco Traditional Sliced Runner Beans 160G,https://www.tesco.com/groceries/en-GB/products/301194326,1687617325.190742,"['£1.75', '£10.94/kg']",1.75,£10.94/kg
15726,Tesco Apple Snack Pack 80G,https://www.tesco.com/groceries/en-GB/products/286681924,1687617325.279648,"['£0.50', '£6.25/kg']",0.5,£6.25/kg
15727,Albert Bartlett Root Vegetable Mash 400G,https://www.tesco.com/groceries/en-GB/products/309477901,1687617325.368242,"['£1.25', '£3.12/kg']",1.25,£3.12/kg
15728,Suntrail Farms Soft Citrus Pack 600G,https://www.tesco.com/groceries/en-GB/products/292216000,1687617325.4626,"['£0.99', '£1.65/kg']",0.99,£1.65/kg
15729,Tesco 10 Salami Slices 100G,https://www.tesco.com/groceries/en-GB/products/261764986,1687617325.531832,"['£1.10', '£1.10/100g']",1.1,£1.10/100g
15730,Ms Molly's Strawberry Trifle (2X115g) 230G,https://www.tesco.com/groceries/en-GB/products/300990854,1687617325.602487,"['£0.79', '£0.34/100g']",0.79,£0.34/100g
15731,Tesco Mangetout 150G,https://www.tesco.com/groceries/en-GB/products/293952968,1687617325.675627,"['£1.05', '£7.00/kg']",1.05,£7.00/kg
15732,Creamfields 15 Cheese Slices 255G,https://www.tesco.com/groceries/en-GB/products/307760874,1687617325.744531,"['£0.83', '£3.26/kg']",0.83,£3.26/kg
15733,Tesco Large Chicken Fillet Pack 1.6Kg,https://www.tesco.com/groceries/en-GB/products/303152949,1687617325.817163,"['£9.95', '£6.22/kg']",9.95,£6.22/kg
15734,Tesco Sirloin Steak 227G,https://www.tesco.com/groceries/en-GB/products/300400609,1687617325.885647,"['£4.60', '£20.26/kg']",4.6,£20.26/kg
15736,Tesco Southern Fried Breaded Chicken Mini Fillets 305G,https://www.tesco.com/groceries/en-GB/products/264566997,1687617326.07724,"['£3.30', '£10.82/kg']",3.3,£10.82/kg
15737,Tesco Finest Creamy Fish Pie 400G,https://www.tesco.com/groceries/en-GB/products/258137155,1687617326.174148,"['£4.25', '£10.62/kg']",4.25,£10.62/kg
15738,Muller Corner Strawberry Peach & Apricot Yogurts 6 X 136G,https://www.tesco.com/groceries/en-GB/products/311781503,1687617326.279538,"['£3.50', '£0.43/100g']",3.5,£0.43/100g
15739,President 60% Foil Brie 200G,https://www.tesco.com/groceries/en-GB/products/257349263,1687617326.375968,"['£2.70', '£13.50/kg']",2.7,£13.50/kg
15740,Tesco Finest 4 Beef Dripping York Shire Puddings 190G,https://www.tesco.com/groceries/en-GB/products/299344319,1687617326.4494212,"['£2.35', '£1.24/100g']",2.35,£1.24/100g
15741,Happy Egg Co Medium Free Range Eggs 6 Pack,https://www.tesco.com/groceries/en-GB/products/264328894,1687617326.523687,"['£2.10', '£0.35/each']",2.1,£0.35/each
15742,Tesco Tomato And Mascarpone Sauce 350G,https://www.tesco.com/groceries/en-GB/products/253174037,1687617326.596436,"['£1.90', '£0.54/100g']",1.9,£0.54/100g
15743,Petits Filous Strawberry &R/Berry Fromage Frais 4X85g,https://www.tesco.com/groceries/en-GB/products/285020943,1687617326.677126,"['£1.85', '£0.54/100g']",1.85,£0.54/100g
15744,Tesco Finest 2 Cod & Parsley Fishcakes 290G,https://www.tesco.com/groceries/en-GB/products/291818567,1687617326.7680051,"['£3.00', '£10.34/kg']",3.0,£10.34/kg
15745,Tesco Chocolate Mousse 6X60g,https://www.tesco.com/groceries/en-GB/products/287661132,1687617326.864587,"['£1.45', '£0.40/100g']",1.45,£0.40/100g
15746,Tesco Red Cabbage & Apple 300G,https://www.tesco.com/groceries/en-GB/products/294083203,1687617326.9479969,"['£2.25', '£7.50/kg']",2.25,£7.50/kg
15747,Tesco 8 British Cumberland Sausages 454G,https://www.tesco.com/groceries/en-GB/products/261879159,1687617327.124897,"['£2.30', '£5.07/kg']",2.3,£5.07/kg
15748,Flora Vegan All Natural Spread 450G,https://www.tesco.com/groceries/en-GB/products/312561365,1687617327.2725859,"['£2.15', '£4.78/kg']",2.15,£4.78/kg
15749,Tesco 70 Pork Cocktail Sausages 595G,https://www.tesco.com/groceries/en-GB/products/305053136,1687617327.3843079,"['£3.50', '£0.59/100g']",3.5,£0.59/100g
15750,Tesco Boneless Salmon Half Side 500 G,https://www.tesco.com/groceries/en-GB/products/277160996,1687617327.473749,"['£9.50', '£19.00/kg']",9.5,£19.00/kg
15751,Bertolli Mediterranean Olive Oil Spread 250G,https://www.tesco.com/groceries/en-GB/products/314315194,1687617327.547284,"['£1.50', '£6.00/kg']",1.5,£6.00/kg
15752,Pak Choi 250G,https://www.tesco.com/groceries/en-GB/products/252895723,1687617327.616788,"['£1.35', '£5.40/kg']",1.35,£5.40/kg
15753,Tesco Bitesize 18 Mini Savoury Eggs 216G,https://www.tesco.com/groceries/en-GB/products/268895088,1687617327.6863449,"['£2.20', '£1.02/100g']",2.2,£1.02/100g
15754,Tesco Cooked & Peeled King Prawns 150G,https://www.tesco.com/groceries/en-GB/products/294007606,1687617327.777875,"['£3.25', '£2.17/100g']",3.25,£2.17/100g
15755,Tesco Reduced Fat Houmous Dip 200G,https://www.tesco.com/groceries/en-GB/products/260084012,1687617327.868907,"['£1.20', '£0.60/100g']",1.2,£0.60/100g
15756,Tesco Cranberry Juice 1 Litre,https://www.tesco.com/groceries/en-GB/products/293945418,1687617333.5056498,"['£1.70', '£0.17/100ml']",1.7,£0.17/100ml
15757,Dairylea Cheese Spread 270G,https://www.tesco.com/groceries/en-GB/products/285140562,1687617333.590476,"['£2.40', '£8.89/kg']",2.4,£8.89/kg
15758,The Collective Suckies Strawberry Yogurt 90G,https://www.tesco.com/groceries/en-GB/products/312346701,1687617333.6873071,"['£0.95', '£1.06/100g']",0.95,£1.06/100g
15759,Scottish Monarch Smoked Scottish Salmon 90G,https://www.tesco.com/groceries/en-GB/products/291914234,1687617333.831303,"['£2.40', '£2.67/100g']",2.4,£2.67/100g
15760,Tesco 8 Reduced Fat Pork Sausages 454G,https://www.tesco.com/groceries/en-GB/products/252995167,1687617333.908226,"['£2.30', '£5.07/kg']",2.3,£5.07/kg
15761,Tesco Broccoli Florets 240G,https://www.tesco.com/groceries/en-GB/products/277967105,1687617333.975192,"['£1.75', '£7.29/kg']",1.75,£7.29/kg
15762,Woodside Farms Pork Belly Slices 500G,https://www.tesco.com/groceries/en-GB/products/292285964,1687617334.0646772,"['£3.49', '£6.98/kg']",3.49,£6.98/kg
15763,Tesco Sweet Chilli Stir Fry Sauce 180G,https://www.tesco.com/groceries/en-GB/products/290819683,1687617334.1350331,"['£1.15', '£6.39/kg']",1.15,£6.39/kg
15764,Yazoo Chilled Chocolate Flavoured Milkshake 400Ml,https://www.tesco.com/groceries/en-GB/products/290369696,1687617334.224957,"['£1.20', '£0.30/100ml']",1.2,£0.30/100ml
15765,Tesco Reduced Fat Mozzarella 240G,https://www.tesco.com/groceries/en-GB/products/254550063,1687617334.317604,"['£1.10', '£8.80/kg DR.WT']",1.1,£8.80/kg DR.WT
15767,Tesco 6 British Chicken Sausages 400G,https://www.tesco.com/groceries/en-GB/products/291970788,1687617334.4533162,"['£2.45', '£6.12/kg']",2.45,£6.12/kg
15769,Love Beets Cooked Beetroot 250G,https://www.tesco.com/groceries/en-GB/products/308089779,1687617334.587175,"['£0.65', '£2.60/kg']",0.65,£2.60/kg
15770,Tesco Finest Ribeye Steak 227G,https://www.tesco.com/groceries/en-GB/products/308458275,1687617334.6548429,"['£5.80', '£25.55/kg']",5.8,£25.55/kg
15771,Creamfields Grana Padano Wedge 175G,https://www.tesco.com/groceries/en-GB/products/304390832,1687617334.723068,"['£1.79', '£10.23/kg']",1.79,£10.23/kg
15773,Woodside Farms Smoked Gammon Joint,https://www.tesco.com/groceries/en-GB/products/301839665,1687617334.916776,"['£4.09', '£4.09/kg']",4.09,£4.09/kg
15774,Tesco Buttered Chicken Breast Joint 640G,https://www.tesco.com/groceries/en-GB/products/266508874,1687617334.987437,"['£6.00', '£9.38/kg']",6.0,£9.38/kg
15775,T Unsmoked Boneless Gammon Joint,https://www.tesco.com/groceries/en-GB/products/267158491,1687617335.080548,"['£13.75', '£6.25/kg']",13.75,£6.25/kg
15776,Tesco Organic Butter 250G,https://www.tesco.com/groceries/en-GB/products/253114455,1687617335.150944,"['£2.75', '£11.00/kg']",2.75,£11.00/kg
15777,Tesco Fire Pit Chorizo Sausages 6Pack 300G,https://www.tesco.com/groceries/en-GB/products/303088379,1687617335.220076,"['£3.50', '£11.67/kg']",3.5,£11.67/kg
15778,Anchor Lighter Spreadable 500G,https://www.tesco.com/groceries/en-GB/products/251607518,1687617335.286077,"['£4.50', '£9.00/kg']",4.5,£9.00/kg
15779,Yorkshire Provender Raost Chicken Soup With Traditional Vegetables 560G,https://www.tesco.com/groceries/en-GB/products/314116988,1687617335.351485,"['£3.00', '£0.54/100g']",3.0,£0.54/100g
15780,Tesco Diced Lamb Shoulder 300G,https://www.tesco.com/groceries/en-GB/products/304410983,1687617335.416827,"['£4.95', '£16.50/kg']",4.95,£16.50/kg
15781,Yorkshire Provender Chicken & Lentil Soup With B/Squash 560G,https://www.tesco.com/groceries/en-GB/products/314115085,1687617335.4855978,"['£3.00', '£0.54/100g']",3.0,£0.54/100g
15782,Tesco Firepit Mango Coconut & Lime Chicken Mini Fillets 300G,https://www.tesco.com/groceries/en-GB/products/303065603,1687617335.554084,"['£3.50', '£11.67/kg']",3.5,£11.67/kg
15783,Jus-Rol Croissants Dough 6 Pack 350G,https://www.tesco.com/groceries/en-GB/products/290338693,1687617335.622109,"['£2.30', '£6.57/kg']",2.3,£6.57/kg
15784,Fresh Beef Brisket Slow- Roast,https://www.tesco.com/groceries/en-GB/products/257904508,1687617335.690075,"['£8.80', '£11.00/kg']",8.8,£11.00/kg
15785,Tesco Cashew Nuts 200G,https://www.tesco.com/groceries/en-GB/products/266376222,1687617335.762501,"['£3.30', '£16.50/kg']",3.3,£16.50/kg
15786,Tesco Fire Pit 2 Salt & Pepper Beef Steaks 200G,https://www.tesco.com/groceries/en-GB/products/313859375,1687617335.830724,"['£3.50', '£17.50/kg']",3.5,£17.50/kg
15787,Tesco Smooth Smoked Scottish Salmon Pate 100G,https://www.tesco.com/groceries/en-GB/products/292277634,1687617335.911386,"['£1.80', '£1.80/100g']",1.8,£1.80/100g
15788,Tesco Fire Pit Piri Piri Chicken Sizzlers 300G,https://www.tesco.com/groceries/en-GB/products/313758598,1687617335.97981,"['£3.50', '£11.67/kg']",3.5,£11.67/kg
15789,Tesco Fire Pit Chicken Tikka Sizzlers 300G,https://www.tesco.com/groceries/en-GB/products/313734367,1687617336.125709,"['£3.50', '£11.67/kg']",3.5,£11.67/kg
15790,Cauldron Foods Tofu 396G,https://www.tesco.com/groceries/en-GB/products/266727466,1687617336.195829,"['£2.75', '£6.94/kg']",2.75,£6.94/kg
15791,Tesco Prosciutto Crudo & Salami Platter 120G,https://www.tesco.com/groceries/en-GB/products/299910479,1687617336.285552,"['£2.50', '£2.08/100g']",2.5,£2.08/100g
15792,Tesco Finest Maple Bacon & Extra Mature Cheddar Quiche 420G,https://www.tesco.com/groceries/en-GB/products/308457649,1687617336.352872,"['£3.75', '£0.89/100g']",3.75,£0.89/100g
15793,Muller Bliss Lemon Greek Style Yogurt 4X105g,https://www.tesco.com/groceries/en-GB/products/311677760,1687617336.4425092,"['£2.75', '£0.66/100g']",2.75,£0.66/100g
15794,Pukka Steak And Kidney Pie,https://www.tesco.com/groceries/en-GB/products/304372589,1687617336.510114,"['£2.00', '£2.00/each']",2.0,£2.00/each
15795,Tesco Ready To Eat Bbq Chicken Breast Pieces 180G,https://www.tesco.com/groceries/en-GB/products/279817753,1687617336.57742,"['£3.00', '£1.67/100g']",3.0,£1.67/100g
15796,Munch Bunch Double Up Strawberry Raspberry Yogurt 4X85g,https://www.tesco.com/groceries/en-GB/products/272471895,1687617336.6839612,"['£2.00', '£0.59/100g']",2.0,£0.59/100g
15797,Pukka Chip Shop Chicken Curry Pie,https://www.tesco.com/groceries/en-GB/products/313617149,1687617336.7547169,"['£2.00', '£2.00/each']",2.0,£2.00/each
15798,Tesco Chicken & Chorizo Tortelloni 300G,https://www.tesco.com/groceries/en-GB/products/299829386,1687617336.8259141,"['£2.00', '£6.67/kg']",2.0,£6.67/kg
15799,Pukka Meat & Potato Pie,https://www.tesco.com/groceries/en-GB/products/313609188,1687617336.92435,"['£2.00', '£2.00/each']",2.0,£2.00/each
15800,Tesco Mozzarella & Slow Roasted Tomatoes 200G,https://www.tesco.com/groceries/en-GB/products/287531822,1687617336.992426,"['£2.65', '£1.32/100g']",2.65,£1.32/100g
15801,Ginsters Peppered Steak Slice 170G,https://www.tesco.com/groceries/en-GB/products/277645642,1687617337.096374,"['£1.95', '£1.15/100g']",1.95,£1.15/100g
15802,Tesco Tomato & Mozzarella Quiche 400G,https://www.tesco.com/groceries/en-GB/products/313524760,1687617337.172757,"['£2.50', '£0.62/100g']",2.5,£0.62/100g
15803,Billy Bear Slices 100G,https://www.tesco.com/groceries/en-GB/products/298766841,1687617337.2383869,"['£1.25', '£1.25/100g']",1.25,£1.25/100g
15804,Gosh Sweetcorn & Quinoa Bites & Harissa 247G,https://www.tesco.com/groceries/en-GB/products/314412954,1687617343.2529888,"['£2.60', '£10.53/kg']",2.6,£10.53/kg
15805,Tesco Beetroot Salad 305G,https://www.tesco.com/groceries/en-GB/products/261808728,1687617343.325651,"['£1.70', '£0.56/100g']",1.7,£0.56/100g
15806,Alpro Greek Style Strawberry Raspberry Yogurt Alternative 150G,https://www.tesco.com/groceries/en-GB/products/296151638,1687617343.3992379,"['£1.20', '£0.80/100g']",1.2,£0.80/100g
15807,Pukka Minced Beef & Onion Pie,https://www.tesco.com/groceries/en-GB/products/304388726,1687617343.489737,"['£2.00', '£2.00/each']",2.0,£2.00/each
15808,The Coconut Collaborative Vanilla Rice Pudding 2 X 125G,https://www.tesco.com/groceries/en-GB/products/302286280,1687617343.561377,"['£2.50', '£1.00/100g']",2.5,£1.00/100g
15809,Gosh Beetroot Falafel Red Pepper & Chilli 266G,https://www.tesco.com/groceries/en-GB/products/313941225,1687617343.6427991,"['£2.60', '£0.98/100g']",2.6,£0.98/100g
15810,Pukka Veggie Leek & Potato Pie,https://www.tesco.com/groceries/en-GB/products/304791542,1687617343.736356,"['£2.00', '£2.00/each']",2.0,£2.00/each
15811,Tesco Roast Beef Dinner 400G,https://www.tesco.com/groceries/en-GB/products/279476130,1687617343.80386,"['£3.75', '£9.38/kg']",3.75,£9.38/kg
15812,Tesco 2 Custard Slices,https://www.tesco.com/groceries/en-GB/products/299935922,1687617343.8750138,"['£1.65', '£0.82/each']",1.65,£0.82/each
15813,Woodside Farms Unsmoked Gammon Steaks 300G,https://www.tesco.com/groceries/en-GB/products/301801698,1687617343.960804,"['£2.39', '£7.97/kg']",2.39,£7.97/kg
15814,Tesco Prime Cuts Peppered Ham 125G,https://www.tesco.com/groceries/en-GB/products/309498104,1687617344.038812,"['£2.25', '£1.80/100g']",2.25,£1.80/100g
15815,Milkybar Gold White Chocolate Caramel Dessert 2X65g,https://www.tesco.com/groceries/en-GB/products/313956058,1687617344.1359,"['£1.75', '£1.35/100g']",1.75,£1.35/100g
15816,Tesco Sweet Bbq Pulled Pork With Cheesy Mash 400G,https://www.tesco.com/groceries/en-GB/products/310694458,1687617344.237945,"['£3.00', '£7.50/kg']",3.0,£7.50/kg
15817,Tropicana Pineapple Juice 850Ml,https://www.tesco.com/groceries/en-GB/products/287294534,1687617344.341405,"['£3.50', '£0.41/100ml']",3.5,£0.41/100ml
15818,Tesco Shepherd's Pie 400G,https://www.tesco.com/groceries/en-GB/products/310191304,1687617344.439158,"['£3.00', '£7.50/kg']",3.0,£7.50/kg
15819,Tesco Finest Portobello Mushrooms 150G,https://www.tesco.com/groceries/en-GB/products/312571249,1687617344.53697,"['£1.10', '£7.33/kg']",1.1,£7.33/kg
15820,Tesco Fresh Chicken Livers 380G,https://www.tesco.com/groceries/en-GB/products/265490888,1687617344.632297,"['£1.30', '£3.42/kg']",1.3,£3.42/kg
15821,Ski Fruit Mousse Strawberry & Strawberry 4X60g,https://www.tesco.com/groceries/en-GB/products/271935014,1687617344.7036421,"['£1.25', '£0.52/100g']",1.25,£0.52/100g
15822,Tesco Crunchy Coleslaw Mix 300G,https://www.tesco.com/groceries/en-GB/products/302988699,1687617344.7834802,"['£1.10', '£0.37/100g']",1.1,£0.37/100g
15823,Tesco Creamy Mustard Chicken With Potato & Onion Hash 400G,https://www.tesco.com/groceries/en-GB/products/310125387,1687617344.8647249,"['£3.00', '£7.50/kg']",3.0,£7.50/kg
15824,Tesco 2 Chicken & Mushroom Slices 300G,https://www.tesco.com/groceries/en-GB/products/268949573,1687617345.007545,"['£2.10', '£0.70/100g']",2.1,£0.70/100g
15825,Tesco 2 Pork & Egg Gala Slices 250G,https://www.tesco.com/groceries/en-GB/products/263759212,1687617345.120857,"['£2.30', '£0.92/100g']",2.3,£0.92/100g
15826,Tesco Organic Bunched Carrots 400G,https://www.tesco.com/groceries/en-GB/products/307143735,1687617345.189218,"['£1.65', '£4.12/kg']",1.65,£4.12/kg
15827,Tesco Party Salad 455G,https://www.tesco.com/groceries/en-GB/products/311945898,1687617345.255979,"['£3.00', '£0.66/100g']",3.0,£0.66/100g
15828,Yeo Valley Organic Whole Milk 2 Litre,https://www.tesco.com/groceries/en-GB/products/262586694,1687617345.323477,"['£2.70', '£1.35/litre']",2.7,£1.35/litre
15829,Two Chicks Free Range Liquid Egg White 500Ml,https://www.tesco.com/groceries/en-GB/products/266552250,1687617345.4144452,"['£3.50', '£7.00/litre']",3.5,£7.00/litre
15830,Cathedral City Dairy Free Block 280G,https://www.tesco.com/groceries/en-GB/products/312563271,1687617345.4842649,"['£3.60', '£12.86/kg']",3.6,£12.86/kg
15831,Yeo Valley Organic Semi Skimmed Milk 2 Litre,https://www.tesco.com/groceries/en-GB/products/258882358,1687617345.548512,"['£2.70', '£1.35/litre']",2.7,£1.35/litre
15832,Tesco Pepperoni Pasta Bake 400G,https://www.tesco.com/groceries/en-GB/products/310094333,1687617345.6367621,"['£3.00', '£7.50/kg']",3.0,£7.50/kg
15833,Tesco Mixed Olives With Cheddar 220G,https://www.tesco.com/groceries/en-GB/products/287787562,1687617345.726712,"['£2.65', '£1.20/100g']",2.65,£1.20/100g
15834,Innocent Coconut Water 1L,https://www.tesco.com/groceries/en-GB/products/288178112,1687617345.82093,"['£4.30', '£0.43/100ml']",4.3,£0.43/100ml
15835,Tesco British Mild Cheddar Cheese 220G,https://www.tesco.com/groceries/en-GB/products/300257018,1687617345.8921862,"['£2.45', '£11.14/kg']",2.45,£11.14/kg
15836,Tesco 30% Reduced Fat Medium Cheese 400G,https://www.tesco.com/groceries/en-GB/products/305943022,1687617345.965077,"['£3.40', '£8.50/kg']",3.4,£8.50/kg
15837,Tesco Organic Tenderstem Broccoli 200G,https://www.tesco.com/groceries/en-GB/products/277926811,1687617346.032161,"['£2.50', '£12.50/kg']",2.5,£12.50/kg
15838,Activia Grains & Nuts Walnuts & Oats Yogurt 4X120g,https://www.tesco.com/groceries/en-GB/products/297656316,1687617346.0980601,"['£2.75', '£0.57/100g']",2.75,£0.57/100g
15839,Pork Farms Medium Pork Pie,https://www.tesco.com/groceries/en-GB/products/273445948,1687617346.2608361,"['£2.20', '£2.20/each']",2.2,£2.20/each
15840,Tesco Indian Naan Breads 320G,https://www.tesco.com/groceries/en-GB/products/256236588,1687617346.3283389,"['£1.50', '£0.47/100g']",1.5,£0.47/100g
15841,Oatly The Original Barista Edition Oat Drink 1 Litre,https://www.tesco.com/groceries/en-GB/products/312104631,1687617346.401973,"['£2.20', '£2.20/litre']",2.2,£2.20/litre
15842,Tesco Natural Cottage Cheese Fat 600G,https://www.tesco.com/groceries/en-GB/products/274436278,1687617346.4795892,"['£2.50', '£4.17/kg']",2.5,£4.17/kg
15843,Tesco Meat & Cheese Snacking Selection 105G,https://www.tesco.com/groceries/en-GB/products/305828234,1687617346.5472052,"['£2.65', '£2.52/100g']",2.65,£2.52/100g
15844,Innocent Kids Smoothie Cherries Strawberries 4X150ml,https://www.tesco.com/groceries/en-GB/products/305529496,1687617346.637841,"['£3.60', '£0.60/100ml']",3.6,£0.60/100ml
15845,Tesco Raspberries & Blueberries 200G,https://www.tesco.com/groceries/en-GB/products/305977327,1687617346.724898,"['£2.75', '£13.75/kg']",2.75,£13.75/kg
15846,Cathedal City Mature Lighter 550G,https://www.tesco.com/groceries/en-GB/products/306504063,1687617346.835623,"['£5.40', '£9.82/kg']",5.4,£9.82/kg
15847,Tesco Finest Spinach Pinenut Pasta 215G,https://www.tesco.com/groceries/en-GB/products/266078241,1687617346.92343,"['£2.35', '£1.09/100g']",2.35,£1.09/100g
15848,The Collective Suckies Banana Yogurt 90G,https://www.tesco.com/groceries/en-GB/products/312085986,1687617347.0214,"['£0.95', '£1.06/100g']",0.95,£1.06/100g
15849,Tesco 100% Pressed Tomato Juice 1L,https://www.tesco.com/groceries/en-GB/products/293945270,1687617347.111422,"['£1.70', '£0.17/100ml']",1.7,£0.17/100ml
15850,Milkybar Milk Slices 4X26g,https://www.tesco.com/groceries/en-GB/products/295790856,1687617347.180862,"['£1.35', '£1.30/100g']",1.35,£1.30/100g
15851,Jaffa Seedless Lemons Minimum 4Pack,https://www.tesco.com/groceries/en-GB/products/309172075,1687617347.248132,"['£1.60', '£0.40/each']",1.6,£0.40/each
15852,Oasis Summer Fruits 500Ml,https://www.tesco.com/groceries/en-GB/products/256942268,1687617352.858618,"['£1.70', '£0.34/100ml']",1.7,£0.34/100ml
15853,Tesco Pineapple Paradise Fruit Smoothie 750Ml,https://www.tesco.com/groceries/en-GB/products/305948408,1687617352.976938,"['£1.80', '£0.24/100ml']",1.8,£0.24/100ml
15854,Alpro Almond Chilled Drink 1 Litre,https://www.tesco.com/groceries/en-GB/products/272103255,1687617353.051871,"['£2.10', '£2.10/litre']",2.1,£2.10/litre
15855,Tesco Plant Chef Soya Alternative To Plain Yogurt 500G,https://www.tesco.com/groceries/en-GB/products/311693106,1687617353.149759,"['£1.45', '£2.90/kg']",1.45,£2.90/kg
15856,Tesco Organic Spinach 200G,https://www.tesco.com/groceries/en-GB/products/250342022,1687617353.217742,"['£1.90', '£9.50/kg']",1.9,£9.50/kg
15857,Aero Mint Chocolate Mousse 4X58g,https://www.tesco.com/groceries/en-GB/products/259953235,1687617353.28706,"['£1.85', '£0.80/100g']",1.85,£0.80/100g
15858,Ocean Spray Blueberry Juice Drink 1 Litre,https://www.tesco.com/groceries/en-GB/products/266597882,1687617353.3804228,"['£1.75', '£0.18/100ml']",1.75,£0.18/100ml
15859,Pomegreat Pomegranate Juice Drink 1 Litre,https://www.tesco.com/groceries/en-GB/products/256648058,1687617353.446827,"['£1.85', '£0.18/100ml']",1.85,£0.18/100ml
15860,Tesco 10 Reduced Fat Mild Slices 200G,https://www.tesco.com/groceries/en-GB/products/263277540,1687617353.5347252,"['£1.30', '£6.50/kg']",1.3,£6.50/kg
15861,Lactofree Milk Longlife Portions 5X20ml,https://www.tesco.com/groceries/en-GB/products/267309503,1687617353.6030731,"['£0.75', '£7.50/litre']",0.75,£7.50/litre
15862,Tesco Mixed Nuts & Pecans 25G,https://www.tesco.com/groceries/en-GB/products/299497679,1687617353.675455,"['£0.50', '£20.00/kg']",0.5,£20.00/kg
15863,Tesco Peppered Smoked Mackerel Fillets,https://www.tesco.com/groceries/en-GB/products/251631082,1687617353.769825,"['£3.31', '£12.50/kg']",3.31,£12.50/kg
15864,Pizza Express La Reine Classic 290G,https://www.tesco.com/groceries/en-GB/products/291358870,1687617353.85166,"['£5.50', '£1.90/100g']",5.5,£1.90/100g
15865,Tesco Hot Smoked Roasted Salmon Fillets 180G,https://www.tesco.com/groceries/en-GB/products/281693238,1687617353.9200902,"['£5.50', '£3.06/100g']",5.5,£3.06/100g
15866,Tesco Whole Longlife Milk 6X1l,https://www.tesco.com/groceries/en-GB/products/260333496,1687617353.986346,"['£5.80', '£0.97/litre']",5.8,£0.97/litre
15867,Powters Newmarket Sausage 400G,https://www.tesco.com/groceries/en-GB/products/260391909,1687617354.051188,"['£3.75', '£9.38/kg']",3.75,£9.38/kg
15868,Tesco Finest Canadian Cooked Prawns 150G,https://www.tesco.com/groceries/en-GB/products/306821384,1687617354.116559,"['£3.50', '£23.33/kg']",3.5,£23.33/kg
15869,Tesco Pork Leg Joint 1Kg,https://www.tesco.com/groceries/en-GB/products/290028259,1687617354.1826508,"['£6.40', '£6.40/kg']",6.4,£6.40/kg
15870,Pilgrims Choice Lighter Mature Cheddar Cheese 350G,https://www.tesco.com/groceries/en-GB/products/268111124,1687617354.25185,"['£4.20', '£12.00/kg']",4.2,£12.00/kg
15871,Tesco Gammon Steak With Cheese & Pineapple 345G,https://www.tesco.com/groceries/en-GB/products/289599764,1687617354.341656,"['£4.20', '£12.17/kg']",4.2,£12.17/kg
15872,Innocent Strawberry & Banana Smoothie 750Ml,https://www.tesco.com/groceries/en-GB/products/270927464,1687617354.469493,"['£3.50', '£0.47/100ml']",3.5,£0.47/100ml
15873,For Goodness Shakes Protein Chocolate 475Ml,https://www.tesco.com/groceries/en-GB/products/279846240,1687617354.5358772,"['£2.30', '£0.48/100ml']",2.3,£0.48/100ml
15874,Alpro Soya Longlife Chocolate Shakes 3X250ml,https://www.tesco.com/groceries/en-GB/products/250126054,1687617354.6294029,"['£2.10', '£2.80/litre']",2.1,£2.80/litre
15875,Alpro Yogurt Alternative Blueberry 500G,https://www.tesco.com/groceries/en-GB/products/293836997,1687617354.698195,"['£2.10', '£0.42/100g']",2.1,£0.42/100g
15876,Yazoo Strawberry Milkshake 1 Litre Bottle,https://www.tesco.com/groceries/en-GB/products/258836704,1687617354.765823,"['£2.00', '£0.20/100ml']",2.0,£0.20/100ml
15877,Tesco Pork Stir Fry 500G,https://www.tesco.com/groceries/en-GB/products/276105696,1687617354.835168,"['£4.00', '£8.00/kg']",4.0,£8.00/kg
15878,Cully&Sully Tomato&Basil Soup 400G,https://www.tesco.com/groceries/en-GB/products/263663739,1687617354.903199,"['£2.00', '£0.50/100g']",2.0,£0.50/100g
15879,Gosh Veggie Cocktail Sausages 216G,https://www.tesco.com/groceries/en-GB/products/314432437,1687617354.9728909,"['£2.10', '£0.97/100g']",2.1,£0.97/100g
15880,Tesco Creme Brulee 2X96g,https://www.tesco.com/groceries/en-GB/products/256270878,1687617355.046418,"['£1.95', '£1.02/100g']",1.95,£1.02/100g
15881,Tesco Chicken & Bacon Sandwich Filler 450G,https://www.tesco.com/groceries/en-GB/products/307153061,1687617355.112909,"['£3.00', '£0.67/100g']",3.0,£0.67/100g
15882,Tesco Medium Pot Curled Parsley,https://www.tesco.com/groceries/en-GB/products/256212432,1687617355.1823921,"['£1.50', '£1.50/each']",1.5,£1.50/each
15883,Tesco Mousse 6X60g,https://www.tesco.com/groceries/en-GB/products/287661181,1687617355.247509,"['£1.45', '£0.40/100g']",1.45,£0.40/100g
15884,Tesco Tropical Tray 250G,https://www.tesco.com/groceries/en-GB/products/302972366,1687617355.314156,"['£2.25', '£9.00/kg']",2.25,£9.00/kg
15885,Tesco Plant Chef 4 Spicy Katsu Hot Dogs 320G,https://www.tesco.com/groceries/en-GB/products/313950404,1687617355.379671,"['£2.00', '£6.25/kg']",2.0,£6.25/kg
15886,Tesco New York Style Pork Rib 460G,https://www.tesco.com/groceries/en-GB/products/284949802,1687617355.452855,"['£4.50', '£9.78/kg']",4.5,£9.78/kg
15887,Bernard Matthews Cooked Turkey Breast Chunks 90G,https://www.tesco.com/groceries/en-GB/products/312713601,1687617355.613004,"['£1.20', '£1.33/100g']",1.2,£1.33/100g
15888,Deli Culture German Salami 24 Slices 250G,https://www.tesco.com/groceries/en-GB/products/307758630,1687617355.6812701,"['£1.95', '£0.78/100g']",1.95,£0.78/100g
15889,Tesco Organic White Potatoes 1.5Kg,https://www.tesco.com/groceries/en-GB/products/288043116,1687617355.749063,"['£1.50', '£1.00/kg']",1.5,£1.00/kg
15890,Tesco Finest Red Leicester Truckle 200G,https://www.tesco.com/groceries/en-GB/products/304379501,1687617355.81724,"['£2.20', '£11.00/kg']",2.2,£11.00/kg
15891,Apetina Classic Block Cheese 200G,https://www.tesco.com/groceries/en-GB/products/260650327,1687617355.9229949,"['£1.80', '£9.00/kg']",1.8,£9.00/kg
15892,Tesco Tarragon 20G,https://www.tesco.com/groceries/en-GB/products/304413790,1687617356.0149388,"['£0.60', '£0.30/10g']",0.6,£0.30/10g
15893,Tesco Lamb Rogan Josh With Pilau Rice 400G,https://www.tesco.com/groceries/en-GB/products/310156128,1687617356.0848498,"['£3.00', '£7.50/kg']",3.0,£7.50/kg
15894,Tesco Plant Chef Red Pepper & Bean Bangers 300G,https://www.tesco.com/groceries/en-GB/products/313624584,1687617356.178784,"['£1.95', '£6.50/kg']",1.95,£6.50/kg
15895,Tesco Medjool Dates 3 Pack,https://www.tesco.com/groceries/en-GB/products/302687387,1687617356.2741601,"['£0.85', '£0.28/each']",0.85,£0.28/each
15896,Tesco Plant Chef Meat-Free Korean Style Bangers 300G,https://www.tesco.com/groceries/en-GB/products/313759211,1687617356.36239,"['£1.95', '£6.50/kg']",1.95,£6.50/kg
15897,Charlie Bigham's Chicken Tikka Masala 805G,https://www.tesco.com/groceries/en-GB/products/291242200,1687617356.465309,"['£9.50', '£11.80/kg']",9.5,£11.80/kg
15898,Innocent Kids Orange Mango & Pineapple 10X150ml,https://www.tesco.com/groceries/en-GB/products/305251351,1687617356.5319839,"['£7.00', '£0.47/100ml']",7.0,£0.47/100ml
15899,Tesco 2 Cooked Skinless Chicken Breast Fillets 220G,https://www.tesco.com/groceries/en-GB/products/306938004,1687617356.602634,"['£4.15', '£1.89/100g']",4.15,£1.89/100g
15900,Lipton Ice Tea Peach 500Ml,https://www.tesco.com/groceries/en-GB/products/265633012,1687617362.173484,"['£1.60', '£0.32/100ml']",1.6,£0.32/100ml
15901,Tesco Prime Cuts Garlic & Herb Ham 130G,https://www.tesco.com/groceries/en-GB/products/307733947,1687617362.297326,"['£2.25', '£1.73/100g']",2.25,£1.73/100g
15902,Counter Belton Farm Port Wine Derby Cheese 200G,https://www.tesco.com/groceries/en-GB/products/302301735,1687617362.396217,"['£2.20', '£11.00/kg']",2.2,£11.00/kg
15903,Ilchester Cheddar Cheese With Truffle 180G,https://www.tesco.com/groceries/en-GB/products/312827743,1687617362.497344,"['£2.20', '£0.01/kg']",2.2,£0.01/kg
15904,Tesco Mature Cheddar Oak Smoked Tomato & Herbs 180G,https://www.tesco.com/groceries/en-GB/products/312828707,1687617362.588272,"['£2.50', '£13.89/kg']",2.5,£13.89/kg
15905,Twix Chocolate Bar 75G,https://www.tesco.com/groceries/en-GB/products/282539902,1687617362.6803808,"['£0.90', '£1.20/100g']",0.9,£1.20/100g
15906,Tesco Pure Orange Juice With Bits 1L,https://www.tesco.com/groceries/en-GB/products/251741199,1687617362.800805,"['£1.15', '£0.12/100ml']",1.15,£0.12/100ml
15907,Tesco Finest Steak & Red Wine Gravy Pie 500G,https://www.tesco.com/groceries/en-GB/products/304400413,1687617362.893328,"['£4.95', '£0.99/100g']",4.95,£0.99/100g
15908,Charlie Bigham's Fish Pie 655G,https://www.tesco.com/groceries/en-GB/products/291241874,1687617362.963748,"['£9.50', '£14.50/kg']",9.5,£14.50/kg
15909,Tesco A Taste Of India Chicken Pakora 150G,https://www.tesco.com/groceries/en-GB/products/293944696,1687617363.0543602,"['£3.30', '£22.00/kg']",3.3,£22.00/kg
15910,Tesco Rhubarb Pie Each,https://www.tesco.com/groceries/en-GB/products/254735283,1687617363.13647,"['£1.90', '£1.90/each']",1.9,£1.90/each
15911,Onken Naked Strawberry Yogurt Pouch 110G,https://www.tesco.com/groceries/en-GB/products/303673972,1687617363.210291,"['£1.25', '£1.14/100g']",1.25,£1.14/100g
15912,Jamie Oliver Bolognese Tortelloni Pasta 250G,https://www.tesco.com/groceries/en-GB/products/305952662,1687617363.33111,"['£2.60', '£10.40/kg']",2.6,£10.40/kg
15913,Flora Pro Activ Olive Oil Spread 450G,https://www.tesco.com/groceries/en-GB/products/312357170,1687617363.399039,"['£4.50', '£10.00/kg']",4.5,£10.00/kg
15914,Quorn Spinach And Red Pepper Slices 100G,https://www.tesco.com/groceries/en-GB/products/297661822,1687617363.48853,"['£2.60', '£26.00/kg']",2.6,£26.00/kg
15915,Peperami & Cheese Snack Box 50G,https://www.tesco.com/groceries/en-GB/products/302489656,1687617363.555674,"['£1.50', '£30.00/kg']",1.5,£30.00/kg
15916,Alpro Plant Protein Chocolate Flavoured Soya Drink 1L,https://www.tesco.com/groceries/en-GB/products/304797893,1687617363.6501608,"['£2.30', '£2.30/litre']",2.3,£2.30/litre
15917,Oatly Oat Drink Chocolate Deluxe I Litre,https://www.tesco.com/groceries/en-GB/products/305529640,1687617363.717388,"['£2.20', '£2.20/litre']",2.2,£2.20/litre
15918,Oatly Strawberry Oatgurt 400G,https://www.tesco.com/groceries/en-GB/products/305943419,1687617363.8147311,"['£2.40', '£0.60/100g']",2.4,£0.60/100g
15919,Annabel Karmel Tomato & Mascarpone With Vegetables 200G,https://www.tesco.com/groceries/en-GB/products/286999376,1687617363.883198,"['£2.85', '£14.25/kg']",2.85,£14.25/kg
15920,Tesco Cheese Triple Sandwich,https://www.tesco.com/groceries/en-GB/products/264952868,1687617363.982559,"['£2.85', '£2.85/each']",2.85,£2.85/each
15921,Tesco French Style Dressing 175Ml,https://www.tesco.com/groceries/en-GB/products/292619260,1687617364.074815,"['£1.40', '£0.80/100ml']",1.4,£0.80/100ml
15922,Premier Deli Cooked Ham Trimmings 400G,https://www.tesco.com/groceries/en-GB/products/314107573,1687617364.144354,"['£2.50', '£0.62/100g']",2.5,£0.62/100g
15923,Alpro My Cuppa Soya Drink 750Ml,https://www.tesco.com/groceries/en-GB/products/307744208,1687617364.213399,"['£1.95', '£2.60/litre']",1.95,£2.60/litre
15924,Better Nature Organic Tempeh 200G,https://www.tesco.com/groceries/en-GB/products/314601333,1687617364.285245,"['£2.70', '£13.50/kg']",2.7,£13.50/kg
15925,Tesco Watermelon & Mango 230G,https://www.tesco.com/groceries/en-GB/products/309472739,1687617364.3782349,"['£2.25', '£0.98/100g']",2.25,£0.98/100g
15926,Fanta Orange 500Ml,https://www.tesco.com/groceries/en-GB/products/252061921,1687617364.447137,"['£1.70', '£0.34/100ml']",1.7,£0.34/100ml
15927,Tesco Pink Lady Apple & Grape Pot 100G,https://www.tesco.com/groceries/en-GB/products/301513359,1687617364.5628018,"['£1.25', '£1.25/100g']",1.25,£1.25/100g
15928,Relentless Origin 500Ml,https://www.tesco.com/groceries/en-GB/products/260274716,1687617364.680792,"['£1.25', '£0.25/100ml']",1.25,£0.25/100ml
15929,Tesco Plant Chef Soya Alternative To Greek Style Yogurt 400G,https://www.tesco.com/groceries/en-GB/products/311442721,1687617364.87282,"['£1.45', '£3.62/kg']",1.45,£3.62/kg
15930,Starbucks Skinny Latte 220Ml,https://www.tesco.com/groceries/en-GB/products/277569409,1687617364.941046,"['£2.20', '£1.00/100ml']",2.2,£1.00/100ml
15931,Butlers Farmhouse Cheeses Firecracker Red Leicester 200G,https://www.tesco.com/groceries/en-GB/products/312557895,1687617365.030522,"['£2.70', '£13.50/kg']",2.7,£13.50/kg
15932,Tesco Egg Protein Pot 90G,https://www.tesco.com/groceries/en-GB/products/303675912,1687617365.1380658,"['£1.25', '£1.39/100g']",1.25,£1.39/100g
15933,Lowicz Kefir Yoghurt-Style Drink 400G,https://www.tesco.com/groceries/en-GB/products/290882116,1687617365.260075,"['£0.85', '£0.21/100g']",0.85,£0.21/100g
15934,Tesco Cauliflower Florets 240G,https://www.tesco.com/groceries/en-GB/products/309743932,1687617365.332117,"['£1.25', '£5.21/kg']",1.25,£5.21/kg
15935,Innocent Invigorate Super Smoothie 750Ml,https://www.tesco.com/groceries/en-GB/products/305521078,1687617365.4300768,"['£4.50', '£0.60/100ml']",4.5,£0.60/100ml
15936,Tesco Orkney Crab Meat 100G,https://www.tesco.com/groceries/en-GB/products/277116946,1687617365.498909,"['£3.75', '£3.75/100g']",3.75,£3.75/100g
15937,Tesco Free From Cheese & Onion Quiche 160G,https://www.tesco.com/groceries/en-GB/products/308085151,1687617365.5723,"['£2.20', '£1.38/100g']",2.2,£1.38/100g
15938,Pizza Company Waffle Fries 300G,https://www.tesco.com/groceries/en-GB/products/312097868,1687617365.641593,"['£3.15', '£1.05/100g']",3.15,£1.05/100g
15939,Alpro Barista Almond Long Life Drink 1 Litre,https://www.tesco.com/groceries/en-GB/products/304783080,1687617365.732042,"['£2.30', '£2.30/litre']",2.3,£2.30/litre
15940,Minor Figures Everyday Oat Drink 1 Litre,https://www.tesco.com/groceries/en-GB/products/312572162,1687617365.799746,"['£2.00', '£2.00/litre']",2.0,£2.00/litre
15941,Future Farm Plant-Based Future Tvna 150G,https://www.tesco.com/groceries/en-GB/products/313960058,1687617365.871336,"['£2.50', '£16.67/kg']",2.5,£16.67/kg
15942,Tesco Chicken Caesar Salad 185G,https://www.tesco.com/groceries/en-GB/products/306947984,1687617365.9411871,"['£2.75', '£1.49/100g']",2.75,£1.49/100g
15943,Fage Total 5% Fat Greek Recipe Yogurt 150G,https://www.tesco.com/groceries/en-GB/products/311229681,1687617366.011127,"['£1.50', '£1.00/100g']",1.5,£1.00/100g
15944,Bonne Maman Strawberry Mousse 2 X 70G,https://www.tesco.com/groceries/en-GB/products/289708182,1687617366.134183,"['£2.20', '£1.57/100g']",2.2,£1.57/100g
15945,Vita Coco Natural Coconut Water 1L,https://www.tesco.com/groceries/en-GB/products/268094074,1687617366.2310882,"['£4.00', '£0.40/100ml']",4.0,£0.40/100ml
15946,The Pizza Company Garlic Doughballs 165G,https://www.tesco.com/groceries/en-GB/products/313174856,1687617366.3241699,"['£3.00', '£1.82/100g']",3.0,£1.82/100g
15947,The Artisan Bread Company Olive Oil Bruschetta 70G,https://www.tesco.com/groceries/en-GB/products/309179275,1687617366.423318,"['£1.80', '£2.57/100g']",1.8,£2.57/100g
15948,Tesco Snack Pack Soft Apricots 50G,https://www.tesco.com/groceries/en-GB/products/302685769,1687617372.3478909,"['£1.00', '£20.00/kg']",1.0,£20.00/kg
15949,Tesco Bbq Chicken Wings 750G,https://www.tesco.com/groceries/en-GB/products/309467683,1687617372.4473338,"['£5.25', '£0.70/100g']",5.25,£0.70/100g
15950,Tesco Raisins And Cranberries 500G,https://www.tesco.com/groceries/en-GB/products/311807397,1687617372.529952,"['£4.00', '£0.80/100g']",4.0,£0.80/100g
15951,Tesco Finest Tomato & Burrata Ravioli 250G,https://www.tesco.com/groceries/en-GB/products/299829484,1687617372.6009321,"['£3.25', '£13.00/kg']",3.25,£13.00/kg
15952,Tesco Finest Porcini & Black Truffle Mezzelune 250G,https://www.tesco.com/groceries/en-GB/products/299829501,1687617372.669253,"['£3.25', '£13.00/kg']",3.25,£13.00/kg
15953,Costa Coffee Caramel Latte Cans 4 X 250Ml,https://www.tesco.com/groceries/en-GB/products/308850651,1687617372.7374668,"['£4.50', '£0.45/100ml']",4.5,£0.45/100ml
15954,Wasabi Chicken Katsu Yakisoba 450G,https://www.tesco.com/groceries/en-GB/products/312722072,1687617372.807004,"['£4.25', '£9.44/kg']",4.25,£9.44/kg
15955,Tesco Ready To Eat 2 Lemon & Peppercorn Steamed Salmon Fillets 180G,https://www.tesco.com/groceries/en-GB/products/310689269,1687617372.910913,"['£5.50', '£3.06/100g']",5.5,£3.06/100g
15956,Bradleys Jellied Eels 200G,https://www.tesco.com/groceries/en-GB/products/252050208,1687617372.9774468,"['£3.15', '£1.58/100g']",3.15,£1.58/100g
15957,Costa Coffee Late 250Ml,https://www.tesco.com/groceries/en-GB/products/304400252,1687617373.0548632,"['£1.80', '£0.72/100ml']",1.8,£0.72/100ml
15958,Tarczynski Pork Kabanos & Chilli 105G,https://www.tesco.com/groceries/en-GB/products/309191985,1687617373.146894,"['£2.25', '£2.14/100g']",2.25,£2.14/100g
15959,Tesco Finest Prosciutto Cotto With Herbs 100G,https://www.tesco.com/groceries/en-GB/products/304790382,1687617373.2192981,"['£2.40', '£2.40/100g']",2.4,£2.40/100g
15960,Tesco Finest Ranch Steaks Plus Garlic & Herb & Pepper Butter 306G,https://www.tesco.com/groceries/en-GB/products/312221722,1687617373.310922,"['£6.50', '£21.24/kg']",6.5,£21.24/kg
15961,Lisner Vegetable Salad With Green Peas 500G,https://www.tesco.com/groceries/en-GB/products/291197275,1687617373.401459,"['£2.00', '£0.40/100g']",2.0,£0.40/100g
15962,Tesco Plant Chef Alternative To Grated Mozzarella 200G,https://www.tesco.com/groceries/en-GB/products/311788640,1687617373.472089,"['£2.20', '£11.00/kg']",2.2,£11.00/kg
15963,Beretta Antipasto 120G,https://www.tesco.com/groceries/en-GB/products/304403639,1687617373.538713,"['£2.50', '£2.08/100g']",2.5,£2.08/100g
15964,"Tesco Salmon, Hoisin & Cucumber Mini Maki 188G",https://www.tesco.com/groceries/en-GB/products/305959925,1687617373.6048808,"['£2.85', '£1.52/100g']",2.85,£1.52/100g
15965,Coca Cola Zero Cherry 500Ml,https://www.tesco.com/groceries/en-GB/products/292389520,1687617373.6995,"['£1.59', '£0.32/100ml']",1.59,£0.32/100ml
15967,Mlekovita Butter 200G,https://www.tesco.com/groceries/en-GB/products/264205947,1687617373.877938,"['£2.20', '£11.00/kg']",2.2,£11.00/kg
15968,The Artisan Bread Company Mini Wheat Toast 90G,https://www.tesco.com/groceries/en-GB/products/309197253,1687617373.9446552,"['£1.80', '£2.00/100g']",1.8,£2.00/100g
15969,Rustlers Meatless Chick Un Fillet 162G,https://www.tesco.com/groceries/en-GB/products/312559075,1687617374.0319328,"['£2.00', '£12.35/kg']",2.0,£12.35/kg
15970,Tesco Calorie Controlled Chilli & Rice 380G,https://www.tesco.com/groceries/en-GB/products/312213064,1687617374.1014621,"['£3.00', '£7.90/kg']",3.0,£7.90/kg
15971,Wicked Kitchen Mexican Inspired Breakfast Wrap,https://www.tesco.com/groceries/en-GB/products/308829401,1687617374.190655,"['£3.00', '£3,000.00/kg']",3.0,"£3,000.00/kg"
15972,Rose Bouquet (Yellow),https://www.tesco.com/groceries/en-GB/products/296673026,1687617374.265501,"['£5.00', '£0.83/each']",5.0,£0.83/each
15973,Naked Blue Machine Blueberry Smoothie 300Ml,https://www.tesco.com/groceries/en-GB/products/309489582,1687617374.337326,"['£2.60', '£0.87/100ml']",2.6,£0.87/100ml
15974,Innocent Tropical Defence Super Smoothie 300Ml,https://www.tesco.com/groceries/en-GB/products/305525264,1687617374.450063,"['£2.36', '£0.79/100ml']",2.36,£0.79/100ml
15975,Peperami Original Single 22.5G,https://www.tesco.com/groceries/en-GB/products/296526940,1687617374.562036,"['£1.25', '£5.56/100g']",1.25,£5.56/100g
15976,Coca Cola Zero 330Ml,https://www.tesco.com/groceries/en-GB/products/273350743,1687617374.6764412,"['£1.00', '£0.30/100ml']",1.0,£0.30/100ml
15977,Peperami Vegerami Smokin' Chick' Nless Bites 40G,https://www.tesco.com/groceries/en-GB/products/308107553,1687617374.788151,"['£1.15', '£28.75/kg']",1.15,£28.75/kg
15978,Tesco Neufchatel Cheese 200G,https://www.tesco.com/groceries/en-GB/products/304786756,1687617374.862808,"['£2.75', '£13.75/kg']",2.75,£13.75/kg
15979,Tesco Piri Piri Half Chicken 502G,https://www.tesco.com/groceries/en-GB/products/305519669,1687617375.035978,"['£5.00', '£9.96/kg']",5.0,£9.96/kg
15980,Higgidy 8 Spinach Feta & Red Pepper Lattices 160G,https://www.tesco.com/groceries/en-GB/products/314306556,1687617375.116833,"['£3.50', '£2.19/100g']",3.5,£2.19/100g
15981,Arla Bob Mature Cheddar 300G,https://www.tesco.com/groceries/en-GB/products/311257480,1687617375.191042,"['£3.25', '£10.83/kg']",3.25,£10.83/kg
15982,The City Kitchen Honey Sriracha Chicken 380G,https://www.tesco.com/groceries/en-GB/products/308117989,1687617375.271772,"['£3.80', '£10.00/kg']",3.8,£10.00/kg
15983,Finne Brogue Naked Ultimate Pork Sausage 400G,https://www.tesco.com/groceries/en-GB/products/301512084,1687617375.3558772,"['£3.50', '£8.75/kg']",3.5,£8.75/kg
15984,Tesco Feta Cubes 410G,https://www.tesco.com/groceries/en-GB/products/312098470,1687617375.4322639,"['£3.00', '£20.00/kg DR.WT']",3.0,£20.00/kg DR.WT
15985,Tesco Finest Halkidiki & Kalamata Olives 160G,https://www.tesco.com/groceries/en-GB/products/304371066,1687617375.509363,"['£2.70', '£1.69/100g']",2.7,£1.69/100g
15986,Tropicana Multivitamins 300Ml,https://www.tesco.com/groceries/en-GB/products/287939251,1687617375.58273,"['£1.90', '£0.63/100ml']",1.9,£0.63/100ml
15987,Tesco Deli Roast Chicken Breast 120G,https://www.tesco.com/groceries/en-GB/products/312702643,1687617375.717404,"['£2.75', '£2.29/100g']",2.75,£2.29/100g
15988,Tesco Finest Double Stuffed Halkidiki Olives Red Pepper 160G,https://www.tesco.com/groceries/en-GB/products/308497124,1687617375.814951,"['£2.70', '£1.69/100g']",2.7,£1.69/100g
15989,Tropicana Original Orange Juice 300Ml,https://www.tesco.com/groceries/en-GB/products/287438135,1687617375.891454,"['£1.90', '£0.63/100ml']",1.9,£0.63/100ml
15990,Tesco Coronation Chicken Sandwich,https://www.tesco.com/groceries/en-GB/products/296545962,1687617376.009572,"['£2.60', '£2.60/each']",2.6,£2.60/each
15991,Quorn Vegan Yorkshire Ham Style Slices 105G,https://www.tesco.com/groceries/en-GB/products/312347723,1687617376.1150458,"['£3.00', '£28.57/kg']",3.0,£28.57/kg
15992,Elit Chicken Hot Dogs 650G,https://www.tesco.com/groceries/en-GB/products/309452372,1687617376.183319,"['£2.20', '£0.34/100g']",2.2,£0.34/100g
15993,Bol Indian Black Daal One Pot Meal 450G,https://www.tesco.com/groceries/en-GB/products/313860614,1687617376.291053,"['£2.80', '£6.22/kg']",2.8,£6.22/kg
15994,Tesco 4 British Turkey Burgers 454G,https://www.tesco.com/groceries/en-GB/products/312361256,1687617376.6083882,"['£3.50', '£7.71/kg']",3.5,£7.71/kg
15995,Innocent Berry Set Go Juice 750Ml,https://www.tesco.com/groceries/en-GB/products/303415121,1687617376.678255,"['£3.80', '£0.51/100ml']",3.8,£0.51/100ml
15996,Risotto Gallo Risotto Pronto 4 Cheese 175G,https://www.tesco.com/groceries/en-GB/products/267030100,1687617381.940219,"['£2.65', '£0.02/kg']",2.65,£0.02/kg
15997,Tesco Smoked Ham & Mustard Sandwich,https://www.tesco.com/groceries/en-GB/products/274649544,1687617382.045045,"['£2.10', '£2.10/each']",2.1,£2.10/each
15998,Wasabi Spicy Korean Chicken Wings 230G,https://www.tesco.com/groceries/en-GB/products/312834498,1687617382.142414,"['£2.75', '£11.96/kg']",2.75,£11.96/kg
15999,Tesco Beautifully Balanced Indian Inspired Onion Bhaji 255G,https://www.tesco.com/groceries/en-GB/products/308496540,1687617382.2106628,"['£2.75', '£1.08/100g']",2.75,£1.08/100g
16000,Tesco Finest Matured Lancashire Cream Cheese 140G,https://www.tesco.com/groceries/en-GB/products/312091007,1687617382.33166,"['£2.80', '£20.00/kg']",2.8,£20.00/kg
16001,Tesco Tikka Chicken & Mango Chutney Sandwich,https://www.tesco.com/groceries/en-GB/products/278907435,1687617382.403083,"['£2.60', '£2.60/each']",2.6,£2.60/each
16002,Linda Mccartney Vegetarian Mini Pulled Pork Rolls 168G,https://www.tesco.com/groceries/en-GB/products/312341793,1687617382.496018,"['£2.25', '£1.34/100g']",2.25,£1.34/100g
16003,Tesco Teriyaki Beef Brisket 370G,https://www.tesco.com/groceries/en-GB/products/311958802,1687617382.575216,"['£4.00', '£10.81/kg']",4.0,£10.81/kg
16004,Beretta Coppa 80G,https://www.tesco.com/groceries/en-GB/products/307735663,1687617382.6470568,"['£2.00', '£2.50/100g']",2.0,£2.50/100g
16005,Bonne Maman Blackcurrant Mousse 2X70g,https://www.tesco.com/groceries/en-GB/products/297005990,1687617382.7147799,"['£2.20', '£1.57/100g']",2.2,£1.57/100g
16006,Tesco Peas & Carrots 300G,https://www.tesco.com/groceries/en-GB/products/288458115,1687617382.80703,"['£2.25', '£7.50/kg']",2.25,£7.50/kg
16007,Tesco Potato & Egg Salad 300G,https://www.tesco.com/groceries/en-GB/products/305988003,1687617382.900043,"['£2.50', '£0.83/100g']",2.5,£0.83/100g
16008,Chop Miso Orange & Ginger Salad Dressing 120G,https://www.tesco.com/groceries/en-GB/products/311936961,1687617382.969702,"['£1.30', '£1.08/100g']",1.3,£1.08/100g
16009,Tesco Fire Pit Triple Grain Salad 450G,https://www.tesco.com/groceries/en-GB/products/308104873,1687617383.038243,"['£2.50', '£0.56/100g']",2.5,£0.56/100g
16010,Tesco Tex Mex Sticky Bbq Rib Rack 460G,https://www.tesco.com/groceries/en-GB/products/308478677,1687617383.105949,"['£4.20', '£9.13/kg']",4.2,£9.13/kg
16011,The Corner Deli Co Smoked Paprika Corn 75G,https://www.tesco.com/groceries/en-GB/products/304369012,1687617383.174402,"['£1.70', '£2.27/100g']",1.7,£2.27/100g
16012,Noel Chorizo Iberico 70G,https://www.tesco.com/groceries/en-GB/products/312699974,1687617383.3108811,"['£3.00', '£4.29/100g']",3.0,£4.29/100g
16013,Tesco 2 Lemon Parsley Butterflied Sea Bass Fillets 255G,https://www.tesco.com/groceries/en-GB/products/312365943,1687617383.378544,"['£5.50', '£21.57/kg']",5.5,£21.57/kg
16014,Tesco Plant Chef Falafel & Houmous 85G,https://www.tesco.com/groceries/en-GB/products/310162307,1687617383.449568,"['£1.25', '£1.47/100g']",1.25,£1.47/100g
16015,Pukka Chicken Balti Slice 170G,https://www.tesco.com/groceries/en-GB/products/311931937,1687617383.565928,"['£1.75', '£1.03/100g']",1.75,£1.03/100g
16016,Tesco Tomato & Basil Flavoured Pulse Mix 25G,https://www.tesco.com/groceries/en-GB/products/312573322,1687617383.655801,"['£0.75', '£3.00/100g']",0.75,£3.00/100g
16017,Charlie Bigham's Chicken & Mushroom Risotto 700G,https://www.tesco.com/groceries/en-GB/products/291243440,1687617383.744447,"['£9.50', '£13.57/kg']",9.5,£13.57/kg
16018,Rose & Lily,https://www.tesco.com/groceries/en-GB/products/293377128,1687617383.833663,"['£6.00', '£6.00/each']",6.0,£6.00/each
16019,Fisherman Brown Shrimp 70G,https://www.tesco.com/groceries/en-GB/products/312347700,1687617383.9101708,"['£4.20', '£6.00/100g']",4.2,£6.00/100g
16020,Tesco Finest Vegetable Moussaka 800G,https://www.tesco.com/groceries/en-GB/products/313006890,1687617383.978749,"['£6.50', '£8.12/kg']",6.5,£8.12/kg
16021,Tesco Loaded Caramel & Honeycomb Cookie Dough 305G,https://www.tesco.com/groceries/en-GB/products/308477217,1687617384.069946,"['£4.00', '£1.31/100g']",4.0,£1.31/100g
16022,Higgidy 10 Bang Bang Cauliflower Vegan Dinky Rolls 170G,https://www.tesco.com/groceries/en-GB/products/312586382,1687617384.139175,"['£3.85', '£2.26/100g']",3.85,£2.26/100g
16023,Tesco Loaded Triple Chocolate Brownie 380G,https://www.tesco.com/groceries/en-GB/products/308832333,1687617384.2079139,"['£4.00', '£1.05/100g']",4.0,£1.05/100g
16024,Zott Monte Snack Pack 8X29g,https://www.tesco.com/groceries/en-GB/products/309748414,1687617384.2772741,"['£3.25', '£1.40/100g']",3.25,£1.40/100g
16025,Tesco Pesto Pasta With Semi Dried Tomatoes 225G,https://www.tesco.com/groceries/en-GB/products/283195992,1687617384.346744,"['£2.75', '£0.01/kg']",2.75,£0.01/kg
16026,The Black Farmer Spicy Jerk Chicken With Rice 400G,https://www.tesco.com/groceries/en-GB/products/312362779,1687617384.500326,"['£3.75', '£9.38/kg']",3.75,£9.38/kg
16027,Tesco Chicken In Black Bean Sauce 400G,https://www.tesco.com/groceries/en-GB/products/310664045,1687617384.5695171,"['£4.00', '£10.00/kg']",4.0,£10.00/kg
16028,English Cheesecake Company Ltd Lemon & Mascarpone Cheesecake 214G,https://www.tesco.com/groceries/en-GB/products/312836536,1687617384.661814,"['£3.75', '£1.75/100g']",3.75,£1.75/100g
16029,Tesco Plant Chef Alternative To Halloumi 200G,https://www.tesco.com/groceries/en-GB/products/311687356,1687617384.7543979,"['£2.30', '£11.50/kg']",2.3,£11.50/kg
16030,Elit Summer Salami 400G,https://www.tesco.com/groceries/en-GB/products/309453584,1687617384.823673,"['£2.10', '£0.52/100g']",2.1,£0.52/100g
16031,Tesco Deli Style Cheese & Pickle Sandwich,https://www.tesco.com/groceries/en-GB/products/311794528,1687617384.895128,"['£2.60', '£2.60/each']",2.6,£2.60/each
16032,Bol Mediterranean Pesto Pasta Fresh Vegetable Pot 345G,https://www.tesco.com/groceries/en-GB/products/310166836,1687617384.99206,"['£3.45', '£10.00/kg']",3.45,£10.00/kg
16033,Jolly Hog 6 Pork & Bramley Apple Sausages 400G,https://www.tesco.com/groceries/en-GB/products/309498093,1687617385.095468,"['£3.75', '£9.38/kg']",3.75,£9.38/kg
16034,"Tesco Apple, Mango Strawberry And Raspberry 210G",https://www.tesco.com/groceries/en-GB/products/312985514,1687617385.1913931,"['£2.25', '£1.07/100g']",2.25,£1.07/100g
16035,Mighty M.Lkology Semi Uht Pea Protein Drink 1 Litre,https://www.tesco.com/groceries/en-GB/products/310098749,1687617385.277929,"['£1.90', '£1.90/litre']",1.9,£1.90/litre
16036,Higgidy 10 Cheddar & Chives Dinky Rolls 170G,https://www.tesco.com/groceries/en-GB/products/305983629,1687617385.357816,"['£3.85', '£2.26/100g']",3.85,£2.26/100g
16037,The Corner Deli Co Salted Corn & Habas Fritas 80G,https://www.tesco.com/groceries/en-GB/products/304398265,1687617385.462166,"['£1.70', '£2.12/100g']",1.7,£2.12/100g
16038,Tesco Smoky Red Pepper Dressing 175Ml,https://www.tesco.com/groceries/en-GB/products/307352476,1687617385.550344,"['£1.40', '£0.80/100ml']",1.4,£0.80/100ml
16039,Pakeeza Mango Lassi Thick Yogurt Drink 330G,https://www.tesco.com/groceries/en-GB/products/312982448,1687617385.6228008,"['£1.35', '£0.41/100g']",1.35,£0.41/100g
16040,Tesco Tomato & Mozzarella Salad Bowl 220G,https://www.tesco.com/groceries/en-GB/products/308857298,1687617385.72543,"['£2.75', '£1.25/100g']",2.75,£1.25/100g
16041,Takul Halal Kitchen Beef & Vegetable Pasty 140G,https://www.tesco.com/groceries/en-GB/products/312368306,1687617385.8523479,"['£1.50', '£1.07/100g']",1.5,£1.07/100g
16042,Nakd Cocoa Delight 35G,https://www.tesco.com/groceries/en-GB/products/278942260,1687617385.9769988,"['£1.00', '£2.86/100g']",1.0,£2.86/100g
16043,Tesco Sour Cream Chive Flavoured Pulse & Nut Mix 25G,https://www.tesco.com/groceries/en-GB/products/312360107,1687617386.0919108,"['£0.75', '£3.00/100g']",0.75,£3.00/100g
16044,Tesco Fresh Egg Custard Tarts 2 Pack,https://www.tesco.com/groceries/en-GB/products/257471105,1687617392.3084521,"['£0.85', '£0.42/each']",0.85,£0.42/each
16045,Oggs Plant-Based Mini Chocolate Cupcakes 9 Pack 180G,https://www.tesco.com/groceries/en-GB/products/313362115,1687617392.3928058,"['£3.95', '£2.19/100g']",3.95,£2.19/100g
16046,Finest Triple Chocolate Shortbread 4 Pack,https://www.tesco.com/groceries/en-GB/products/257800909,1687617392.499852,"['£1.80', '£0.45/each']",1.8,£0.45/each
16047,Cinnamon Swirl 2 Pack,https://www.tesco.com/groceries/en-GB/products/256943223,1687617392.657671,"['£1.70', '£0.85/each']",1.7,£0.85/each
16048,Tesco Chocolate Brownie Bites 20 Pack,https://www.tesco.com/groceries/en-GB/products/268394928,1687617392.738168,"['£2.30', '£0.12/each']",2.3,£0.12/each
16049,Paul Hollywood 4 Ready To Bake Multi-Seed Rolls,https://www.tesco.com/groceries/en-GB/products/305429741,1687617392.839356,"['£2.00', '£0.50/each']",2.0,£0.50/each
16050,Heat & Eat White Baguette 3 Pack,https://www.tesco.com/groceries/en-GB/products/309461614,1687617392.906115,"['£1.40', '£0.47/each']",1.4,£0.47/each
16051,Tesco Pink Ring Doughnuts 4 Pack,https://www.tesco.com/groceries/en-GB/products/255874565,1687617392.973814,"['£1.30', '£0.32/each']",1.3,£0.32/each
16052,Crusty White Sandwich Loaf Sliced 800G,https://www.tesco.com/groceries/en-GB/products/258081507,1687617393.042284,"['£1.35', '£0.17/100g']",1.35,£0.17/100g
16053,Warburtons Gluten Free 4 Super Soft Sliced Square Rolls,https://www.tesco.com/groceries/en-GB/products/308494277,1687617393.1175401,"['£2.90', '£0.72/each']",2.9,£0.72/each
16054,Tesco 6 Classic Egg Waffles 250G,https://www.tesco.com/groceries/en-GB/products/310685247,1687617393.1891892,"['£1.60', '£0.64/100g']",1.6,£0.64/100g
16055,Tesco Fire Pit 8 Sliced Seeded Burger Buns,https://www.tesco.com/groceries/en-GB/products/313840978,1687617393.258341,"['£1.80', '£0.22/each']",1.8,£0.22/each
16056,Warburtons Fruit Loaf With Cinnamon & Raisin 400G,https://www.tesco.com/groceries/en-GB/products/255985687,1687617393.329576,"['£1.95', '£0.49/100g']",1.95,£0.49/100g
16057,Mr Kipling 8 Angel Slices Slices,https://www.tesco.com/groceries/en-GB/products/295848853,1687617393.399466,"['£3.95', '£0.49/each']",3.95,£0.49/each
16058,Baker Street Burger Buns 6 Pack,https://www.tesco.com/groceries/en-GB/products/308463683,1687617393.4930491,"['£1.60', '£0.27/each']",1.6,£0.27/each
16059,Soreen Malt Lunchbox Loaves 5 Pack,https://www.tesco.com/groceries/en-GB/products/273421003,1687617393.58307,"['£1.75', '£0.35/each']",1.75,£0.35/each
16060,Baker Street 4 Hot Dog Rolls,https://www.tesco.com/groceries/en-GB/products/308493065,1687617393.680848,"['£1.60', '£0.40/each']",1.6,£0.40/each
16061,Tesco Fire Pit 8 Sliced Brioche Burger Buns,https://www.tesco.com/groceries/en-GB/products/308475012,1687617393.774579,"['£1.70', '£0.21/each']",1.7,£0.21/each
16062,Kingsmill Pancakes 6 Pack,https://www.tesco.com/groceries/en-GB/products/253738348,1687617393.846127,"['£1.15', '£19.17/100g']",1.15,£19.17/100g
16063,Mr Kipling Bakewell Slice 6 Pack,https://www.tesco.com/groceries/en-GB/products/254947337,1687617393.91279,"['£2.50', '£0.42/each']",2.5,£0.42/each
16064,Tesco 6 Sultana Scones,https://www.tesco.com/groceries/en-GB/products/279841965,1687617394.0044339,"['£1.50', '£0.25/each']",1.5,£0.25/each
16065,Mcvities Jamaica Ginger Cake Each,https://www.tesco.com/groceries/en-GB/products/254946839,1687617394.0724192,"['£1.50', '£1.50/each']",1.5,£1.50/each
16066,Tesco Fire Pit 6 Jumbo Brioche Hot Dog Rolls,https://www.tesco.com/groceries/en-GB/products/311216546,1687617394.180483,"['£1.60', '£0.27/each']",1.6,£0.27/each
16067,Hovis Seven Seeds Original 400G,https://www.tesco.com/groceries/en-GB/products/287424635,1687617394.247492,"['£1.30', '£0.32/100g']",1.3,£0.32/100g
16068,Jason's 4 Everyday White Rolls With Sourdough 320G,https://www.tesco.com/groceries/en-GB/products/313757553,1687617394.319027,"['£1.50', '£0.47/100g']",1.5,£0.47/100g
16069,Mr Kipling Cherry Bakewells 6 Pack,https://www.tesco.com/groceries/en-GB/products/254947838,1687617394.413883,"['£1.99', '£0.33/each']",1.99,£0.33/each
16070,Mr Kipling Angel Slice 6 Pack,https://www.tesco.com/groceries/en-GB/products/296983673,1687617394.484163,"['£2.75', '£0.46/each']",2.75,£0.46/each
16071,Tesco White Sub Rolls 4 Pack,https://www.tesco.com/groceries/en-GB/products/299598842,1687617394.552011,"['£0.95', '£0.24/each']",0.95,£0.24/each
16072,Tesco Finest Wholemeal Seeds And Grains Bread 400G,https://www.tesco.com/groceries/en-GB/products/305836218,1687617394.624489,"['£1.00', '£0.25/100g']",1.0,£0.25/100g
16073,Tesco Assorted Jam Tarts 6 Pack,https://www.tesco.com/groceries/en-GB/products/254947936,1687617394.6945548,"['£0.99', '£0.16/each']",0.99,£0.16/each
16074,Tesco Finest 4 Mango & Passion Fruit Buttermilk Pancakes,https://www.tesco.com/groceries/en-GB/products/313734217,1687617394.7628129,"['£1.50', '£0.38/each']",1.5,£0.38/each
16075,Ms Molly's 12 Iced Fairy Cakes,https://www.tesco.com/groceries/en-GB/products/300120975,1687617394.829616,"['£0.99', '£0.08/each']",0.99,£0.08/each
16076,Tgi Cupcakes Strawberry & Chocolate 6 Pack,https://www.tesco.com/groceries/en-GB/products/313610715,1687617394.898628,"['£4.50', '£0.75/each']",4.5,£0.75/each
16077,Bramley Apple Pie Each,https://www.tesco.com/groceries/en-GB/products/256859922,1687617394.965378,"['£1.90', '£1.90/each']",1.9,£1.90/each
16078,Tesco 8 Sweet Pancakes,https://www.tesco.com/groceries/en-GB/products/258296697,1687617395.042064,"['£2.85', '£0.36/each']",2.85,£0.36/each
16079,Tesco 4 Triple Chocolate Muffins,https://www.tesco.com/groceries/en-GB/products/268563873,1687617395.108594,"['£1.80', '£0.45/each']",1.8,£0.45/each
16080,Belgian Chocolate Muffins 4 Pack,https://www.tesco.com/groceries/en-GB/products/263905005,1687617395.2852402,"['£1.80', '£0.45/each']",1.8,£0.45/each
16081,Tesco White Iced Ring Doughnuts 4 Pack,https://www.tesco.com/groceries/en-GB/products/296902776,1687617395.354762,"['£1.30', '£0.32/each']",1.3,£0.32/each
16082,Whaoo! Chocolate Filled Crepes 8 Pack 256G,https://www.tesco.com/groceries/en-GB/products/309187121,1687617395.4229429,"['£2.50', '£0.98/100g']",2.5,£0.98/100g
16083,Tesco Finest 4 Belgian Sugar Waffles 200G,https://www.tesco.com/groceries/en-GB/products/311692580,1687617395.490738,"['£1.80', '£0.90/100g']",1.8,£0.90/100g
16084,Tesco White Chocolate Cookies 5 Pack,https://www.tesco.com/groceries/en-GB/products/276132127,1687617395.5617468,"['£1.25', '£0.25/each']",1.25,£0.25/each
16085,Double Chocolate Cookie 5 Pack,https://www.tesco.com/groceries/en-GB/products/275156325,1687617395.630253,"['£1.25', '£0.25/each']",1.25,£0.25/each
16086,Warburtons Soft & Sliced Sesame Bagels 5 Pack,https://www.tesco.com/groceries/en-GB/products/304414570,1687617395.6996648,"['£1.85', '£0.37/each']",1.85,£0.37/each
16087,Soreen Sliced Malt Loaf 290G,https://www.tesco.com/groceries/en-GB/products/305953436,1687617395.8101661,"['£1.75', '£0.60/100g']",1.75,£0.60/100g
16088,Soreen 5 Apple Lunchbox Loaves 150G,https://www.tesco.com/groceries/en-GB/products/297385855,1687617395.904392,"['£1.75', '£1.17/100g']",1.75,£1.17/100g
16089,Tesco Finest Rye & Mixed Seed Sourdough 400G,https://www.tesco.com/groceries/en-GB/products/303629473,1687617395.9984431,"['£1.70', '£0.42/100g']",1.7,£0.42/100g
16090,New York Bakery Red Onion & Chive Bagels 5 Pack,https://www.tesco.com/groceries/en-GB/products/292885006,1687617396.073938,"['£1.90', '£0.38/each']",1.9,£0.38/each
16091,Tesco Finest 4 Brioche Hot Dog Rolls,https://www.tesco.com/groceries/en-GB/products/305838965,1687617396.1475341,"['£1.20', '£0.30/each']",1.2,£0.30/each
16092,Tesco Celebration Cake,https://www.tesco.com/groceries/en-GB/products/264983216,1687617400.958952,"['£10.00', '£10.00/each']",10.0,£10.00/each
16093,Tesco Free From Confetti Cake,https://www.tesco.com/groceries/en-GB/products/308452137,1687617401.113463,"['£10.00', '£10.00/each']",10.0,£10.00/each
16094,Cadbury Heroes Party Cupcakes 9 Pack,https://www.tesco.com/groceries/en-GB/products/306939527,1687617401.383091,"['£10.00', '£1.11/each']",10.0,£1.11/each
16095,Peppa Pig Traybake,https://www.tesco.com/groceries/en-GB/products/306952522,1687617401.4574468,"['£9.50', '£9.50/each']",9.5,£9.50/each
16096,Me To You Gift Cake,https://www.tesco.com/groceries/en-GB/products/277663050,1687617401.552255,"['£5.00', '£5.00/each']",5.0,£5.00/each
16097,Thorntons Indulgent Chocolate Gift Cake,https://www.tesco.com/groceries/en-GB/products/301044637,1687617401.6239061,"['£5.50', '£5.50/each']",5.5,£5.50/each
16098,Tesco Finest Chocolate & Caramel Gift Cake,https://www.tesco.com/groceries/en-GB/products/312349836,1687617401.699698,"['£5.50', '£5.50/each']",5.5,£5.50/each
16099,Tesco Finest Cookies N' Cream Cookie Cake,https://www.tesco.com/groceries/en-GB/products/311439708,1687617401.774527,"['£1.85', '£1.85/each']",1.85,£1.85/each
16100,Tesco Finest Chocolate And Salted Caramel Cake,https://www.tesco.com/groceries/en-GB/products/312365632,1687617401.841986,"['£5.50', '£5.50/each']",5.5,£5.50/each
16101,"Tesco Finest Lemon, Lime & White Chocolate Cake",https://www.tesco.com/groceries/en-GB/products/312230930,1687617401.9091,"['£5.50', '£5.50/each']",5.5,£5.50/each
16102,Tgi Fridays Chocolate Brownie Heaven Cake,https://www.tesco.com/groceries/en-GB/products/312694196,1687617402.0083468,"['£5.00', '£5.00/each']",5.0,£5.00/each
16103,Seerys Porter Cake 500G,https://www.tesco.com/groceries/en-GB/products/272228919,1687617402.106379,"['£3.30', '£0.66/100g']",3.3,£0.66/100g
16104,Oggs Vegan Chocolate Fudge Cupcakes 2 Pack 125G,https://www.tesco.com/groceries/en-GB/products/312696997,1687617402.176939,"['£2.35', '£1.86/100g']",2.35,£1.86/100g
16105,Oggs Brownie Bites 126G,https://www.tesco.com/groceries/en-GB/products/310097088,1687617402.24773,"['£2.35', '£1.86/100g']",2.35,£1.86/100g
16106,Mars Chocolate & Caramel Cake,https://www.tesco.com/groceries/en-GB/products/313858946,1687617402.343458,"['£3.50', '£3.50/each']",3.5,£3.50/each
16107,Tesco Finest Caramelised Biscuit Bites 208G,https://www.tesco.com/groceries/en-GB/products/311212003,1687617402.4128242,"['£2.75', '£1.32/100g']",2.75,£1.32/100g
16108,Tesco Finest 2 Sticky Toffee Cupbakes,https://www.tesco.com/groceries/en-GB/products/312343324,1687617402.480968,"['£2.90', '£1.45/each']",2.9,£1.45/each
16109,Tesco Finest Jammy Cookie Cake,https://www.tesco.com/groceries/en-GB/products/312087727,1687617402.5485718,"['£1.85', '£1.85/each']",1.85,£1.85/each
16110,Tesco Rose Bouquet Cake,https://www.tesco.com/groceries/en-GB/products/285313228,1687617402.616812,"['£15.00', '£15.00/each']",15.0,£15.00/each
16111,Nickelodeon Paw Patrol Celebration Cake,https://www.tesco.com/groceries/en-GB/products/289850236,1687617402.687535,"['£15.00', '£15.00/each']",15.0,£15.00/each
16112,Tesco Finest Belgian Chocolate Cake,https://www.tesco.com/groceries/en-GB/products/305977834,1687617402.763637,"['£16.00', '£16.00/each']",16.0,£16.00/each
16113,Tesco Finest Lemon Curd Drip Cake,https://www.tesco.com/groceries/en-GB/products/308485189,1687617402.832834,"['£16.00', '£16.00/each']",16.0,£16.00/each
16114,Disney Princess Ensemble Celebration Cake,https://www.tesco.com/groceries/en-GB/products/307158954,1687617402.8987892,"['£14.00', '£14.00/each']",14.0,£14.00/each
16115,Thorntons Celebration Cake Each,https://www.tesco.com/groceries/en-GB/products/272080844,1687617402.964679,"['£15.00', '£15.00/each']",15.0,£15.00/each
16116,Super Mario Celebration Cake,https://www.tesco.com/groceries/en-GB/products/305964969,1687617403.0721211,"['£14.00', '£14.00/each']",14.0,£14.00/each
16117,Avengers Celebration Cake,https://www.tesco.com/groceries/en-GB/products/308490984,1687617403.140386,"['£14.00', '£14.00/each']",14.0,£14.00/each
16118,Disney Cars Lightning Mcqueen Chocolate Cake,https://www.tesco.com/groceries/en-GB/products/309748691,1687617403.211465,"['£15.00', '£15.00/each']",15.0,£15.00/each
16119,Tesco Princess Tiara Cake,https://www.tesco.com/groceries/en-GB/products/285312794,1687617403.2838132,"['£14.00', '£14.00/each']",14.0,£14.00/each
16120,Tesco Finest Strawberries & Cream Cake,https://www.tesco.com/groceries/en-GB/products/305945803,1687617403.357823,"['£16.00', '£16.00/each']",16.0,£16.00/each
16121,Tesco Finest Blonde Cake,https://www.tesco.com/groceries/en-GB/products/311275878,1687617403.422925,"['£16.00', '£16.00/each']",16.0,£16.00/each
16122,Tesco Banoffee Celebration Cake,https://www.tesco.com/groceries/en-GB/products/312096558,1687617403.4892118,"['£13.00', '£13.00/each']",13.0,£13.00/each
16123,Sonic The Hedgehog Celebration Cake,https://www.tesco.com/groceries/en-GB/products/309479968,1687617403.553946,"['£13.00', '£13.00/each']",13.0,£13.00/each
16124,England Shirt Shaped Cake,https://www.tesco.com/groceries/en-GB/products/312367440,1687617403.620167,"['£13.00', '£13.00/each']",13.0,£13.00/each
16125,Tesco Finest Trillionaire Cake,https://www.tesco.com/groceries/en-GB/products/309759862,1687617403.6868749,"['£16.00', '£16.00/each']",16.0,£16.00/each
16126,Tesco Finest Mocha Cake,https://www.tesco.com/groceries/en-GB/products/311275170,1687617403.753332,"['£16.00', '£16.00/each']",16.0,£16.00/each
16127,Tesco Patch The Puppy Cake,https://www.tesco.com/groceries/en-GB/products/312368519,1687617403.819962,"['£12.00', '£12.00/each']",12.0,£12.00/each
16128,Maltesers 12 Double Choc Crunchy Munchy Cupcakes,https://www.tesco.com/groceries/en-GB/products/308494657,1687617403.8862238,"['£10.00', '£0.83/each']",10.0,£0.83/each
16129,Tesco White Chocolate Cake,https://www.tesco.com/groceries/en-GB/products/312356827,1687617403.954238,"['£13.00', '£13.00/each']",13.0,£13.00/each
16130,Tesco Tess The Tiger Cake,https://www.tesco.com/groceries/en-GB/products/311939969,1687617404.0283039,"['£12.00', '£12.00/each']",12.0,£12.00/each
16131,Tesco Finest Butterscotch Brownie Cake,https://www.tesco.com/groceries/en-GB/products/310683304,1687617404.169634,"['£16.00', '£16.00/each']",16.0,£16.00/each
16132,Tesco Finest Lemon & White Chocolate Gift Cake,https://www.tesco.com/groceries/en-GB/products/312568945,1687617404.237752,"['£5.50', '£5.50/each']",5.5,£5.50/each
16133,Tgi Fridays Caramel Blondie,https://www.tesco.com/groceries/en-GB/products/312699133,1687617404.3063731,"['£5.00', '£5.00/each']",5.0,£5.00/each
16134,Cadbury Mini Rolls Raspberry 10 Pack,https://www.tesco.com/groceries/en-GB/products/295848818,1687617404.39608,"['£3.95', '£0.40/each']",3.95,£0.40/each
16135,Cadbury Mini Rolls Milk Chocolate 10 Pack,https://www.tesco.com/groceries/en-GB/products/295848830,1687617404.46354,"['£3.95', '£0.40/each']",3.95,£0.40/each
16136,Thorntons Chocolate & Hazelnut Brookie Bars 4 Pack,https://www.tesco.com/groceries/en-GB/products/312720581,1687617404.529832,"['£2.25', '£0.56/each']",2.25,£0.56/each
16137,Peppa Pig Celebration Cake,https://www.tesco.com/groceries/en-GB/products/313956611,1687617404.59602,"['£12.00', '£12.00/each']",12.0,£12.00/each
16138,Tesco Finest Belgian Triple Chocolate Muffins 2 Pack,https://www.tesco.com/groceries/en-GB/products/311265533,1687617404.666856,"['£1.90', '£0.95/each']",1.9,£0.95/each
16139,Mini Danish Selection 5 Pack,https://www.tesco.com/groceries/en-GB/products/273889083,1687617404.771539,"['£1.75', '£0.35/each']",1.75,£0.35/each
16140,Tesco Chicken Korma With Pilau Rice 400G,https://www.tesco.com/groceries/en-GB/products/299917719,1687617409.801217,"['£1.75', '£4.38/kg']",1.75,£4.38/kg
16141,Tesco Casserole Beef 500G,https://www.tesco.com/groceries/en-GB/products/260067183,1687617409.960018,"['£4.50', '£9.00/kg']",4.5,£9.00/kg
16142,Ms Molly's Lemon Swirl Cheesecake 375G,https://www.tesco.com/groceries/en-GB/products/299475302,1687617410.026444,"['£0.80', '£0.21/100g']",0.8,£0.21/100g
16143,Tesco Finest 8 Mini Lobster Mac & Cheese 160G,https://www.tesco.com/groceries/en-GB/products/312231589,1687617410.092785,"['£2.25', '£1.41/100g']",2.25,£1.41/100g
16144,Tesco Basa Fillets 500G,https://www.tesco.com/groceries/en-GB/products/268228424,1687617410.174646,"['£4.00', '£8.00/kg']",4.0,£8.00/kg
16145,Goodfella's Gluten Free Margherita Pizza 328G,https://www.tesco.com/groceries/en-GB/products/288017880,1687617410.2385879,"['£3.75', '£11.43/kg']",3.75,£11.43/kg
16146,Goodfella's Pepperoni Pizza Gluten Free 317G,https://www.tesco.com/groceries/en-GB/products/307340657,1687617410.3096719,"['£3.75', '£1.18/100g']",3.75,£1.18/100g
16147,Tesco Steam Bags Long Grain White Rice 4 X 200G,https://www.tesco.com/groceries/en-GB/products/260409799,1687617410.376362,"['£2.50', '£3.12/kg']",2.5,£3.12/kg
16148,Tesco 4 Steam Bag Carrots Broccoli & Sweetcorn 640G,https://www.tesco.com/groceries/en-GB/products/271223759,1687617410.439994,"['£2.50', '£3.91/kg']",2.5,£3.91/kg
16149,Jus-Rol 2 Shortcrust Pastry Blocks 1Kg,https://www.tesco.com/groceries/en-GB/products/252632373,1687617410.5043771,"['£2.80', '£0.28/100g']",2.8,£0.28/100g
16150,Strong Roots Oven Baked Sweet Potato Fries 500G,https://www.tesco.com/groceries/en-GB/products/292523862,1687617410.570478,"['£3.30', '£6.60/kg']",3.3,£6.60/kg
16151,Tesco Finest Raspberry & Dark Chocolate Roulade 450G,https://www.tesco.com/groceries/en-GB/products/305729766,1687617410.6377962,"['£5.00', '£1.11/100g']",5.0,£1.11/100g
16152,Tesco Southern Fried Mini Chicken Breast Fillets 300G,https://www.tesco.com/groceries/en-GB/products/262083678,1687617410.703128,"['£3.00', '£10.00/kg']",3.0,£10.00/kg
16153,Tesco Mediterranean Style Roasting Vegetables 700G,https://www.tesco.com/groceries/en-GB/products/294892180,1687617410.78293,"['£3.00', '£4.29/kg']",3.0,£4.29/kg
16154,Kelly's Cornish Vanilla Dairy Ice Cream 2 Litres,https://www.tesco.com/groceries/en-GB/products/252335598,1687617410.844652,"['£5.00', '£0.25/100ml']",5.0,£0.25/100ml
16155,Aunt Bessie's Mashed Carrot & Swede 500G,https://www.tesco.com/groceries/en-GB/products/268323259,1687617410.906656,"['£2.50', '£5.00/kg']",2.5,£5.00/kg
16156,Birds Eye 8 Crispy Batter Fish Fingers 224G,https://www.tesco.com/groceries/en-GB/products/265536824,1687617410.967781,"['£2.00', '£8.93/kg']",2.0,£8.93/kg
16157,Tesco Diced Chicken Breast Fillets 640G,https://www.tesco.com/groceries/en-GB/products/295710820,1687617411.0303822,"['£4.20', '£6.56/kg']",4.2,£6.56/kg
16158,Tesco 4 Chicken & Vegetable Pies 568G,https://www.tesco.com/groceries/en-GB/products/287490313,1687617411.097218,"['£2.50', '£0.44/100g']",2.5,£0.44/100g
16159,Zizzi Rustica Piccante Pepperoni Pizza 410G,https://www.tesco.com/groceries/en-GB/products/311253115,1687617411.159415,"['£4.15', '£1.01/100g']",4.15,£1.01/100g
16160,Cadbury Flake 99 Ice Cream Cones 4 X 125Ml,https://www.tesco.com/groceries/en-GB/products/251821479,1687617411.253463,"['£4.00', '£0.80/100ml']",4.0,£0.80/100ml
16161,The Real Yorkshire Pudding Co. 6 Gluten Free Yorkshire Puddings 180G,https://www.tesco.com/groceries/en-GB/products/311953427,1687617411.339608,"['£2.50', '£13.89/kg']",2.5,£13.89/kg
16162,Birds Eye Hash Brown Waffles 650G,https://www.tesco.com/groceries/en-GB/products/307358280,1687617411.403651,"['£3.10', '£4.77/kg']",3.1,£4.77/kg
16163,Aunt Bessie's 4 Yorkshire Puddings Sea Salt & Rosemary 220G,https://www.tesco.com/groceries/en-GB/products/309742720,1687617411.468959,"['£2.00', '£9.09/kg']",2.0,£9.09/kg
16164,Tesco 4 Cheese & Bacon Breaded Chicken Kievs 500G,https://www.tesco.com/groceries/en-GB/products/293535996,1687617411.5324612,"['£3.00', '£6.00/kg']",3.0,£6.00/kg
16165,Tesco 4 Chicken & Bacon Pies 568G,https://www.tesco.com/groceries/en-GB/products/287490273,1687617411.630075,"['£2.50', '£0.44/100g']",2.5,£0.44/100g
16166,Tesco Family Cottage Pie 1.4Kg,https://www.tesco.com/groceries/en-GB/products/308098942,1687617411.699875,"['£5.00', '£3.57/kg']",5.0,£3.57/kg
16167,Cadbury Dairy Milk Buttons Ice Cream Cones 4 X 100Ml,https://www.tesco.com/groceries/en-GB/products/282692727,1687617411.792462,"['£2.75', '£0.69/100ml']",2.75,£0.69/100ml
16168,Quorn 12 Sausages 504G,https://www.tesco.com/groceries/en-GB/products/281442254,1687617411.868758,"['£2.95', '£5.85/kg']",2.95,£5.85/kg
16169,Aunt Bessie's Onion Rings 375G,https://www.tesco.com/groceries/en-GB/products/268266126,1687617411.94172,"['£2.35', '£6.27/kg']",2.35,£6.27/kg
16170,Cornetto Mint Ice Cream Cones 6 X 90Ml,https://www.tesco.com/groceries/en-GB/products/303067238,1687617412.009436,"['£3.25', '£0.60/100ml']",3.25,£0.60/100ml
16171,Birds Eye Steamfresh 4 Classic Garden Mix Vegetable 540G,https://www.tesco.com/groceries/en-GB/products/273125982,1687617412.0813131,"['£2.90', '£5.37/kg']",2.9,£5.37/kg
16172,Tesco Finest Valencia Orange Juice Lollies 4 X 73Ml,https://www.tesco.com/groceries/en-GB/products/256174211,1687617412.174239,"['£2.50', '£0.86/100ml']",2.5,£0.86/100ml
16173,Tesco Finest 4 Beef Burgers 454G,https://www.tesco.com/groceries/en-GB/products/293709025,1687617412.240597,"['£3.75', '£8.26/kg']",3.75,£8.26/kg
16174,Oreo Ice Cream Sandwich 4Pkl 55Ml,https://www.tesco.com/groceries/en-GB/products/306157202,1687617412.332478,"['£2.00', '£3.64/100ml']",2.0,£3.64/100ml
16175,Solero Exotic Ice Cream 3 X 90Ml,https://www.tesco.com/groceries/en-GB/products/291971159,1687617412.4730701,"['£2.50', '£0.93/100ml']",2.5,£0.93/100ml
16176,Tesco Sausage And Mash 400G,https://www.tesco.com/groceries/en-GB/products/303182209,1687617412.563524,"['£1.70', '£4.25/kg']",1.7,£4.25/kg
16177,Tesco 6 Dark Chocolate Ices 6X70ml,https://www.tesco.com/groceries/en-GB/products/310092600,1687617412.668083,"['£1.50', '£0.36/100ml']",1.5,£0.36/100ml
16178,Tesco White Chocolate Ice Creams 3X110ml,https://www.tesco.com/groceries/en-GB/products/303067964,1687617412.735051,"['£1.35', '£0.41/100ml']",1.35,£0.41/100ml
16179,Tesco Lamb Hotpot 400G,https://www.tesco.com/groceries/en-GB/products/303182343,1687617412.802829,"['£1.75', '£4.38/kg']",1.75,£4.38/kg
16180,Tesco Shepherds Pie 400G,https://www.tesco.com/groceries/en-GB/products/303182147,1687617412.871199,"['£1.70', '£4.25/kg']",1.7,£4.25/kg
16181,Tesco All Day Breakfast 350G,https://www.tesco.com/groceries/en-GB/products/292400397,1687617412.937572,"['£2.25', '£6.43/kg']",2.25,£6.43/kg
16182,Hearty Food Co 4 Bean & Cheese Melts 400G,https://www.tesco.com/groceries/en-GB/products/299390350,1687617413.003647,"['£1.10', '£0.28/100g']",1.1,£0.28/100g
16183,Tesco Chicken Breast Joint 800G,https://www.tesco.com/groceries/en-GB/products/272866077,1687617413.070271,"['£5.10', '£6.38/kg']",5.1,£6.38/kg
16184,Ms Molly's Strawberry Swirl Cheesecake 375G,https://www.tesco.com/groceries/en-GB/products/299475285,1687617413.136848,"['£0.85', '£0.23/100g']",0.85,£0.23/100g
16185,Tesco 8 Mini Fish Pies 124G,https://www.tesco.com/groceries/en-GB/products/312210827,1687617413.2124832,"['£1.50', '£1.21/100g']",1.5,£1.21/100g
16186,Birds Eye 4 Large Breaded Haddock 440G,https://www.tesco.com/groceries/en-GB/products/303334280,1687617413.3095071,"['£6.00', '£13.64/kg']",6.0,£13.64/kg
16187,Ben & Jerry's Cookie Dough Vanilla Ice Cream 465Ml,https://www.tesco.com/groceries/en-GB/products/305955388,1687617413.375914,"['£5.00', '£1.08/100ml']",5.0,£1.08/100ml
16188,Tesco Beautifully Balanced Prawn & Kale Linguine 400G,https://www.tesco.com/groceries/en-GB/products/311216984,1687617419.471115,"['£2.30', '£5.75/kg']",2.3,£5.75/kg
16189,Ben & Jerry's Tony's Chocolonely Chocolate Love A Fair Ice Cream 465Ml,https://www.tesco.com/groceries/en-GB/products/312581076,1687617419.5473568,"['£5.00', '£1.08/100ml']",5.0,£1.08/100ml
16190,Ben & Jerry's Cookie Dough Sandwich Up Vanilla Ice Cream 465Ml,https://www.tesco.com/groceries/en-GB/products/305736469,1687617419.637978,"['£5.00', '£1.08/100ml']",5.0,£1.08/100ml
16191,Ben & Jerry's Caramel Chew Chew Ice Cream 465Ml,https://www.tesco.com/groceries/en-GB/products/305968091,1687617419.7334971,"['£5.00', '£1.08/100ml']",5.0,£1.08/100ml
16192,Ben & Jerry's Karamel Sutra Core Ice Cream 465Ml,https://www.tesco.com/groceries/en-GB/products/305956750,1687617419.830792,"['£5.00', '£1.08/100ml']",5.0,£1.08/100ml
16193,Ben & Jerry's Peanut Butter Cup Ice Cream 465Ml,https://www.tesco.com/groceries/en-GB/products/305947489,1687617419.919872,"['£5.00', '£1.08/100ml']",5.0,£1.08/100ml
16194,Tesco Free From 4 Breaded Chicken Steaks 380G,https://www.tesco.com/groceries/en-GB/products/281865600,1687617420.040434,"['£4.15', '£10.92/kg']",4.15,£10.92/kg
16195,Goodfellas Takeaway Chicken & Bacon Bbq Pizza 549G,https://www.tesco.com/groceries/en-GB/products/308099797,1687617420.108084,"['£5.00', '£9.11/kg']",5.0,£9.11/kg
16196,Mccain Flavour Maker Smokey Bbq Fries 762G,https://www.tesco.com/groceries/en-GB/products/308112074,1687617420.196099,"['£3.50', '£4.59/kg']",3.5,£4.59/kg
16197,Tesco Finest Chocolate Sauce 250G,https://www.tesco.com/groceries/en-GB/products/276519886,1687617420.266784,"['£2.90', '£1.16/100g']",2.9,£1.16/100g
16198,Birds Eye Texas Style Bbq Popcorn Chicken 325G,https://www.tesco.com/groceries/en-GB/products/309746290,1687617420.35741,"['£4.10', '£12.62/kg']",4.1,£12.62/kg
16199,Crosta & Mollica Pizzeria Imperia Sourdough 419G,https://www.tesco.com/groceries/en-GB/products/308103309,1687617420.446799,"['£5.10', '£1.22/100g']",5.1,£1.22/100g
16200,Kirsty's Free From Pepperoni Pizza 325G,https://www.tesco.com/groceries/en-GB/products/304369634,1687617420.5408902,"['£4.10', '£12.62/kg']",4.1,£12.62/kg
16201,Lotus Biscoff Ice Cream Sticks 3X90ml,https://www.tesco.com/groceries/en-GB/products/305977074,1687617420.608314,"['£4.50', '£1.67/100ml']",4.5,£1.67/100ml
16202,Halo Top Gooey Brownie Ice Cream 473Ml,https://www.tesco.com/groceries/en-GB/products/305830759,1687617420.7040792,"['£5.25', '£1.11/100ml']",5.25,£1.11/100ml
16203,Vfc Original Recipe Vegan Crispy Chicken Tenders 200G,https://www.tesco.com/groceries/en-GB/products/312990703,1687617420.807364,"['£3.00', '£15.00/kg']",3.0,£15.00/kg
16204,Youngs Gastro 2 Extra Large Battered Cod Fillets 450G,https://www.tesco.com/groceries/en-GB/products/312579431,1687617420.885401,"['£6.00', '£13.33/kg']",6.0,£13.33/kg
16205,Ben & Jerry's Tony's Chocolonely Chocolate Love A Fair Non Dairy 465Ml,https://www.tesco.com/groceries/en-GB/products/312348031,1687617420.95537,"['£5.00', '£1.08/100ml']",5.0,£1.08/100ml
16206,Northern Dough Co. Pizza Dough Italian Herb 2X200g,https://www.tesco.com/groceries/en-GB/products/308470426,1687617421.0500622,"['£2.60', '£0.59/100g']",2.6,£0.59/100g
16207,Gosh! Original Falafel 308G,https://www.tesco.com/groceries/en-GB/products/312853256,1687617421.126014,"['£2.50', '£8.12/kg']",2.5,£8.12/kg
16208,Strong Roots The Kale & Quinoa Burger 300G,https://www.tesco.com/groceries/en-GB/products/307359958,1687617421.22304,"['£3.30', '£11.00/kg']",3.3,£11.00/kg
16209,Little Moons Honey Roasted Pistachio Mochi Ice Cream 192G,https://www.tesco.com/groceries/en-GB/products/311217159,1687617421.2905972,"['£5.00', '£2.60/100g']",5.0,£2.60/100g
16210,Little Moons Chocolate & Hazelnut Ice Cream Mochi 192G,https://www.tesco.com/groceries/en-GB/products/310123980,1687617421.358123,"['£5.00', '£2.60/100g']",5.0,£2.60/100g
16211,Little Moons 6 Creamy Coconut Treats 192G,https://www.tesco.com/groceries/en-GB/products/307746108,1687617421.426489,"['£5.00', '£2.60/100g']",5.0,£2.60/100g
16212,Extreme Cookie Cone Caramel 4X110ml,https://www.tesco.com/groceries/en-GB/products/310663265,1687617421.498122,"['£4.25', '£0.97/100ml']",4.25,£0.97/100ml
16213,Carousel Nougat Wafers 6 Pack,https://www.tesco.com/groceries/en-GB/products/286787609,1687617421.589439,"['£2.00', '£0.33/each']",2.0,£0.33/each
16214,Tesco Free From 6 Strawberry Splits 6X70g,https://www.tesco.com/groceries/en-GB/products/306660660,1687617421.664159,"['£2.35', '£0.56/100ml']",2.35,£0.56/100ml
16215,Tesco Strawberry Cheesecake Ice Cream 480Ml,https://www.tesco.com/groceries/en-GB/products/312698497,1687617421.735908,"['£2.40', '£0.50/100ml']",2.4,£0.50/100ml
16216,Beyond Meatballs 200G,https://www.tesco.com/groceries/en-GB/products/310189057,1687617421.8042262,"['£4.00', '£20.00/kg']",4.0,£20.00/kg
16217,Haagen Dazs Mango & Raspberry Ice Cream Bar 3X80ml,https://www.tesco.com/groceries/en-GB/products/295432233,1687617421.871247,"['£4.20', '£1.75/100ml']",4.2,£1.75/100ml
16218,Wicked Kitchen Cookie Dough Ice Dream Treat 500Ml,https://www.tesco.com/groceries/en-GB/products/308117063,1687617421.9398808,"['£3.00', '£0.60/100ml']",3.0,£0.60/100ml
16219,Rowntree's Fruit Blaster Ice Lollies 6X58ml,https://www.tesco.com/groceries/en-GB/products/312694187,1687617422.012665,"['£2.50', '£0.72/100ml']",2.5,£0.72/100ml
16220,Oumph! The Spiced Kebab 280G,https://www.tesco.com/groceries/en-GB/products/310650827,1687617422.101098,"['£3.50', '£12.50/kg']",3.5,£12.50/kg
16221,Oumph! Spicy Drums 270G,https://www.tesco.com/groceries/en-GB/products/312992816,1687617422.172022,"['£3.50', '£12.96/kg']",3.5,£12.96/kg
16222,Birds Eye Green Cuisine 4 Veggie Quarter Pounders 454G,https://www.tesco.com/groceries/en-GB/products/312833672,1687617422.2394161,"['£3.00', '£6.61/kg']",3.0,£6.61/kg
16223,Mccain Street Fries Cheese & Bacon 300G,https://www.tesco.com/groceries/en-GB/products/310187120,1687617422.3065002,"['£3.20', '£10.67/kg']",3.2,£10.67/kg
16224,Tesco Free From Salted Caramel Iced Dessert 900Ml,https://www.tesco.com/groceries/en-GB/products/306802580,1687617422.436579,"['£3.00', '£0.33/100ml']",3.0,£0.33/100ml
16225,Snacksters Classic Hot Dog 135G,https://www.tesco.com/groceries/en-GB/products/311253737,1687617422.504856,"['£1.20', '£8.89/kg']",1.2,£8.89/kg
16226,Tesco Finest Canadian Cooked Prawns 225G,https://www.tesco.com/groceries/en-GB/products/305523531,1687617422.5731342,"['£5.20', '£2.31/100g']",5.2,£2.31/100g
16227,Ben & Jerry's Strawberry Cheesecake Ice Cream 465Ml,https://www.tesco.com/groceries/en-GB/products/310699919,1687617422.641105,"['£5.00', '£1.08/100ml']",5.0,£1.08/100ml
16228,Tesco Pork Shoulder In A Bbq Sauce 465G,https://www.tesco.com/groceries/en-GB/products/309207554,1687617422.739488,"['£4.40', '£9.46/kg']",4.4,£9.46/kg
16229,Mccain Takeaway Salt & Pepper Fries 762G,https://www.tesco.com/groceries/en-GB/products/312104429,1687617422.8069608,"['£3.50', '£4.59/kg']",3.5,£4.59/kg
16230,Hollands Potato & Meat Family Pie,https://www.tesco.com/groceries/en-GB/products/307745812,1687617422.873652,"['£4.40', '£4.40/each']",4.4,£4.40/each
16231,Kirsty's Free From Margherita Pizza 315G,https://www.tesco.com/groceries/en-GB/products/301810497,1687617422.9634209,"['£4.10', '£1.30/100g']",4.1,£1.30/100g
16232,Tesco Easy Fill Ice Cube Tray,https://www.tesco.com/groceries/en-GB/products/307394725,1687617423.02975,"['£3.25', '£3.25/each']",3.25,£3.25/each
16233,Pret Greens Smoothie Mix 400G,https://www.tesco.com/groceries/en-GB/products/312708118,1687617423.14567,"['£3.50', '£8.75/kg']",3.5,£8.75/kg
16234,Nuii Coconut & Indian Mango Ice Cream 3X90ml,https://www.tesco.com/groceries/en-GB/products/305981172,1687617423.2235022,"['£4.00', '£1.48/100ml']",4.0,£1.48/100ml
16235,Halo Top Sea Salt Caramel Ice Cream 473Ml,https://www.tesco.com/groceries/en-GB/products/299443317,1687617423.3169768,"['£5.25', '£1.11/100ml']",5.25,£1.11/100ml
16236,Tesco Butter Mintoes 200G,https://www.tesco.com/groceries/en-GB/products/268378378,1687617429.619773,"['£1.10', '£0.55/100g']",1.1,£0.55/100g
16237,Werther's Original Butter Candies 135G,https://www.tesco.com/groceries/en-GB/products/266403370,1687617429.698072,"['£1.22', '£0.90/100g']",1.22,£0.90/100g
16238,Tesco Cosmic Whip Chocolate Bars Multipack 8 X 22g,https://www.tesco.com/groceries/en-GB/products/300876950,1687617429.785547,"['£1.30', '£0.74/100g']",1.3,£0.74/100g
16239,Skittles Fruits Sweets Pouch 152G,https://www.tesco.com/groceries/en-GB/products/311259685,1687617429.9521742,"['£0.99', '£0.65/100g']",0.99,£0.65/100g
16240,Tesco Milk Chocolate Butter Biscuits 125G,https://www.tesco.com/groceries/en-GB/products/309167479,1687617430.030849,"['£1.00', '£0.80/100g']",1.0,£0.80/100g
16241,Tesco Meaty Variety Crisps 6X25g,https://www.tesco.com/groceries/en-GB/products/268396241,1687617430.1254241,"['£1.10', '£0.73/100g']",1.1,£0.73/100g
16242,Mars Bounty Chocolate Bars Multipack 4 X 57g,https://www.tesco.com/groceries/en-GB/products/272431350,1687617430.214931,"['£1.65', '£0.72/100g']",1.65,£0.72/100g
16243,Maltesers Milk Chocolate Bag 102G,https://www.tesco.com/groceries/en-GB/products/305829106,1687617430.426736,"['£1.50', '£1.47/100g']",1.5,£1.47/100g
16244,Stockwell & Co. Variety Pack Crisps 6X25g,https://www.tesco.com/groceries/en-GB/products/306653529,1687617430.5077279,"['£0.85', '£0.57/100g']",0.85,£0.57/100g
16245,Tesco Cranberries 200G,https://www.tesco.com/groceries/en-GB/products/271074203,1687617430.5812109,"['£2.60', '£13.00/kg']",2.6,£13.00/kg
16246,Tesco Cashew Nuts 200G,https://www.tesco.com/groceries/en-GB/products/266376222,1687617430.6530309,"['£3.30', '£16.50/kg']",3.3,£16.50/kg
16247,Kp Dry Roasted Peanuts 250G,https://www.tesco.com/groceries/en-GB/products/299581619,1687617430.723236,"['£3.00', '£12.00/kg']",3.0,£12.00/kg
16248,Tesco Unsalted Mixed Nuts 200G,https://www.tesco.com/groceries/en-GB/products/268419141,1687617430.795001,"['£2.20', '£11.00/kg']",2.2,£11.00/kg
16249,Sensations Onion & Balsamic Vinegar 150G,https://www.tesco.com/groceries/en-GB/products/267349622,1687617430.865141,"['£2.50', '£1.67/100g']",2.5,£1.67/100g
16250,Sensations Mango & Chilli Chutney Poppadoms 82.5G,https://www.tesco.com/groceries/en-GB/products/296801901,1687617430.941833,"['£2.50', '£3.03/100g']",2.5,£3.03/100g
16251,Bear Strawberry Yoyo Multipack 5X20g,https://www.tesco.com/groceries/en-GB/products/271189177,1687617431.01724,"['£2.85', '£2.85/100g']",2.85,£2.85/100g
16252,Jacobs Cream Crackers 300G,https://www.tesco.com/groceries/en-GB/products/254925029,1687617431.108723,"['£1.70', '£0.57/100g']",1.7,£0.57/100g
16253,Butterkist Toffee Popcorn 170G,https://www.tesco.com/groceries/en-GB/products/295649616,1687617431.178134,"['£2.00', '£1.18/100g']",2.0,£1.18/100g
16254,Walkers Meaty Variety Crisps 12X25g,https://www.tesco.com/groceries/en-GB/products/305042316,1687617431.270914,"['£3.25', '£1.08/100g']",3.25,£1.08/100g
16255,Mccoy's Thai Sweet Chicken Ridge Cut Crisps 6X25g,https://www.tesco.com/groceries/en-GB/products/309760940,1687617431.338584,"['£2.25', '£1.50/100g']",2.25,£1.50/100g
16256,Walkers Sunbites Sour Cream & Black Pepper 6X25g,https://www.tesco.com/groceries/en-GB/products/264127141,1687617431.451861,"['£1.95', '£1.30/100g']",1.95,£1.30/100g
16257,Mcvities Chocolate Hobnobs 262G,https://www.tesco.com/groceries/en-GB/products/278371514,1687617431.523287,"['£1.90', '£0.72/100g']",1.9,£0.72/100g
16258,Dairylea Cheese Spread 270G,https://www.tesco.com/groceries/en-GB/products/285140562,1687617431.592266,"['£2.40', '£8.89/kg']",2.4,£8.89/kg
16259,Soreen Malt Lunchbox Loaves 5 Pack,https://www.tesco.com/groceries/en-GB/products/273421003,1687617431.6599622,"['£1.75', '£0.35/each']",1.75,£0.35/each
16260,Tesco Dry Roasted Peanuts 550G,https://www.tesco.com/groceries/en-GB/products/297512061,1687617431.747286,"['£2.00', '£3.64/kg']",2.0,£3.64/kg
16261,Mr Kipling Bakewell Slice 6 Pack,https://www.tesco.com/groceries/en-GB/products/254947337,1687617431.814979,"['£2.50', '£0.42/each']",2.5,£0.42/each
16262,Go Ahead Apple Bakes 6X35g,https://www.tesco.com/groceries/en-GB/products/251232560,1687617431.90555,"['£1.85', '£0.88/100g']",1.85,£0.88/100g
16263,Kp Hula Hoops Salt & Vinegar 6X24g,https://www.tesco.com/groceries/en-GB/products/287135827,1687617431.979084,"['£2.25', '£1.56/100g']",2.25,£1.56/100g
16264,Kellogg's Rice Krispie Squares Caramel 4 X 36G,https://www.tesco.com/groceries/en-GB/products/250202816,1687617432.0667431,"['£2.00', '£1.39/100g']",2.0,£1.39/100g
16265,Pringles Salt & Vinegar Crisps 165G,https://www.tesco.com/groceries/en-GB/products/308832114,1687617432.1382568,"['£1.95', '£1.18/100g']",1.95,£1.18/100g
16266,Philadelphia Garlic & Herbs Soft Cheese 165G,https://www.tesco.com/groceries/en-GB/products/311794004,1687617432.2141068,"['£2.20', '£13.33/kg']",2.2,£13.33/kg
16267,Jacobs Baked Cheddar Biscuits Cheese 150G,https://www.tesco.com/groceries/en-GB/products/254925467,1687617432.304394,"['£1.20', '£0.80/100g']",1.2,£0.80/100g
16268,Tesco Scottish Rough Oatcakes 250G,https://www.tesco.com/groceries/en-GB/products/251373824,1687617432.3754182,"['£1.00', '£0.40/100g']",1.0,£0.40/100g
16269,Rowntrees Vegan Fruit Pastilles 143G,https://www.tesco.com/groceries/en-GB/products/308473498,1687617432.447685,"['£1.25', '£0.87/100g']",1.25,£0.87/100g
16270,Pom Bear Cheese & Onion Crisps 6 Pack 6 X 13G,https://www.tesco.com/groceries/en-GB/products/302293599,1687617432.5164878,"['£1.50', '£1.92/100g']",1.5,£1.92/100g
16271,Smiths Chipstick Salt & Vinegar Snack 6 X17g,https://www.tesco.com/groceries/en-GB/products/310185963,1687617432.585548,"['£1.49', '£1.46/100g']",1.49,£1.46/100g
16272,Tesco Oat & Honey Granola Bars 6 Pack 180G,https://www.tesco.com/groceries/en-GB/products/301466944,1687617432.65875,"['£1.25', '£0.69/100g']",1.25,£0.69/100g
16273,Tesco Soft Apricots 250G,https://www.tesco.com/groceries/en-GB/products/258057537,1687617432.7269042,"['£2.00', '£8.00/kg']",2.0,£8.00/kg
16274,Jacobs Hovis Digestives 250G,https://www.tesco.com/groceries/en-GB/products/254922706,1687617432.792405,"['£1.50', '£0.60/100g']",1.5,£0.60/100g
16275,Tesco Meaty Variety Crisps 30X25g,https://www.tesco.com/groceries/en-GB/products/286717509,1687617432.857481,"['£4.20', '£0.56/100g']",4.2,£0.56/100g
16276,Cadbury Brunch Bar Raisin 5X32g,https://www.tesco.com/groceries/en-GB/products/309464219,1687617432.998513,"['£1.15', '£0.72/100g']",1.15,£0.72/100g
16277,Oreo Vanilla 154G,https://www.tesco.com/groceries/en-GB/products/264375347,1687617433.065307,"['£1.10', '£0.71/100g']",1.1,£0.71/100g
16278,Wagon Wheels Jammie 6 Pack,https://www.tesco.com/groceries/en-GB/products/257595546,1687617433.153777,"['£1.15', '£0.50/100g']",1.15,£0.50/100g
16279,Tesco Assorted Jam Tarts 6 Pack,https://www.tesco.com/groceries/en-GB/products/254947936,1687617433.242435,"['£0.99', '£0.16/each']",0.99,£0.16/each
16280,Kinder Chocolate Bars Multipack 8 X 12.5g,https://www.tesco.com/groceries/en-GB/products/254891246,1687617433.3229382,"['£1.30', '£1.30/100g']",1.3,£1.30/100g
16281,Tesco Chocolate Chip Cookies 250G,https://www.tesco.com/groceries/en-GB/products/258025719,1687617433.393632,"['£0.85', '£0.34/100g']",0.85,£0.34/100g
16282,Cadbury Chocolate Eclairs 166G,https://www.tesco.com/groceries/en-GB/products/289149439,1687617433.461626,"['£1.00', '£0.60/100g']",1.0,£0.60/100g
16284,Milkybar White Chocolate Pouch 94G,https://www.tesco.com/groceries/en-GB/products/308468129,1687617438.809262,"['£1.35', '£1.44/100g']",1.35,£1.44/100g
16285,Haribo Jelly Babies Double Trouble 175G,https://www.tesco.com/groceries/en-GB/products/307733642,1687617438.898986,"['£1.25', '£0.71/100g']",1.25,£0.71/100g
16286,Walkers Max Paprika Crisps 50G,https://www.tesco.com/groceries/en-GB/products/290572748,1687617439.066415,"['£0.95', '£1.90/100g']",0.95,£1.90/100g
16287,Cadbury Crunchie Rocks 110G,https://www.tesco.com/groceries/en-GB/products/285332960,1687617439.22574,"['£1.35', '£1.23/100g']",1.35,£1.23/100g
16289,Cadbury Dairy Milk Whole Nut Chocolate Bar 120G,https://www.tesco.com/groceries/en-GB/products/275523231,1687617439.364518,"['£1.35', '£1.12/100g']",1.35,£1.12/100g
16290,The Skinny Cracker Co Rosemary Crackers 185G,https://www.tesco.com/groceries/en-GB/products/311938642,1687617439.434915,"['£1.00', '£0.54/100g']",1.0,£0.54/100g
16291,Properchips Salt & Vinegar Lentil Chips 85G,https://www.tesco.com/groceries/en-GB/products/305736014,1687617439.5110452,"['£2.00', '£2.35/100g']",2.0,£2.35/100g
16292,Proper Chips 85G Bbq,https://www.tesco.com/groceries/en-GB/products/305846270,1687617439.582569,"['£2.00', '£2.35/100g']",2.0,£2.35/100g
16293,Tesco Dark Chocolate Butter Biscuits 125G,https://www.tesco.com/groceries/en-GB/products/309175953,1687617439.650988,"['£1.00', '£0.80/100g']",1.0,£0.80/100g
16294,M&M's Crispy Chocolate Pouch 107G,https://www.tesco.com/groceries/en-GB/products/303670704,1687617439.720581,"['£1.50', '£1.40/100g']",1.5,£1.40/100g
16295,Tesco 10 Chocolate Cake Bars,https://www.tesco.com/groceries/en-GB/products/306926577,1687617439.7893,"['£1.45', '£0.14/each']",1.45,£0.14/each
16296,Tesco Shortbread Petticoat Tails 450G,https://www.tesco.com/groceries/en-GB/products/293574661,1687617439.86129,"['£2.25', '£0.50/100g']",2.25,£0.50/100g
16297,Tesco Cherry Bakewell Tarts 6 Pack,https://www.tesco.com/groceries/en-GB/products/268405088,1687617439.935362,"['£1.19', '£0.20/each']",1.19,£0.20/each
16298,Lindt Lindor Milk Chocolate Truffles Carton 337G,https://www.tesco.com/groceries/en-GB/products/259183944,1687617440.0076659,"['£9.50', '£2.82/100g']",9.5,£2.82/100g
16299,Tesco Finest Ice Cream Madagascan Vanilla 480Ml,https://www.tesco.com/groceries/en-GB/products/303007679,1687617440.0770712,"['£3.00', '£0.62/100ml']",3.0,£0.62/100ml
16300,Belvita Milk & Cereal Biscuits 12 Pack 540G,https://www.tesco.com/groceries/en-GB/products/297544535,1687617440.143716,"['£2.90', '£0.54/100g']",2.9,£0.54/100g
16301,Organix 12 Month Strawberry Cereal Bar 6X30g,https://www.tesco.com/groceries/en-GB/products/278233874,1687617440.2214131,"['£3.00', '£1.67/100g']",3.0,£1.67/100g
16302,Border Biscuits Sharing Pack 400G,https://www.tesco.com/groceries/en-GB/products/290392552,1687617440.2894049,"['£3.75', '£0.94/100g']",3.75,£0.94/100g
16303,Tyrrells Mixed Root Vegetable Crisps 125G,https://www.tesco.com/groceries/en-GB/products/298179879,1687617440.355297,"['£2.75', '£2.20/100g']",2.75,£2.20/100g
16304,Organix 12 Month Goodies Carrot Cake Bar 6X30g,https://www.tesco.com/groceries/en-GB/products/261476025,1687617440.422519,"['£3.00', '£1.67/100g']",3.0,£1.67/100g
16305,Tyrrells Mediterranean Herb Crisps 150G,https://www.tesco.com/groceries/en-GB/products/310668375,1687617440.4887092,"['£2.50', '£1.67/100g']",2.5,£1.67/100g
16306,Green & Blacks Organic Milk Chocolate 90G,https://www.tesco.com/groceries/en-GB/products/303670290,1687617440.580527,"['£2.45', '£2.72/100g']",2.45,£2.72/100g
16307,Fox's Golden Crunch Cream Biscuit Twin Pack 2X200g,https://www.tesco.com/groceries/en-GB/products/310111504,1687617440.646572,"['£1.95', '£0.49/100g']",1.95,£0.49/100g
16308,Graze Protein Oat Boosts Lemon Blueberry 4X 30G,https://www.tesco.com/groceries/en-GB/products/312367434,1687617440.7184799,"['£1.99', '£1.66/100g']",1.99,£1.66/100g
16309,Jacobs Twiglets Snacks 6X24g,https://www.tesco.com/groceries/en-GB/products/273813634,1687617440.791112,"['£2.00', '£1.39/100g']",2.0,£1.39/100g
16310,Tesco Sesame Seeds 100G,https://www.tesco.com/groceries/en-GB/products/259652136,1687617440.858908,"['£1.15', '£11.50/kg']",1.15,£11.50/kg
16311,Nairns Stem Ginger Oat Biscuits 200G,https://www.tesco.com/groceries/en-GB/products/257859333,1687617440.9571898,"['£1.60', '£0.80/100g']",1.6,£0.80/100g
16312,Kellogg's Nutri-Grain Raisin 6 X 45G,https://www.tesco.com/groceries/en-GB/products/262103796,1687617441.0256069,"['£2.50', '£0.93/100g']",2.5,£0.93/100g
16313,Mcvities Dark Chocolate Hobnob 262G,https://www.tesco.com/groceries/en-GB/products/278370924,1687617441.120427,"['£1.90', '£0.72/100g']",1.9,£0.72/100g
16314,Tesco Party Cake Selection 12 Pack,https://www.tesco.com/groceries/en-GB/products/267207059,1687617441.190946,"['£3.00', '£0.25/each']",3.0,£0.25/each
16315,Nature Valley Sweet & Salty Nut Peanut Bars 4X30g,https://www.tesco.com/groceries/en-GB/products/304374230,1687617441.261031,"['£1.75', '£1.46/100g']",1.75,£1.46/100g
16316,Mr Kipling Almond Slices 6 Pack,https://www.tesco.com/groceries/en-GB/products/254947308,1687617441.3317,"['£2.50', '£0.42/each']",2.5,£0.42/each
16317,Galaxy Milk Chocolate Bar 200G,https://www.tesco.com/groceries/en-GB/products/268549827,1687617441.419931,"['£2.00', '£1.00/100g']",2.0,£1.00/100g
16318,Walkers Wotsits Giants Flamin' Hot Snacks 130G,https://www.tesco.com/groceries/en-GB/products/305955307,1687617441.486448,"['£2.50', '£1.92/100g']",2.5,£1.92/100g
16319,Ryvita Sesame Crisp Bread 250G,https://www.tesco.com/groceries/en-GB/products/254926420,1687617441.579932,"['£1.60', '£0.64/100g']",1.6,£0.64/100g
16320,Bassetts Liquorice Allsorts 190G,https://www.tesco.com/groceries/en-GB/products/272492835,1687617441.646083,"['£1.50', '£0.79/100g']",1.5,£0.79/100g
16321,Maynards Wine Gums 190G,https://www.tesco.com/groceries/en-GB/products/272493080,1687617441.71332,"['£1.50', '£0.79/100g']",1.5,£0.79/100g
16322,Proper Chips Bbq Lentil Chips 5X14g,https://www.tesco.com/groceries/en-GB/products/310111579,1687617441.780201,"['£1.90', '£2.71/100g']",1.9,£2.71/100g
16323,Nairn's Super Seeded Oatcakes 200G,https://www.tesco.com/groceries/en-GB/products/290089232,1687617441.846957,"['£1.40', '£0.70/100g']",1.4,£0.70/100g
16324,Nestle Kit Kat Chunky Peanut Butter Chocolate Bars Multipack 4 X 34g,https://www.tesco.com/groceries/en-GB/products/310654103,1687617442.02093,"['£1.50', '£1.10/100g']",1.5,£1.10/100g
16325,Nestle Kit Kat Chunky White Chocolate Bars Multipack 4 X 40g,https://www.tesco.com/groceries/en-GB/products/306832307,1687617442.089699,"['£1.50', '£0.94/100g']",1.5,£0.94/100g
16326,Maoam 8 Pack Bloxx Chewy Sweets 176G,https://www.tesco.com/groceries/en-GB/products/303861876,1687617442.158686,"['£1.25', '£0.71/100g']",1.25,£0.71/100g
16327,Smarties Pouch 105G,https://www.tesco.com/groceries/en-GB/products/308833384,1687617442.227351,"['£1.35', '£1.29/100g']",1.35,£1.29/100g
16328,Haribo Fruitilicious Fruit Gums 150G,https://www.tesco.com/groceries/en-GB/products/308491637,1687617442.294282,"['£1.25', '£0.83/100g']",1.25,£0.83/100g
16329,Tesco 10 Reduced Fat Mild Slices 200G,https://www.tesco.com/groceries/en-GB/products/263277540,1687617442.368136,"['£1.30', '£6.50/kg']",1.3,£6.50/kg
16330,Tesco Mini Jelly Beans 85G,https://www.tesco.com/groceries/en-GB/products/255906264,1687617442.4457102,"['£0.70', '£0.82/100g']",0.7,£0.82/100g
16331,Bahlsen Pick Up! Minis Milk Chocolate 10.6Gx10,https://www.tesco.com/groceries/en-GB/products/293226763,1687617442.517985,"['£1.00', '£0.94/100g']",1.0,£0.94/100g
16332,Ferrero Collection 30 Pieces Assorted Chocolates 324G,https://www.tesco.com/groceries/en-GB/products/306808487,1687617452.451755,"['£11.50', '£3.55/100g']",11.5,£3.55/100g
16333,Tesco Walnut Halves 250G,https://www.tesco.com/groceries/en-GB/products/256514378,1687617452.538568,"['£3.60', '£14.40/kg']",3.6,£14.40/kg
16334,Ben & Jerry's Oh My Banoffee Pie Ice Cream 427Ml,https://www.tesco.com/groceries/en-GB/products/310184584,1687617452.6528199,"['£5.40', '£1.26/100ml']",5.4,£1.26/100ml
16335,Tesco Sesame Seeds 300G,https://www.tesco.com/groceries/en-GB/products/260259682,1687617452.72162,"['£2.50', '£8.33/kg']",2.5,£8.33/kg
16336,Tesco Organic Soft Figs 200G,https://www.tesco.com/groceries/en-GB/products/309465748,1687617452.789856,"['£2.80', '£14.00/kg']",2.8,£14.00/kg
16337,Tesco Finest 4 Millionaire Shortbread Slices,https://www.tesco.com/groceries/en-GB/products/305834981,1687617452.860422,"['£2.70', '£2.70/each']",2.7,£2.70/each
16338,Tesco Peanuts And Raisins 300G,https://www.tesco.com/groceries/en-GB/products/276377586,1687617452.926893,"['£2.10', '£7.00/kg']",2.1,£7.00/kg
16339,Taste Inc 100% Chargrilled Chicken Fillets Bbq 175G,https://www.tesco.com/groceries/en-GB/products/302530095,1687617452.9953752,"['£2.75', '£1.57/100g']",2.75,£1.57/100g
16340,Haagen-Dazs Cookies & Cream Ice Cream 460Ml,https://www.tesco.com/groceries/en-GB/products/300111358,1687617453.0677838,"['£5.15', '£1.12/100ml']",5.15,£1.12/100ml
16341,Organix Carrot Stix Multi Pack 4X15g,https://www.tesco.com/groceries/en-GB/products/260827874,1687617453.144964,"['£2.30', '£3.83/100g']",2.3,£3.83/100g
16342,Organix Noughts & Crosses 4X15g,https://www.tesco.com/groceries/en-GB/products/271646161,1687617453.218199,"['£2.30', '£3.83/100g']",2.3,£3.83/100g
16343,Haribo Share The Happy Fizzy & Fruit Gums 352G,https://www.tesco.com/groceries/en-GB/products/308497889,1687617453.2956522,"['£3.00', '£0.85/100g']",3.0,£0.85/100g
16344,Cadbury Caramel Ice Cream 480Ml,https://www.tesco.com/groceries/en-GB/products/305735919,1687617453.3623948,"['£3.50', '£0.73/100ml']",3.5,£0.73/100ml
16345,Kp Salted Peanuts Snack Packs 5 X 30G,https://www.tesco.com/groceries/en-GB/products/310129639,1687617453.455594,"['£3.25', '£2.17/100g']",3.25,£2.17/100g
16346,Itsu Seaweed Sweet Soy Multipack 3X5g,https://www.tesco.com/groceries/en-GB/products/301518792,1687617453.5460842,"['£2.15', '£14.33/100g']",2.15,£14.33/100g
16348,Lindt Excellence Milk Sea Salt Caramel Chocolate 100G,https://www.tesco.com/groceries/en-GB/products/304411947,1687617453.707191,"['£2.45', '£2.45/100g']",2.45,£2.45/100g
16349,Haribo Starmix 400G,https://www.tesco.com/groceries/en-GB/products/296527402,1687617453.794852,"['£2.50', '£0.62/100g']",2.5,£0.62/100g
16350,Walkers Max Strong Hot Sauce Blaze Crisps 6X27g,https://www.tesco.com/groceries/en-GB/products/312083723,1687617453.868577,"['£1.95', '£1.20/100g']",1.95,£1.20/100g
16351,Mcvities Jaffa Cakes Cake Bars 5 Pack,https://www.tesco.com/groceries/en-GB/products/258871840,1687617453.9605,"['£1.90', '£0.38/each']",1.9,£0.38/each
16352,Loacker Napolitaner Wafer 90G,https://www.tesco.com/groceries/en-GB/products/277552596,1687617454.03182,"['£1.10', '£1.22/100g']",1.1,£1.22/100g
16353,Bakery Delights Crisp Bakes 125G,https://www.tesco.com/groceries/en-GB/products/313182299,1687617454.101022,"['£1.10', '£0.88/100g']",1.1,£0.88/100g
16354,Mccoy's Cheddar & Onion Grab Bag Crisps 45G,https://www.tesco.com/groceries/en-GB/products/311258375,1687617454.169769,"['£1.00', '£2.22/100g']",1.0,£2.22/100g
16355,Galaxy Cookie Crumble Chocolate Bar 114G,https://www.tesco.com/groceries/en-GB/products/279934913,1687617454.2836611,"['£1.50', '£1.32/100g']",1.5,£1.32/100g
16356,Cadbury Raspberry Mini Roll 5 Pack,https://www.tesco.com/groceries/en-GB/products/287504132,1687617454.3535411,"['£2.35', '£0.47/each']",2.35,£0.47/each
16357,Bahlsen Leibniz Orange 125G,https://www.tesco.com/groceries/en-GB/products/295065644,1687617454.477301,"['£1.60', '£1.28/100g']",1.6,£1.28/100g
16358,Mcvities Jaffa Cake Bars 10 Pack,https://www.tesco.com/groceries/en-GB/products/284508478,1687617454.5675,"['£2.80', '£0.28/each']",2.8,£0.28/each
16359,Extra White Bubblemint Gum 10 Pieces,https://www.tesco.com/groceries/en-GB/products/277491120,1687617454.639533,"['£0.70', '£5.00/100g']",0.7,£5.00/100g
16360,Wicked Kitchen Salt & Vinegar Squares 85G,https://www.tesco.com/groceries/en-GB/products/309173327,1687617454.710093,"['£1.10', '£1.29/100g']",1.1,£1.29/100g
16361,Cadbury Caramilk Chocolate Bar 90G,https://www.tesco.com/groceries/en-GB/products/309765480,1687617454.777962,"['£1.35', '£1.50/100g']",1.35,£1.50/100g
16362,Cadbury Dairy Milk Marvellous Creations Jelly Candy Bar 47G,https://www.tesco.com/groceries/en-GB/products/277746822,1687617454.8462038,"['£0.75', '£1.60/100g']",0.75,£1.60/100g
16363,Snickers Creamy Peanut Butter Chocolate Trio Bar 3 X 18.25G,https://www.tesco.com/groceries/en-GB/products/306651256,1687617454.962305,"['£0.95', '£1.74/100g']",0.95,£1.74/100g
16364,Skittles Fruit Bag 45G,https://www.tesco.com/groceries/en-GB/products/303836629,1687617455.08358,"['£0.65', '£1.44/100g']",0.65,£1.44/100g
16365,Cadbury Wispa Chocolate Duo Bar 47.4G,https://www.tesco.com/groceries/en-GB/products/309452032,1687617455.205033,"['£0.90', '£1.90/100g']",0.9,£1.90/100g
16366,M&M's Crispy Chocolate More To Share Pouch 213G,https://www.tesco.com/groceries/en-GB/products/311686259,1687617455.410034,"['£2.49', '£1.17/100g']",2.49,£1.17/100g
16367,Tesco Mixed Berries 25G,https://www.tesco.com/groceries/en-GB/products/299497719,1687617455.4921799,"['£0.50', '£20.00/kg']",0.5,£20.00/kg
16368,Guylian Seashells 500G Box,https://www.tesco.com/groceries/en-GB/products/258195592,1687617455.587851,"['£10.00', '£2.00/100g']",10.0,£2.00/100g
16369,Ben & Jerry's Caramel Brownie Party Ice Cream 465Ml,https://www.tesco.com/groceries/en-GB/products/310144275,1687617455.661757,"['£5.00', '£1.08/100ml']",5.0,£1.08/100ml
16370,Tesco Finest Cornish Sea Salted Caramel Ice Cream 480Ml,https://www.tesco.com/groceries/en-GB/products/303007691,1687617455.757838,"['£3.00', '£0.62/100ml']",3.0,£0.62/100ml
16371,Tesco Organic Fair Trade Cashew Nuts 150G,https://www.tesco.com/groceries/en-GB/products/260942646,1687617455.843167,"['£3.20', '£21.33/kg']",3.2,£21.33/kg
16372,Thorntons Pearls Salted Caramel Chocolate 167G,https://www.tesco.com/groceries/en-GB/products/309183252,1687617455.9197922,"['£4.50', '£2.70/100g']",4.5,£2.70/100g
16373,Tesco 16 Chocolate Chip Madeleines 400G,https://www.tesco.com/groceries/en-GB/products/282979202,1687617455.992289,"['£2.85', '£0.71/100g']",2.85,£0.71/100g
16374,Wrigley's Extra Ice Peppermint 6X10 Pieces 84G,https://www.tesco.com/groceries/en-GB/products/302312912,1687617456.063227,"['£2.75', '£3.27/100g']",2.75,£3.27/100g
16375,Urban Fruit Dried Mango Slices 100G,https://www.tesco.com/groceries/en-GB/products/262929382,1687617456.136961,"['£2.60', '£26.00/kg']",2.6,£26.00/kg
16376,Nakd Cocoa Delight Bars 4 Pack 140G,https://www.tesco.com/groceries/en-GB/products/278339174,1687617456.245674,"['£3.00', '£2.14/100g']",3.0,£2.14/100g
16377,Lindt Excellence Caramelised Hazelnut Dark Chocolate 100G,https://www.tesco.com/groceries/en-GB/products/310683615,1687617456.3539982,"['£2.45', '£2.45/100g']",2.45,£2.45/100g
16378,Tesco Strawberry & Banana Bars 5X30g,https://www.tesco.com/groceries/en-GB/products/301576635,1687617456.527242,"['£2.00', '£1.33/100g']",2.0,£1.33/100g
16379,Tesco Poppy Seeds 100G,https://www.tesco.com/groceries/en-GB/products/271090212,1687617456.6244612,"['£1.15', '£11.50/kg']",1.15,£11.50/kg
16380,Thorntons Chocolate & Hazelnut Brookie Bars 4 Pack,https://www.tesco.com/groceries/en-GB/products/312720581,1687617461.307074,"['£2.25', '£0.56/each']",2.25,£0.56/each
16381,Urban Fruit Wellness Strength 85G,https://www.tesco.com/groceries/en-GB/products/309455674,1687617461.392798,"['£3.00', '£35.29/kg']",3.0,£35.29/kg
16382,Urban Fruit Wellness Immune 85G,https://www.tesco.com/groceries/en-GB/products/309467654,1687617461.6747131,"['£3.00', '£35.29/kg']",3.0,£35.29/kg
16383,Urban Fruit Wellness Glow 85G,https://www.tesco.com/groceries/en-GB/products/309496589,1687617461.772775,"['£3.00', '£35.29/kg']",3.0,£35.29/kg
16384,Tesco Nutty Bites Mocha Flavour 45G,https://www.tesco.com/groceries/en-GB/products/311685214,1687617461.8715992,"['£1.00', '£22.22/kg']",1.0,£22.22/kg
16385,Ben & Jerry's Lighten Up Chocolate Cookie Dough 465Ml,https://www.tesco.com/groceries/en-GB/products/313613127,1687617461.947795,"['£5.00', '£1.08/100ml']",5.0,£1.08/100ml
16386,Bolands Lemon Puff 200G,https://www.tesco.com/groceries/en-GB/products/272323138,1687617462.025758,"['£1.50', '£0.75/100g']",1.5,£0.75/100g
16387,Tesco Poppy & Sesame Thins 150G,https://www.tesco.com/groceries/en-GB/products/254925346,1687617462.095781,"['£1.10', '£0.73/100g']",1.1,£0.73/100g
16390,Maryland Chocolate Orange Mini Cookies 6Pack 118.8G,https://www.tesco.com/groceries/en-GB/products/309169673,1687617462.3051012,"['£1.25', '£1.05/100g']",1.25,£1.05/100g
16391,Maryland Caramel Crisp Mini Cookies 6 Pack 118.8G,https://www.tesco.com/groceries/en-GB/products/311669050,1687617462.3983629,"['£1.25', '£1.05/100g']",1.25,£1.05/100g
16392,Tesco Cheese Thins 150G,https://www.tesco.com/groceries/en-GB/products/265201247,1687617462.488037,"['£1.10', '£0.73/100g']",1.1,£0.73/100g
16393,Tesco Fire Pit 10 Peri Peri Flavoured Cheesy Slices 200G,https://www.tesco.com/groceries/en-GB/products/311421026,1687617462.557011,"['£1.30', '£6.50/kg']",1.3,£6.50/kg
16394,Tesco Triple Chocolate Cook 200G,https://www.tesco.com/groceries/en-GB/products/301052380,1687617462.627933,"['£1.20', '£0.60/100g']",1.2,£0.60/100g
16395,Tesco Dark Chocolate Digestives 300G,https://www.tesco.com/groceries/en-GB/products/273420511,1687617462.709279,"['£0.85', '£0.28/100g']",0.85,£0.28/100g
16396,The Skinny Cookie Sugar Free Chocolate Chip Cookies 200G,https://www.tesco.com/groceries/en-GB/products/311952250,1687617462.779148,"['£0.90', '£0.45/100g']",0.9,£0.45/100g
16397,Capsicana Full-On Feisty Salsa 285G,https://www.tesco.com/groceries/en-GB/products/313182869,1687617462.848576,"['£2.85', '£1.00/100g']",2.85,£1.00/100g
16398,Lazyday 4 Vegan & Free From Belgian Chocolate Cake Bars 120G,https://www.tesco.com/groceries/en-GB/products/311421942,1687617462.923609,"['£2.45', '£2.04/100g']",2.45,£2.04/100g
16399,Tesco Finest Salted Caramel Truffles 140G,https://www.tesco.com/groceries/en-GB/products/278557727,1687617462.996609,"['£6.75', '£4.82/100g']",6.75,£4.82/100g
16400,Tesco Finest Marc De Champagne Boxed Truffles 140G,https://www.tesco.com/groceries/en-GB/products/278558029,1687617463.088992,"['£6.75', '£4.82/100g']",6.75,£4.82/100g
16401,Lazyday Salted Caramel Crispies 5 Slices 150G,https://www.tesco.com/groceries/en-GB/products/312716137,1687617463.1855202,"['£2.45', '£1.63/100g']",2.45,£1.63/100g
16402,Jacobs Butter Puffs 200G,https://www.tesco.com/groceries/en-GB/products/254925219,1687617463.260448,"['£2.00', '£1.00/100g']",2.0,£1.00/100g
16403,Jacobs High Fibre Cream Crackers 200G,https://www.tesco.com/groceries/en-GB/products/259031923,1687617463.333948,"['£1.70', '£0.85/100g']",1.7,£0.85/100g
16404,Cadbury Dairy Milk Fruitier & Nuttier Orange Trail Mix 100G,https://www.tesco.com/groceries/en-GB/products/313950773,1687617463.402911,"['£2.50', '£2.50/100g']",2.5,£2.50/100g
16405,Cadbury Dairy Milk Fruitier & Nuttier Trail Mix 100G,https://www.tesco.com/groceries/en-GB/products/314108416,1687617463.472768,"['£2.50', '£2.50/100g']",2.5,£2.50/100g
16406,Kit Kat 4 Finger Vegan Chocolate Bar 41.5G,https://www.tesco.com/groceries/en-GB/products/312984193,1687617463.5418482,"['£1.00', '£2.41/100g']",1.0,£2.41/100g
16407,Mcvities Digestives Original Twin Pack 2 X 360G,https://www.tesco.com/groceries/en-GB/products/313848238,1687617463.660969,"['£2.30', '£3.19/kg']",2.3,£3.19/kg
16408,Jacobs Cream Crackers 2X300g,https://www.tesco.com/groceries/en-GB/products/307743519,1687617463.733567,"['£2.70', '£0.45/100g']",2.7,£0.45/100g
16409,Doritos Flamegrilled Whopper Tortilla Chips 180G,https://www.tesco.com/groceries/en-GB/products/313861348,1687617463.802222,"['£2.10', '£1.17/100g']",2.1,£1.17/100g
16410,Tesco Finest Dark Chocolate Ginger Cookies 200G,https://www.tesco.com/groceries/en-GB/products/270916621,1687617463.895373,"['£2.00', '£1.00/100g']",2.0,£1.00/100g
16411,Mcvitie's Digestive Original 360G,https://www.tesco.com/groceries/en-GB/products/313832055,1687617463.967167,"['£1.60', '£4.44/kg']",1.6,£4.44/kg
16412,Mr Kipling Gooey Brownie Bites Salted Caramel 10 Pack,https://www.tesco.com/groceries/en-GB/products/312983712,1687617464.0365162,"['£2.25', '£0.22/each']",2.25,£0.22/each
16413,Go Ahead Yogurt Breaks Strawberry 4Pack 142G,https://www.tesco.com/groceries/en-GB/products/313382051,1687617464.207042,"['£1.75', '£12.32/kg']",1.75,£12.32/kg
16414,Go Ahead Yogurt Break Forest Fruit 4 Pack 142G,https://www.tesco.com/groceries/en-GB/products/313842423,1687617464.3268108,"['£1.75', '£12.32/kg']",1.75,£12.32/kg
16415,Popworks Sweet Bbq Popped Crisps 85G,https://www.tesco.com/groceries/en-GB/products/312097471,1687617464.4192572,"['£2.25', '£2.65/100g']",2.25,£2.65/100g
16416,Maltesers Orange Cake Bars 5 Pack,https://www.tesco.com/groceries/en-GB/products/313510131,1687617464.509665,"['£2.00', '£0.40/each']",2.0,£0.40/each
16417,Mcvitie's Digestive The Light One 250G,https://www.tesco.com/groceries/en-GB/products/313750952,1687617464.582773,"['£1.50', '£6.00/kg']",1.5,£6.00/kg
16418,Cadbury Twirl Xtra Chocolate Duo Bars 54G,https://www.tesco.com/groceries/en-GB/products/313507268,1687617464.6716852,"['£0.90', '£1.67/100g']",0.9,£1.67/100g
16419,Cadbury Dairy Milk Brwnie Bites X14,https://www.tesco.com/groceries/en-GB/products/313513738,1687617464.784082,"['£2.30', '£0.16/each']",2.3,£0.16/each
16420,Kit Kat Chunky Lotus Biscoff White Chocolate 42G,https://www.tesco.com/groceries/en-GB/products/313733339,1687617464.8650298,"['£0.70', '£1.67/100g']",0.7,£1.67/100g
16421,Kit Kat 4 Finger Caramel Milk Chocolate Bar 41.5G,https://www.tesco.com/groceries/en-GB/products/313744332,1687617464.981318,"['£0.70', '£1.69/100g']",0.7,£1.69/100g
16422,Capsicana Mexican Guacamole Mix 25G,https://www.tesco.com/groceries/en-GB/products/313172651,1687617465.102556,"['£0.75', '£3.00/100g']",0.75,£3.00/100g
16423,Cadbury Dairy Milk Cornflake Cluster Bites X14,https://www.tesco.com/groceries/en-GB/products/313735844,1687617465.170753,"['£2.30', '£0.16/each']",2.3,£0.16/each
16424,Cadbury Milk Tray Boxed Chocolates 360G,https://www.tesco.com/groceries/en-GB/products/290504888,1687617465.243784,"['£4.00', '£1.11/100g']",4.0,£1.11/100g
16425,Tesco Cream Crackers 300G,https://www.tesco.com/groceries/en-GB/products/300112569,1687617465.322013,"['£0.52', '£0.17/100g']",0.52,£0.17/100g
16426,Ben & Jerrys Cookies & Brownies Ice Cream 4X100ml,https://www.tesco.com/groceries/en-GB/products/313516793,1687617465.391572,"['£5.35', '£1.34/100ml']",5.35,£1.34/100ml
16427,Ben & Jerry's Cookie Dulce Dough Ice Cream 4 X 100Ml,https://www.tesco.com/groceries/en-GB/products/313623147,1687617465.458741,"['£5.35', '£1.34/100ml']",5.35,£1.34/100ml
16428,Surya Crushed Ginger 400g,https://www.tesco.com/groceries/en-GB/products/314698816,1687617470.98871,"['£1.00', '£2.50/kg']",1.0,£2.50/kg
16429,Sweet Zone Halal Mighty Mallows 140G,https://www.tesco.com/groceries/en-GB/products/282264630,1687617471.061383,"['£1.10', '£0.79/100g']",1.1,£0.79/100g
16430,Surya Crushed Garlic & Ginger 400g,https://www.tesco.com/groceries/en-GB/products/314695860,1687617471.134987,"['£1.00', '£2.50/kg']",1.0,£2.50/kg
16431,Heinz Baked Beans In Tomato Sauce 150G,https://www.tesco.com/groceries/en-GB/products/254876294,1687617471.2114692,"['£0.65', '£4.33/kg']",0.65,£4.33/kg
16432,Tesco Mandarin Segments In Juice 298G,https://www.tesco.com/groceries/en-GB/products/254901000,1687617471.2904289,"['£0.90', '£5.14/kg DR.WT']",0.9,£5.14/kg DR.WT
16433,Tesco Linguine Pasta 500G,https://www.tesco.com/groceries/en-GB/products/257798842,1687617471.361547,"['£0.80', '£1.60/kg']",0.8,£1.60/kg
16434,Tesco Bolognese Pasta Sauce Smooth 500G,https://www.tesco.com/groceries/en-GB/products/282594567,1687617471.428371,"['£0.95', '£0.19/100g']",0.95,£0.19/100g
16435,Tesco Cream Of Mushroom Soup 400G,https://www.tesco.com/groceries/en-GB/products/250412579,1687617471.496047,"['£0.75', '£0.19/100g']",0.75,£0.19/100g
16436,Tesco Minestrone Soup 400G,https://www.tesco.com/groceries/en-GB/products/250412470,1687617471.563339,"['£0.75', '£0.19/100g']",0.75,£0.19/100g
16437,Tesco Milk Chocolate Chips 100G,https://www.tesco.com/groceries/en-GB/products/278244694,1687617471.630118,"['£0.69', '£0.69/100g']",0.69,£0.69/100g
16438,Heinz Spaghetti Hoops In Tomato Sauce 205G,https://www.tesco.com/groceries/en-GB/products/252750146,1687617471.702282,"['£0.75', '£3.66/kg']",0.75,£3.66/kg
16439,Tesco Spirali Pasta 500G,https://www.tesco.com/groceries/en-GB/products/277016742,1687617471.778193,"['£0.80', '£1.60/kg']",0.8,£1.60/kg
16440,Tesco All Butter Shortbread Fingers 210G,https://www.tesco.com/groceries/en-GB/products/313731687,1687617471.848636,"['£1.00', '£0.48/100g']",1.0,£0.48/100g
16441,Ms Molly's Digestive 400G,https://www.tesco.com/groceries/en-GB/products/300410563,1687617471.9172401,"['£0.55', '£0.14/100g']",0.55,£0.14/100g
16442,Tesco Lasagne Pasta 500G,https://www.tesco.com/groceries/en-GB/products/250211327,1687617471.989432,"['£0.80', '£1.60/kg']",0.8,£1.60/kg
16443,Growers Harvest British Mushy Peas 300G,https://www.tesco.com/groceries/en-GB/products/300594632,1687617472.066764,"['£0.32', '£1.07/kg']",0.32,£1.07/kg
16444,Tesco Pillows With Milk Chocolate Filling 375G,https://www.tesco.com/groceries/en-GB/products/292975954,1687617472.1348429,"['£1.00', '£0.27/100g']",1.0,£0.27/100g
16445,Quality Street Matchmakers Zingy Orange Chocolate Box 120G,https://www.tesco.com/groceries/en-GB/products/301736850,1687617472.2071848,"['£1.25', '£1.04/100g']",1.25,£1.04/100g
16446,Hearty Food Co. Tomato & Herb Pasta Sauce 440G,https://www.tesco.com/groceries/en-GB/products/297844094,1687617472.277358,"['£0.47', '£0.11/100g']",0.47,£0.11/100g
16447,Tesco Distilled Vinegar 568Ml,https://www.tesco.com/groceries/en-GB/products/261781314,1687617472.3458428,"['£0.29', '£0.05/100ml']",0.29,£0.05/100ml
16448,Alpro Oat No Sugars Long Life Drink 1L,https://www.tesco.com/groceries/en-GB/products/304792587,1687617472.416084,"['£2.10', '£2.10/litre']",2.1,£2.10/litre
16449,Bisto Best Beef Gravy 230G,https://www.tesco.com/groceries/en-GB/products/311795683,1687617472.488551,"['£4.00', '£1.74/100g']",4.0,£1.74/100g
16450,Princes Tuna Chunks In Spring Water 4X145g,https://www.tesco.com/groceries/en-GB/products/302197264,1687617472.5579672,"['£3.99', '£0.98/100g DR.WT']",3.99,£0.98/100g DR.WT
16451,Heinz Top Down Squeezy Tomato Ketchup Sauce 700G,https://www.tesco.com/groceries/en-GB/products/250181618,1687617472.629915,"['£3.90', '£0.56/100g']",3.9,£0.56/100g
16452,Kp Original Salted Peanuts 250G,https://www.tesco.com/groceries/en-GB/products/299577245,1687617472.7208629,"['£3.00', '£12.00/kg']",3.0,£12.00/kg
16453,Hula Hoops Variety Pack 12X24g,https://www.tesco.com/groceries/en-GB/products/302036830,1687617472.8202748,"['£3.50', '£1.22/100g']",3.5,£1.22/100g
16454,Alpro Almond No Sugars Long Life Drink 1 Litre,https://www.tesco.com/groceries/en-GB/products/276761995,1687617472.889814,"['£2.10', '£2.10/litre']",2.1,£2.10/litre
16455,Sensations Lime & Coriander Chutney Poppadoms 82.5G,https://www.tesco.com/groceries/en-GB/products/264339339,1687617472.9634938,"['£2.50', '£3.03/100g']",2.5,£3.03/100g
16456,Tesco Cooking Salt 1.5Kg,https://www.tesco.com/groceries/en-GB/products/258030678,1687617473.0297441,"['£1.75', '£1.17/kg']",1.75,£1.17/kg
16457,Ferrero Rocher 16 Pieces Boxed Chocolates 200G,https://www.tesco.com/groceries/en-GB/products/254896546,1687617473.10463,"['£5.75', '£2.88/100g']",5.75,£2.88/100g
16458,Lindt Excellence Dark 70% Cocoa Chocolate Bar 100G,https://www.tesco.com/groceries/en-GB/products/259301725,1687617473.171805,"['£2.45', '£2.45/100g']",2.45,£2.45/100g
16459,Mcvitie's Milk Chocolate Digestive Biscuit 2 X 266G,https://www.tesco.com/groceries/en-GB/products/313008974,1687617473.2595341,"['£2.65', '£0.50/100g']",2.65,£0.50/100g
16460,Tesco Biscuits For Cheese 500G,https://www.tesco.com/groceries/en-GB/products/254926040,1687617473.3277051,"['£3.65', '£0.73/100g']",3.65,£0.73/100g
16461,East End Coriander Whole 100G,https://www.tesco.com/groceries/en-GB/products/260739402,1687617473.4675221,"['£1.20', '£0.12/10g']",1.2,£0.12/10g
16462,East End Mustard Seeds Black 100G,https://www.tesco.com/groceries/en-GB/products/260752604,1687617473.536821,"['£1.20', '£0.12/10g']",1.2,£0.12/10g
16463,Knorr Rich Beef Stock Pot 4 X 28G,https://www.tesco.com/groceries/en-GB/products/273952198,1687617473.604351,"['£1.90', '£1.70/100g']",1.9,£1.70/100g
16464,Haribo Halal Tropifrutti 100G,https://www.tesco.com/groceries/en-GB/products/308471729,1687617473.6801221,"['£1.25', '£1.25/100g']",1.25,£1.25/100g
16465,Haribo Halal Happy Peaches 100G,https://www.tesco.com/groceries/en-GB/products/308462989,1687617473.747662,"['£1.25', '£1.25/100g']",1.25,£1.25/100g
16466,Branston Small Chunk Pickle 360G,https://www.tesco.com/groceries/en-GB/products/256633210,1687617473.852114,"['£1.75', '£0.49/100g']",1.75,£0.49/100g
16467,East End Ginger Powder 100G,https://www.tesco.com/groceries/en-GB/products/260739362,1687617473.9206688,"['£1.20', '£0.12/10g']",1.2,£0.12/10g
16468,Tesco Strawberry Seedless Jam 454G,https://www.tesco.com/groceries/en-GB/products/301323296,1687617473.993239,"['£1.15', '£0.25/100g']",1.15,£0.25/100g
16469,Tesco Instant Oats Porridge Pot Apple & Blueberry 55G,https://www.tesco.com/groceries/en-GB/products/292991312,1687617474.061675,"['£0.45', '£0.82/100g']",0.45,£0.82/100g
16470,Tesco Light Coconut Milk 400Ml,https://www.tesco.com/groceries/en-GB/products/289660616,1687617474.133112,"['£0.85', '£2.12/litre']",0.85,£2.12/litre
16471,Laila Mini Poppadoms Mango Chutney 75g,https://www.tesco.com/groceries/en-GB/products/313732006,1687617474.216467,"['£0.80', '£1.07/100g']",0.8,£1.07/100g
16472,"Laila Mini Poppadoms, Yoghurt, Mint & Coriander 75g",https://www.tesco.com/groceries/en-GB/products/313848941,1687617474.286199,"['£0.80', '£1.07/100g']",0.8,£1.07/100g
16473,Laila Plain Mini Poppadoms 75g,https://www.tesco.com/groceries/en-GB/products/313860073,1687617474.355856,"['£0.80', '£1.07/100g']",0.8,£1.07/100g
16474,Tesco Cheese Savouries Snacks 250G,https://www.tesco.com/groceries/en-GB/products/250089080,1687617474.429013,"['£1.00', '£0.40/100g']",1.0,£0.40/100g
16475,Cadbury Animals With Freddo 7 Pack 139.3G,https://www.tesco.com/groceries/en-GB/products/304783949,1687617474.496609,"['£0.95', '£0.68/100g']",0.95,£0.68/100g
16476,Tesco Drained Tuna Steak In Brine 110G,https://www.tesco.com/groceries/en-GB/products/300991951,1687617482.124301,"['£1.20', '£0.01/kg']",1.2,£0.01/kg
16477,Cadbury Brunch Bar Raisin 5X32g,https://www.tesco.com/groceries/en-GB/products/309464219,1687617482.218843,"['£1.15', '£0.72/100g']",1.15,£0.72/100g
16478,Oreo Vanilla 154G,https://www.tesco.com/groceries/en-GB/products/264375347,1687617482.2920032,"['£1.10', '£0.71/100g']",1.1,£0.71/100g
16479,Wagon Wheels Jammie 6 Pack,https://www.tesco.com/groceries/en-GB/products/257595546,1687617482.388463,"['£1.15', '£0.50/100g']",1.15,£0.50/100g
16480,Kinder Chocolate Bars Multipack 8 X 12.5g,https://www.tesco.com/groceries/en-GB/products/254891246,1687617482.482743,"['£1.30', '£1.30/100g']",1.3,£1.30/100g
16481,Tesco Chocolate Chip Cookies 250G,https://www.tesco.com/groceries/en-GB/products/258025719,1687617482.550889,"['£0.85', '£0.34/100g']",0.85,£0.34/100g
16482,Cadbury Chocolate Eclairs 166G,https://www.tesco.com/groceries/en-GB/products/289149439,1687617482.6185632,"['£1.00', '£0.60/100g']",1.0,£0.60/100g
16484,Tesco Mixed Baked Beans 415G,https://www.tesco.com/groceries/en-GB/products/276975828,1687617482.759238,"['£0.75', '£1.81/kg']",0.75,£1.81/kg
16485,Tesco White Chocolate Chips 100G,https://www.tesco.com/groceries/en-GB/products/278235814,1687617482.827378,"['£0.69', '£0.69/100g']",0.69,£0.69/100g
16486,Tesco Spaghetti Rings & Sausages 410G,https://www.tesco.com/groceries/en-GB/products/289055642,1687617482.901194,"['£0.95', '£2.32/kg']",0.95,£2.32/kg
16487,Kingsfood 8 Hot Dog Sausages,https://www.tesco.com/groceries/en-GB/products/257350462,1687617482.9720268,"['£0.70', '£0.38/100g DR.WT']",0.7,£0.38/100g DR.WT
16488,Stockwell & Co Salmon Paste 75G,https://www.tesco.com/groceries/en-GB/products/300535156,1687617483.054877,"['£0.49', '£0.65/100g']",0.49,£0.65/100g
16489,Tesco Broccoli And Stilton Soup 400G,https://www.tesco.com/groceries/en-GB/products/251108973,1687617483.124884,"['£0.75', '£0.19/100g']",0.75,£0.19/100g
16490,Tesco Pasta Bake Creamy Tomato & Herb 500G,https://www.tesco.com/groceries/en-GB/products/264691387,1687617483.191734,"['£0.95', '£0.19/100g']",0.95,£0.19/100g
16491,Tesco Sour Cream & Chive Combo Mix 150G,https://www.tesco.com/groceries/en-GB/products/297348923,1687617483.263676,"['£1.20', '£0.80/100g']",1.2,£0.80/100g
16492,Tesco Cranberries 200G,https://www.tesco.com/groceries/en-GB/products/271074203,1687617483.33297,"['£2.60', '£13.00/kg']",2.6,£13.00/kg
16493,Tiptree Caramelised Red Onion Chutney 220G,https://www.tesco.com/groceries/en-GB/products/287873903,1687617483.4025862,"['£2.65', '£1.20/100g']",2.65,£1.20/100g
16494,Dolmio Creamy White Lasagne Sauce 470G,https://www.tesco.com/groceries/en-GB/products/250410132,1687617483.4690151,"['£2.50', '£0.53/100g']",2.5,£0.53/100g
16495,Graze Salt & Vinegar Crunch 100G,https://www.tesco.com/groceries/en-GB/products/312842160,1687617483.543125,"['£2.50', '£25.00/kg']",2.5,£25.00/kg
16496,Graze Sweet Chilli Crunch 100G,https://www.tesco.com/groceries/en-GB/products/313373148,1687617483.612385,"['£2.50', '£25.00/kg']",2.5,£25.00/kg
16497,Graze Smoky Barbecue Crunch 100G,https://www.tesco.com/groceries/en-GB/products/313370900,1687617483.707284,"['£2.50', '£25.00/kg']",2.5,£25.00/kg
16498,Graze Peri Peri Crunch 100G,https://www.tesco.com/groceries/en-GB/products/313369897,1687617483.773941,"['£2.50', '£25.00/kg']",2.5,£25.00/kg
16499,Tesco Dark Soft Brown Sugar 500G,https://www.tesco.com/groceries/en-GB/products/254917477,1687617483.841579,"['£1.55', '£3.10/kg']",1.55,£3.10/kg
16501,Tesco Unsalted Mixed Nuts 200G,https://www.tesco.com/groceries/en-GB/products/268419141,1687617483.996377,"['£2.20', '£11.00/kg']",2.2,£11.00/kg
16502,Knorr Vegetable Stock Pot 8'S 224G,https://www.tesco.com/groceries/en-GB/products/273967169,1687617484.063848,"['£2.80', '£1.25/100g']",2.8,£1.25/100g
16503,Graze Sea Salt & Pepper Veggie Protein Nuts 100G,https://www.tesco.com/groceries/en-GB/products/313361456,1687617484.1345348,"['£2.50', '£25.00/kg']",2.5,£25.00/kg
16504,Graze Honey Roast Crunch 100G,https://www.tesco.com/groceries/en-GB/products/313942754,1687617484.204055,"['£2.50', '£25.00/kg']",2.5,£25.00/kg
16505,Tesco Chocolate Spread 400G,https://www.tesco.com/groceries/en-GB/products/251170920,1687617484.273681,"['£1.70', '£0.42/100g']",1.7,£0.42/100g
16506,Frylight Olive Oil Spray 190Ml,https://www.tesco.com/groceries/en-GB/products/274089279,1687617484.342525,"['£2.75', '£1.45/100ml']",2.75,£1.45/100ml
16507,Tesco Finest Beef Gravy 350Ml,https://www.tesco.com/groceries/en-GB/products/280517456,1687617484.415432,"['£2.00', '£0.57/100ml']",2.0,£0.57/100ml
16508,Graze Chilli & Lime Protein Crunchy Nuts 100G,https://www.tesco.com/groceries/en-GB/products/313730481,1687617484.482501,"['£2.50', '£25.00/kg']",2.5,£25.00/kg
16509,Walkers Sunbites Sour Cream & Black Pepper 6X25g,https://www.tesco.com/groceries/en-GB/products/264127141,1687617484.623426,"['£1.95', '£1.30/100g']",1.95,£1.30/100g
16510,Nutella B-Ready 6 X 22G,https://www.tesco.com/groceries/en-GB/products/297543012,1687617484.728499,"['£2.25', '£1.70/100g']",2.25,£1.70/100g
16511,Heinz Big Soup Steak & Potato 400G,https://www.tesco.com/groceries/en-GB/products/307337414,1687617484.7966988,"['£2.00', '£0.50/100g']",2.0,£0.50/100g
16512,Mackays Scottish Strawberry Preserve 340G,https://www.tesco.com/groceries/en-GB/products/261843674,1687617484.8853178,"['£1.50', '£0.44/100g']",1.5,£0.44/100g
16513,Tesco Fruit & Nut Granola 1Kg,https://www.tesco.com/groceries/en-GB/products/262580101,1687617484.958118,"['£2.25', '£0.22/100g']",2.25,£0.22/100g
16514,Love Corn Salt & Vinegar 115G,https://www.tesco.com/groceries/en-GB/products/314102843,1687617485.024944,"['£2.20', '£1.91/100g']",2.2,£1.91/100g
16515,Tesco White Mini Marshmallows 100G,https://www.tesco.com/groceries/en-GB/products/304381175,1687617485.092171,"['£1.00', '£1.00/100g']",1.0,£1.00/100g
16516,Batchelors Cup A Soup Chicken 81G,https://www.tesco.com/groceries/en-GB/products/270974142,1687617485.1595619,"['£1.50', '£1.85/100g']",1.5,£1.85/100g
16517,Lea & Perrins Worcestershire Sauce 150Ml,https://www.tesco.com/groceries/en-GB/products/250179532,1687617485.22656,"['£1.70', '£1.13/100ml']",1.7,£1.13/100ml
16518,Tesco Ground Cumin 43G,https://www.tesco.com/groceries/en-GB/products/256150470,1687617485.307094,"['£0.90', '£0.21/10g']",0.9,£0.21/10g
16519,Cadbury Dairy Milk Fruit & Nut Chocolate 180G,https://www.tesco.com/groceries/en-GB/products/311433867,1687617485.377748,"['£2.00', '£1.11/100g']",2.0,£1.11/100g
16520,Ambrosia Devon Custard 500G,https://www.tesco.com/groceries/en-GB/products/309468935,1687617485.447872,"['£1.60', '£0.32/100g']",1.6,£0.32/100g
16521,Aleyna Sliced Green Jalapeno Peppers 480G,https://www.tesco.com/groceries/en-GB/products/278831443,1687617485.517531,"['£1.15', '£0.48/100g DR.WT']",1.15,£0.48/100g DR.WT
16522,Jacobs Baked Cheddar Biscuits Cheese 150G,https://www.tesco.com/groceries/en-GB/products/254925467,1687617485.596428,"['£1.20', '£0.80/100g']",1.2,£0.80/100g
16523,Tesco Finest All Butter Cheese Straws 100G,https://www.tesco.com/groceries/en-GB/products/312207953,1687617485.671314,"['£1.85', '£1.85/100g']",1.85,£1.85/100g
16524,Tesco Reduced Fat Rich Tea Biscuits 300G,https://www.tesco.com/groceries/en-GB/products/254766453,1687617491.8409338,"['£0.70', '£0.23/100g']",0.7,£0.23/100g
16525,Alpen Strawberry & Yogurt Cereal Bars 5X29g,https://www.tesco.com/groceries/en-GB/products/264351180,1687617491.913595,"['£1.00', '£0.69/100g']",1.0,£0.69/100g
16526,Angel Delight Chocolate 59G,https://www.tesco.com/groceries/en-GB/products/271247155,1687617491.987703,"['£0.90', '£1.52/100g']",0.9,£1.52/100g
16527,Giant New Refresher Chew Bar (C),https://www.tesco.com/groceries/en-GB/products/256407784,1687617492.06063,"['£0.10', '£0.56/100g']",0.1,£0.56/100g
16528,Galaxy Minstrels Chocolate Pouch 125G,https://www.tesco.com/groceries/en-GB/products/305730775,1687617492.1387641,"['£1.50', '£1.20/100g']",1.5,£1.20/100g
16529,Thorntons Continental Collection Boxed Chocolate 264G,https://www.tesco.com/groceries/en-GB/products/309162346,1687617492.2198248,"['£10.00', '£3.79/100g']",10.0,£3.79/100g
16530,Bisto Gravy Granules 350G,https://www.tesco.com/groceries/en-GB/products/296383605,1687617492.28969,"['£3.50', '£1.00/100g']",3.5,£1.00/100g
16531,Tesco Olive Oil 500Ml,https://www.tesco.com/groceries/en-GB/products/254918418,1687617492.388404,"['£4.15', '£0.83/100ml']",4.15,£0.83/100ml
16532,Spam Chopped Pork & Ham 340G,https://www.tesco.com/groceries/en-GB/products/255206418,1687617492.455711,"['£3.40', '£1.00/100g']",3.4,£1.00/100g
16533,Wrigleys Extra Peppermint Gum Bottle 60 Pieces,https://www.tesco.com/groceries/en-GB/products/279782677,1687617492.525474,"['£2.75', '£3.27/100g']",2.75,£3.27/100g
16534,Tesco Organic Porridge Oats 750G,https://www.tesco.com/groceries/en-GB/products/256039303,1687617492.596149,"['£2.15', '£0.29/100g']",2.15,£0.29/100g
16535,Wholefood Dried Mango 100G,https://www.tesco.com/groceries/en-GB/products/260733201,1687617492.672108,"['£2.00', '£20.00/kg']",2.0,£20.00/kg
16536,Tidmans Natural Rock Salt 500G,https://www.tesco.com/groceries/en-GB/products/253729822,1687617492.7413719,"['£1.70', '£3.40/kg']",1.7,£3.40/kg
16537,Hartleys Multi No Added Sugar Strawberry Jelly 6 X 115G,https://www.tesco.com/groceries/en-GB/products/293031935,1687617492.810495,"['£2.25', '£0.33/100g']",2.25,£0.33/100g
16538,Loyd Grossman Smoky Bacon Pasta Sauce 350G,https://www.tesco.com/groceries/en-GB/products/250567240,1687617492.877985,"['£3.00', '£0.86/100g']",3.0,£0.86/100g
16539,Knorr Vegetable Stock Pot 4 X 28G,https://www.tesco.com/groceries/en-GB/products/259339243,1687617492.96751,"['£1.90', '£1.70/100g']",1.9,£1.70/100g
16540,Tesco Finest Cantabrian Anchovy Fillets 50G,https://www.tesco.com/groceries/en-GB/products/306930957,1687617493.0407948,"['£1.65', '£5.50/100g DR.WT']",1.65,£5.50/100g DR.WT
16541,Snack A Jacks Jumbo Chocolate Chip 180G,https://www.tesco.com/groceries/en-GB/products/264786293,1687617493.119561,"['£2.25', '£1.25/100g']",2.25,£1.25/100g
16542,Trebor Extra Strong P/Mints 7 Rolls 289.1G,https://www.tesco.com/groceries/en-GB/products/268045899,1687617493.185976,"['£2.00', '£0.69/100g']",2.0,£0.69/100g
16543,Tesco Red Wine Stock Pots 4 Pack 112G,https://www.tesco.com/groceries/en-GB/products/289037439,1687617493.253029,"['£1.40', '£1.25/100g']",1.4,£1.25/100g
16544,Tesco Dried Parsley 11G Jar,https://www.tesco.com/groceries/en-GB/products/256146844,1687617493.318315,"['£0.90', '£0.82/10g']",0.9,£0.82/10g
16545,Barilla Penne Rigate 500G,https://www.tesco.com/groceries/en-GB/products/283223142,1687617493.429966,"['£1.40', '£2.80/kg']",1.4,£2.80/kg
16546,Tesco Dried Sage 12G,https://www.tesco.com/groceries/en-GB/products/268595414,1687617493.49732,"['£0.90', '£0.75/10g']",0.9,£0.75/10g
16547,Tesco Dried Rosemary 27G Jar,https://www.tesco.com/groceries/en-GB/products/256149680,1687617493.5663528,"['£0.90', '£0.33/10g']",0.9,£0.33/10g
16548,Tesco Tuscan Inspired Bean Soup 400G,https://www.tesco.com/groceries/en-GB/products/255951566,1687617493.63539,"['£1.10', '£0.28/100g']",1.1,£0.28/100g
16549,Princes Strawberries In Light Syrup 410G,https://www.tesco.com/groceries/en-GB/products/305054331,1687617493.7039099,"['£1.30', '£3.17/kg DR.WT']",1.3,£3.17/kg DR.WT
16550,Popchips Sea Salt & Vinegar Chips 85G,https://www.tesco.com/groceries/en-GB/products/275236674,1687617493.774364,"['£2.25', '£2.65/100g']",2.25,£2.65/100g
16551,Tesco Red Wine Vinegar 350Ml,https://www.tesco.com/groceries/en-GB/products/260511660,1687617493.842585,"['£1.30', '£0.37/100ml']",1.3,£0.37/100ml
16552,Tesco Bbq Flavoured Coated Peanuts 200G,https://www.tesco.com/groceries/en-GB/products/268345256,1687617493.913897,"['£1.30', '£6.50/kg']",1.3,£6.50/kg
16553,Mcvities Milk Chocolate Digestive 266G,https://www.tesco.com/groceries/en-GB/products/300917252,1687617493.980277,"['£1.75', '£0.66/100g']",1.75,£0.66/100g
16554,Tesco Pecan Nuts 100G,https://www.tesco.com/groceries/en-GB/products/266375275,1687617494.0735722,"['£2.25', '£22.50/kg']",2.25,£22.50/kg
16555,Real Foods Original Corn Thins 150G,https://www.tesco.com/groceries/en-GB/products/250137778,1687617494.140478,"['£1.25', '£0.83/100g']",1.25,£0.83/100g
16556,Del Monte Fruit Cocktail In Syrup 420G,https://www.tesco.com/groceries/en-GB/products/254901478,1687617494.20992,"['£1.20', '£4.80/kg DR.WT']",1.2,£4.80/kg DR.WT
16557,Hartleys Ready To Eat Jelly Strawberry 125G,https://www.tesco.com/groceries/en-GB/products/252468628,1687617494.2776299,"['£0.80', '£0.64/100g']",0.8,£0.64/100g
16558,Schwartz Hollandaise Sauce 25G,https://www.tesco.com/groceries/en-GB/products/253209545,1687617494.370362,"['£0.95', '£3.80/100g']",0.95,£3.80/100g
16559,Del Monte Pear Halves In Juice 415G,https://www.tesco.com/groceries/en-GB/products/254900709,1687617494.4627268,"['£1.20', '£5.22/kg DR.WT']",1.2,£5.22/kg DR.WT
16560,Nestle Aero Milk Chocolate Bars Multipack 4 X 27g,https://www.tesco.com/groceries/en-GB/products/265046131,1687617494.531544,"['£1.50', '£1.39/100g']",1.5,£1.39/100g
16561,Blue Dragon Sweet Chilli & Garlic Stir Fry Sauce 120G,https://www.tesco.com/groceries/en-GB/products/295871818,1687617494.5979142,"['£0.95', '£0.79/100g']",0.95,£0.79/100g
16562,Tesco Petits Pois & Baby Carrot In Water 200G,https://www.tesco.com/groceries/en-GB/products/264166324,1687617494.749514,"['£0.80', '£6.15/kg DR.WT']",0.8,£6.15/kg DR.WT
16563,Tesco Mini Gems 200G,https://www.tesco.com/groceries/en-GB/products/271373598,1687617494.81851,"['£1.10', '£0.55/100g']",1.1,£0.55/100g
16564,Tesco Raspberry Mushrooms 75G,https://www.tesco.com/groceries/en-GB/products/284181880,1687617494.88783,"['£0.70', '£0.93/100g']",0.7,£0.93/100g
16565,Snack Organisation Crackers Lightly Salted 100G,https://www.tesco.com/groceries/en-GB/products/287733661,1687617494.957533,"['£1.00', '£1.00/100g']",1.0,£1.00/100g
16566,Hartleys Best Raspberry Jam Seedless 340G,https://www.tesco.com/groceries/en-GB/products/253736836,1687617495.046853,"['£1.95', '£0.57/100g']",1.95,£0.57/100g
16567,Tesco Lemon & Coriander Cous Cous 110G,https://www.tesco.com/groceries/en-GB/products/253748586,1687617495.117082,"['£0.55', '£5.00/kg']",0.55,£5.00/kg
16568,Tesco Chicken Paste 75G,https://www.tesco.com/groceries/en-GB/products/254851605,1687617495.197344,"['£0.55', '£0.73/100g']",0.55,£0.73/100g
16569,Tesco Fruit Shortcake Biscuits 200G,https://www.tesco.com/groceries/en-GB/products/290329053,1687617495.264101,"['£0.65', '£0.32/100g']",0.65,£0.32/100g
16570,Tesco Lentil Curls Sour Cream & Chive 6 Pack 120G,https://www.tesco.com/groceries/en-GB/products/297348860,1687617495.330723,"['£1.15', '£0.96/100g']",1.15,£0.96/100g
16571,Galaxy Minstrels Large Pouch 240G,https://www.tesco.com/groceries/en-GB/products/303667790,1687617495.4555352,"['£2.25', '£0.94/100g']",2.25,£0.94/100g
16572,Tesco Turkish Delight Bar 150G,https://www.tesco.com/groceries/en-GB/products/300809449,1687617501.525546,"['£1.20', '£0.80/100g']",1.2,£0.80/100g
16573,Tesco Mild Chilli Powder 50G,https://www.tesco.com/groceries/en-GB/products/251994901,1687617501.602098,"['£0.90', '£0.18/10g']",0.9,£0.18/10g
16574,Naked Rice Japanese Chicken Katsu Curry 78G,https://www.tesco.com/groceries/en-GB/products/300497183,1687617501.677325,"['£1.20', '£15.38/kg']",1.2,£15.38/kg
16575,Hartleys Ready To Eat Jelly Lemon & Lime 125G,https://www.tesco.com/groceries/en-GB/products/252465758,1687617501.74629,"['£0.80', '£0.64/100g']",0.8,£0.64/100g
16576,Naked Noodle Thai Green Curry Pot 78G,https://www.tesco.com/groceries/en-GB/products/297172796,1687617501.839263,"['£1.20', '£15.38/kg']",1.2,£15.38/kg
16577,E.Wedel Aha! Sezamki Bar 27.2G,https://www.tesco.com/groceries/en-GB/products/271681089,1687617501.9146721,"['£0.35', '£1.29/100g']",0.35,£1.29/100g
16578,Crosse And Blackwell Best Of British Roast Chicken & Vegetable Soup 400G,https://www.tesco.com/groceries/en-GB/products/274246877,1687617501.9872088,"['£1.25', '£0.31/100g']",1.25,£0.31/100g
16579,Tesco Liquorice Allsorts 250G,https://www.tesco.com/groceries/en-GB/products/256582436,1687617502.0833259,"['£1.10', '£0.44/100g']",1.1,£0.44/100g
16580,Tesco Low Fat Tomato Soup 400G,https://www.tesco.com/groceries/en-GB/products/300524048,1687617502.151339,"['£0.75', '£0.19/100g']",0.75,£0.19/100g
16581,Tesco Whole Cloves 30G,https://www.tesco.com/groceries/en-GB/products/268595570,1687617502.223246,"['£0.90', '£0.30/10g']",0.9,£0.30/10g
16582,Tesco Peanut Munch Bar 6 Pack 192G,https://www.tesco.com/groceries/en-GB/products/255526391,1687617502.293597,"['£1.10', '£0.57/100g']",1.1,£0.57/100g
16583,Maggi Juicy Chicken Mexican 38g,https://www.tesco.com/groceries/en-GB/products/314114057,1687617502.3615758,"['£0.70', '£1.84/100g']",0.7,£1.84/100g
16584,Tesco Chocolate Eclairs 175G,https://www.tesco.com/groceries/en-GB/products/306666072,1687617502.494487,"['£1.10', '£0.63/100g']",1.1,£0.63/100g
16585,Tesco Sundried Tomato Antipasti 535G,https://www.tesco.com/groceries/en-GB/products/268569072,1687617502.5633721,"['£4.15', '£0.02/kg DR.WT']",4.15,£0.02/kg DR.WT
16586,Tesco Light Brown Soft Sugar 1Kg Pack,https://www.tesco.com/groceries/en-GB/products/256775623,1687617502.6396859,"['£3.00', '£3.00/kg']",3.0,£3.00/kg
16587,Bear Pure Fruit Yoyo Strawberry 9X20g,https://www.tesco.com/groceries/en-GB/products/286782799,1687617502.7052119,"['£4.45', '£2.47/100g']",4.45,£2.47/100g
16588,Butterkist Microwave Popcorn Sweet & Salted 3X60g,https://www.tesco.com/groceries/en-GB/products/303543078,1687617502.7713192,"['£2.50', '£1.39/100g']",2.5,£1.39/100g
16589,Tesco Light In Colour Olive Oil 1Ltr,https://www.tesco.com/groceries/en-GB/products/259045325,1687617502.838912,"['£5.80', '£0.58/100ml']",5.8,£0.58/100ml
16590,Jordans Simply Granola 750G,https://www.tesco.com/groceries/en-GB/products/285398720,1687617502.9074821,"['£3.60', '£0.48/100g']",3.6,£0.48/100g
16591,Bonne Maman Orange Fine Shred Marmalade 370G,https://www.tesco.com/groceries/en-GB/products/252780755,1687617502.9784489,"['£3.25', '£0.88/100g']",3.25,£0.88/100g
16592,Dolmio Light Creamy Sauce For Lasagne 470G,https://www.tesco.com/groceries/en-GB/products/277006339,1687617503.109712,"['£2.50', '£0.53/100g']",2.5,£0.53/100g
16593,Princes Mackerel Fillets Olive Oil 125G,https://www.tesco.com/groceries/en-GB/products/311788692,1687617503.1779149,"['£1.60', '£1.95/100g DR.WT']",1.6,£1.95/100g DR.WT
16594,Robertsons Golden Shred Marmalade 454G,https://www.tesco.com/groceries/en-GB/products/254850658,1687617503.24562,"['£2.10', '£0.46/100g']",2.1,£0.46/100g
16595,Nuts About Nature Peanut Butter Smooth 340G,https://www.tesco.com/groceries/en-GB/products/307157609,1687617503.315456,"['£2.10', '£0.62/100g']",2.1,£0.62/100g
16596,Kp Honey Roast Peanuts 225G,https://www.tesco.com/groceries/en-GB/products/297385515,1687617503.384856,"['£3.00', '£13.33/kg']",3.0,£13.33/kg
16597,Fruit Factory Multi Fruit Strings 5X 20G,https://www.tesco.com/groceries/en-GB/products/265285233,1687617503.484031,"['£2.35', '£2.35/100g']",2.35,£2.35/100g
16598,Mama Vermicelli Noodles 225G,https://www.tesco.com/groceries/en-GB/products/272673304,1687617503.5751739,"['£1.85', '£8.22/kg']",1.85,£8.22/kg
16599,Lindt Excellence Extra Creamy Milk Chocolate Bar 100G,https://www.tesco.com/groceries/en-GB/products/251277783,1687617503.645462,"['£2.45', '£2.45/100g']",2.45,£2.45/100g
16600,Lindt Excellence Dark Orange Intense Chocolate Bar 100G,https://www.tesco.com/groceries/en-GB/products/256363293,1687617503.73506,"['£2.45', '£2.45/100g']",2.45,£2.45/100g
16601,Rochelle Crispy Onions 100G,https://www.tesco.com/groceries/en-GB/products/296361856,1687617503.8234959,"['£1.45', '£1.45/100g']",1.45,£1.45/100g
16602,Walkers Variety Ready Salted &Vngr Crisps 12X25g,https://www.tesco.com/groceries/en-GB/products/309195900,1687617503.89127,"['£3.25', '£1.08/100g']",3.25,£1.08/100g
16603,Tabasco Original Red Hot Pepper Sauce 57Ml,https://www.tesco.com/groceries/en-GB/products/254886967,1687617503.958292,"['£1.99', '£3.49/100ml']",1.99,£3.49/100ml
16604,Tesco Yogurt Coated Rice Cakes 105G,https://www.tesco.com/groceries/en-GB/products/308828886,1687617504.027791,"['£1.30', '£1.24/100g']",1.3,£1.24/100g
16605,Tesco Organic Baked Beans 420G,https://www.tesco.com/groceries/en-GB/products/276778394,1687617504.105494,"['£1.00', '£2.38/kg']",1.0,£2.38/kg
16606,Tesco Irish Stew 392G,https://www.tesco.com/groceries/en-GB/products/307734693,1687617504.1752,"['£2.40', '£6.12/kg']",2.4,£6.12/kg
16607,Princes Tuna Chunks In Spring Water 145G,https://www.tesco.com/groceries/en-GB/products/302291238,1687617504.25498,"['£1.75', '£1.72/100g DR.WT']",1.75,£1.72/100g DR.WT
16608,Polo Sugar Free Tube Multipack 4 X 33.4G,https://www.tesco.com/groceries/en-GB/products/288953750,1687617504.403788,"['£1.75', '£1.31/100g']",1.75,£1.31/100g
16609,Wholefood Roasted Monkey Nuts 250G,https://www.tesco.com/groceries/en-GB/products/256056991,1687617504.474647,"['£1.30', '£5.20/kg']",1.3,£5.20/kg
16610,Tesco Italian Seasoning 18G ..,https://www.tesco.com/groceries/en-GB/products/300456422,1687617504.549542,"['£0.90', '£0.50/10g']",0.9,£0.50/10g
16611,Nature Valley Sweet & Salty Dark Chocolate With Nuts 120G,https://www.tesco.com/groceries/en-GB/products/304792132,1687617504.628491,"['£1.75', '£1.46/100g']",1.75,£1.46/100g
16612,Tesco Crushed Chillies 28G,https://www.tesco.com/groceries/en-GB/products/251620901,1687617504.705735,"['£0.90', '£0.32/10g']",0.9,£0.32/10g
16613,Trebor Softmints Peppermint 4Roll,https://www.tesco.com/groceries/en-GB/products/268046374,1687617504.7911282,"['£1.35', '£0.75/100g']",1.35,£0.75/100g
16614,Ryvita Multiseed Thins 125G,https://www.tesco.com/groceries/en-GB/products/263831587,1687617504.8718479,"['£2.20', '£1.76/100g']",2.2,£1.76/100g
16615,Tesco Chocolate Chip Cookie 2 X 250G,https://www.tesco.com/groceries/en-GB/products/290359230,1687617504.9593542,"['£1.60', '£0.32/100g']",1.6,£0.32/100g
16616,Tesco Ploughmans Plum Chutney 295G,https://www.tesco.com/groceries/en-GB/products/300413116,1687617505.026809,"['£1.30', '£0.44/100g']",1.3,£0.44/100g
16617,Mugshot Tomato & Herb Pasta 64G,https://www.tesco.com/groceries/en-GB/products/251171838,1687617505.106526,"['£1.00', '£15.62/kg']",1.0,£15.62/kg
16618,Blue Dragon Black Bean Stir Fry Sauce 120G,https://www.tesco.com/groceries/en-GB/products/295871778,1687617505.254431,"['£0.95', '£0.79/100g']",0.95,£0.79/100g
16619,Kallo Very Low Salt Vegetable Stock Cube 60G,https://www.tesco.com/groceries/en-GB/products/255325148,1687617505.393591,"['£1.90', '£3.17/100g']",1.9,£3.17/100g
16620,Old El Paso Refried Beans 435G,https://www.tesco.com/groceries/en-GB/products/253836073,1687617512.082644,"['£1.95', '£0.45/100g']",1.95,£0.45/100g
16621,Nestle Nesquik Cereal 375G,https://www.tesco.com/groceries/en-GB/products/276973594,1687617512.1708941,"['£2.75', '£0.73/100g']",2.75,£0.73/100g
16622,Bear Blackcurrant Yoyo Multipack 5X20g,https://www.tesco.com/groceries/en-GB/products/282614122,1687617512.252636,"['£2.85', '£2.85/100g']",2.85,£2.85/100g
16623,Pizza Express House Light Salad Dressing 235Ml,https://www.tesco.com/groceries/en-GB/products/254849578,1687617512.379531,"['£2.30', '£0.98/100ml']",2.3,£0.98/100ml
16624,Nature Valley Protein Salted Caramel Nut Bars 4X40g,https://www.tesco.com/groceries/en-GB/products/293837316,1687617512.516576,"['£3.00', '£1.88/100g']",3.0,£1.88/100g
16625,Tesco Milled Flax Seed Mix 175G,https://www.tesco.com/groceries/en-GB/products/302677255,1687617512.5939388,"['£1.85', '£10.57/kg']",1.85,£10.57/kg
16626,Ben's Original Classic Wholegrain Microwave Rice 220G,https://www.tesco.com/groceries/en-GB/products/313170935,1687617512.6596859,"['£0.99', '£4.50/kg']",0.99,£4.50/kg
16627,Tesco Finest Rye Sour Dough Cracker 130G,https://www.tesco.com/groceries/en-GB/products/304408559,1687617512.7278259,"['£2.15', '£1.65/100g']",2.15,£1.65/100g
16628,Lindt Lindor Milk Chocolate Bar 100G,https://www.tesco.com/groceries/en-GB/products/268370997,1687617512.794034,"['£2.35', '£2.35/100g']",2.35,£2.35/100g
16629,Tesco Organic Medjool Dates 200G,https://www.tesco.com/groceries/en-GB/products/250281502,1687617512.882881,"['£2.50', '£12.50/kg']",2.5,£12.50/kg
16630,Nissin Wok Style Soba Noodles Classic 109G,https://www.tesco.com/groceries/en-GB/products/306955818,1687617512.9499469,"['£1.20', '£11.01/kg']",1.2,£11.01/kg
16631,De Cecco Linguine 500G,https://www.tesco.com/groceries/en-GB/products/250646417,1687617513.018214,"['£2.00', '£4.00/kg']",2.0,£4.00/kg
16632,Chop Garlic Puree 75G,https://www.tesco.com/groceries/en-GB/products/303823191,1687617513.115036,"['£1.30', '£0.17/10g']",1.3,£0.17/10g
16633,Tesco Finest British Beef & Red Onion Gravy Granules 200G,https://www.tesco.com/groceries/en-GB/products/307733544,1687617513.185502,"['£1.90', '£0.95/100g']",1.9,£0.95/100g
16634,Kingfisher Bamboo Shoots In Water 225G,https://www.tesco.com/groceries/en-GB/products/265819146,1687617513.252863,"['£1.15', '£0.96/100g DR.WT']",1.15,£0.96/100g DR.WT
16635,Stockwell & Co Chicken Curry 392G,https://www.tesco.com/groceries/en-GB/products/300535719,1687617513.3234391,"['£1.49', '£3.80/kg']",1.49,£3.80/kg
16636,Tesco Reduced Fat Rice Pudding 400G,https://www.tesco.com/groceries/en-GB/products/311227527,1687617513.392174,"['£0.90', '£0.22/100g']",0.9,£0.22/100g
16637,Pataks Tikka Masala Paste Pots 2X70g,https://www.tesco.com/groceries/en-GB/products/293134261,1687617513.464463,"['£1.49', '£1.06/100g']",1.49,£1.06/100g
16638,Lu Petit Beurre Salted Butter Biscuit 167G,https://www.tesco.com/groceries/en-GB/products/309197155,1687617513.53514,"['£1.50', '£0.90/100g']",1.5,£0.90/100g
16639,Princes Mackerel Fillets In Tomato Sauce 125G,https://www.tesco.com/groceries/en-GB/products/254864066,1687617513.636203,"['£1.60', '£1.28/100g']",1.6,£1.28/100g
16640,Tesco Tomato & Chilli Pesto 190G,https://www.tesco.com/groceries/en-GB/products/268675677,1687617513.7092009,"['£1.25', '£0.66/100g']",1.25,£0.66/100g
16641,Tilda Microwave Katsu Curry Jasmine Rice 250G,https://www.tesco.com/groceries/en-GB/products/310657676,1687617513.776238,"['£1.25', '£5.00/kg']",1.25,£5.00/kg
16642,Doves Farm Gluten Free Self Raising 1Kg,https://www.tesco.com/groceries/en-GB/products/264177046,1687617513.8458428,"['£1.95', '£1.95/kg']",1.95,£1.95/kg
16643,Swizzels Scrumptious Sweets 173G,https://www.tesco.com/groceries/en-GB/products/311427757,1687617513.912859,"['£1.15', '£0.66/100g']",1.15,£0.66/100g
16644,Cadbury Dairy Milk Caramel Chocolate Bar 180G,https://www.tesco.com/groceries/en-GB/products/311268242,1687617513.980117,"['£2.00', '£1.11/100g']",2.0,£1.11/100g
16645,Takul Halal Kitchen Poultry Bacon 80G,https://www.tesco.com/groceries/en-GB/products/311220483,1687617514.0482938,"['£1.05', '£13.12/kg']",1.05,£13.12/kg
16646,Naked Noodle Chow Mein 78G,https://www.tesco.com/groceries/en-GB/products/289537873,1687617514.116291,"['£1.20', '£15.38/kg']",1.2,£15.38/kg
16647,Tesco Free From Stem Ginger Cookie 150G,https://www.tesco.com/groceries/en-GB/products/300832622,1687617514.185477,"['£1.50', '£1.00/100g']",1.5,£1.00/100g
16648,Tesco Fizzy Multicolour Sweet Belt 75G,https://www.tesco.com/groceries/en-GB/products/255259088,1687617514.256942,"['£0.70', '£0.93/100g']",0.7,£0.93/100g
16649,Batchelors Pasta & Sauce Low Fat Tomato Onion & Herb 99G,https://www.tesco.com/groceries/en-GB/products/306930525,1687617514.325118,"['£1.00', '£10.10/kg']",1.0,£10.10/kg
16650,Tesco Fruit & Nut Snack Pot 55G,https://www.tesco.com/groceries/en-GB/products/302677353,1687617514.414937,"['£1.00', '£1.82/100g']",1.0,£1.82/100g
16651,Drumstick Chew Bar Bubblegum 18G,https://www.tesco.com/groceries/en-GB/products/303177119,1687617514.504626,"['£0.10', '£0.56/100g']",0.1,£0.56/100g
16652,Cadbury Freddo 18G,https://www.tesco.com/groceries/en-GB/products/275341411,1687617514.653643,"['£0.25', '£1.39/100g']",0.25,£1.39/100g
16653,Tesco Brazil Nuts Snack Pack 60G,https://www.tesco.com/groceries/en-GB/products/283111885,1687617514.720892,"['£1.00', '£1.67/100g']",1.0,£1.67/100g
16654,Bisto Best Lamb Gravy 230G,https://www.tesco.com/groceries/en-GB/products/312217895,1687617514.814261,"['£4.00', '£1.74/100g']",4.0,£1.74/100g
16655,Aasani Almonds 500G,https://www.tesco.com/groceries/en-GB/products/289206165,1687617514.880516,"['£4.40', '£8.80/kg']",4.4,£8.80/kg
16656,Tesco Flame Raisins 500G,https://www.tesco.com/groceries/en-GB/products/271063268,1687617514.9485781,"['£3.10', '£6.20/kg']",3.1,£6.20/kg
16657,Gressingham Duck Fat 250G,https://www.tesco.com/groceries/en-GB/products/271754096,1687617515.015498,"['£3.15', '£12.60/kg']",3.15,£12.60/kg
16658,Maille Wholegrain Mustard 210G,https://www.tesco.com/groceries/en-GB/products/250859033,1687617515.081891,"['£2.65', '£1.26/100g']",2.65,£1.26/100g
16659,Oxo Reduced Salt Vegetable Stock Cubes 12 Pack 71G,https://www.tesco.com/groceries/en-GB/products/272080228,1687617515.15012,"['£2.40', '£3.38/100g']",2.4,£3.38/100g
16660,Tesco Easy Cook Rice 2Kg,https://www.tesco.com/groceries/en-GB/products/254877362,1687617515.217835,"['£3.10', '£1.55/kg']",3.1,£1.55/kg
16661,Tesco Nuts And Seeds Muesli 750G,https://www.tesco.com/groceries/en-GB/products/292990601,1687617515.295789,"['£2.60', '£0.35/100g']",2.6,£0.35/100g
16662,Itsu Crispy Seaweed Thins Multipack 3X5g,https://www.tesco.com/groceries/en-GB/products/301518779,1687617515.374717,"['£2.15', '£14.33/100g']",2.15,£14.33/100g
16663,Tesco Bulgur Wheat 500G,https://www.tesco.com/groceries/en-GB/products/256533144,1687617515.444708,"['£1.70', '£3.40/kg']",1.7,£3.40/kg
16664,Trek Flapjack Cocoa Oat 50G 3 Pack,https://www.tesco.com/groceries/en-GB/products/291558943,1687617515.510829,"['£3.00', '£2.00/100g']",3.0,£2.00/100g
16665,Grace Green Plantain Chips Salted 85G,https://www.tesco.com/groceries/en-GB/products/285097892,1687617515.60349,"['£1.05', '£1.24/100g']",1.05,£1.24/100g
16666,Loyd Grossman No Added Sugar Tomato & Chilli Sauce 350G,https://www.tesco.com/groceries/en-GB/products/301324076,1687617515.673951,"['£3.00', '£0.86/100g']",3.0,£0.86/100g
16667,Nandos Squeezy Perinaise 265G,https://www.tesco.com/groceries/en-GB/products/292200236,1687617515.770582,"['£2.25', '£0.85/100g']",2.25,£0.85/100g
16668,Tesco Low Fat Chicken & Sweetcorn Soup 400G,https://www.tesco.com/groceries/en-GB/products/300524060,1687617521.515245,"['£0.75', '£0.19/100g']",0.75,£0.19/100g
16669,Cirio Peeled Plum Tomatoes 4X400g,https://www.tesco.com/groceries/en-GB/products/255836513,1687617521.58955,"['£4.20', '£2.62/kg DR.WT']",4.2,£2.62/kg DR.WT
16670,Lily O'brien's Desserts Collection 210G,https://www.tesco.com/groceries/en-GB/products/311782519,1687617521.660425,"['£7.00', '£3.33/100g']",7.0,£3.33/100g
16671,Lotus Biscuit Spread Crunchy 380G,https://www.tesco.com/groceries/en-GB/products/281928141,1687617521.752328,"['£3.20', '£0.84/100g']",3.2,£0.84/100g
16672,Dorset Cereal Pecan & Almond Muesli Crunch 400G,https://www.tesco.com/groceries/en-GB/products/312096345,1687617521.825106,"['£4.00', '£1.00/100g']",4.0,£1.00/100g
16673,Tesco Mint Jelly 340G,https://www.tesco.com/groceries/en-GB/products/265305729,1687617521.926435,"['£1.70', '£0.50/100g']",1.7,£0.50/100g
16674,Billington's Golden Granulated Sugar 1Kg,https://www.tesco.com/groceries/en-GB/products/254917120,1687617521.997917,"['£2.30', '£2.30/kg']",2.3,£2.30/kg
16675,Tesco Free From 5 Angel Slices,https://www.tesco.com/groceries/en-GB/products/303127531,1687617522.065803,"['£2.50', '£0.50/each']",2.5,£0.50/each
16676,Bear Bites Strawberry & Butternut Squash 5 Pack,https://www.tesco.com/groceries/en-GB/products/306942056,1687617522.1331022,"['£2.85', '£3.17/100g']",2.85,£3.17/100g
16677,Kuchnia Polska Sour Cucumber 700G,https://www.tesco.com/groceries/en-GB/products/281343475,1687617522.261615,"['£2.00', '£0.50/100g']",2.0,£0.50/100g
16678,Mr Kipling Sponge Pudding Lemon 2X95g,https://www.tesco.com/groceries/en-GB/products/282663751,1687617522.3303082,"['£2.35', '£1.24/100g']",2.35,£1.24/100g
16679,Schar Gluten Free Curvies Original 170G,https://www.tesco.com/groceries/en-GB/products/304791663,1687617522.402457,"['£2.70', '£1.59/100g']",2.7,£1.59/100g
16680,Kellogg's Hot Fudge Sundae Pop Tarts 8X48g,https://www.tesco.com/groceries/en-GB/products/311673467,1687617522.471724,"['£2.99', '£0.78/100g']",2.99,£0.78/100g
16681,Wrigley's Extra White Bubblemint 6X10 Pieces 84G,https://www.tesco.com/groceries/en-GB/products/302312676,1687617522.539764,"['£2.75', '£3.27/100g']",2.75,£3.27/100g
16682,Alpen No Added Sugar Swiss Style Muesli 550G,https://www.tesco.com/groceries/en-GB/products/305987407,1687617522.60671,"['£2.70', '£0.49/100g']",2.7,£0.49/100g
16683,Eat Natural Bars Maple Syrup Pecan & Peanut 45G,https://www.tesco.com/groceries/en-GB/products/291399819,1687617522.677403,"['£2.40', '£1.78/100g']",2.4,£1.78/100g
16684,Fibre One Cake Bar Triple Chocolate 4 X 25G,https://www.tesco.com/groceries/en-GB/products/301692219,1687617522.747859,"['£2.90', '£2.90/100g']",2.9,£2.90/100g
16685,Whitworths Extra Juicy Sultanas 325G,https://www.tesco.com/groceries/en-GB/products/280484355,1687617522.821471,"['£2.00', '£6.15/kg']",2.0,£6.15/kg
16686,Lindt Classic Recipe Milk Chocolate Bar 125G,https://www.tesco.com/groceries/en-GB/products/309481095,1687617522.910097,"['£2.10', '£1.68/100g']",2.1,£1.68/100g
16687,Franks Red Hot Original Cayenne Pepper Sauce 148Ml,https://www.tesco.com/groceries/en-GB/products/264147746,1687617522.979006,"['£2.20', '£1.49/100ml']",2.2,£1.49/100ml
16688,Ferrero Rocher Original Milk Chocolate Bar 90G,https://www.tesco.com/groceries/en-GB/products/309481164,1687617523.068531,"['£2.20', '£2.44/100g']",2.2,£2.44/100g
16689,Butterkist Sweet & Salted Popcorn 100G,https://www.tesco.com/groceries/en-GB/products/285117870,1687617523.156439,"['£2.00', '£2.00/100g']",2.0,£2.00/100g
16690,Nestle Toffee Crisp Chocolate Bars Multipack 9 X 31g,https://www.tesco.com/groceries/en-GB/products/297315939,1687617523.251644,"['£2.50', '£0.90/100g']",2.5,£0.90/100g
16691,Pringles Sizzl'n Kickin Sour Cream Crisps 180G,https://www.tesco.com/groceries/en-GB/products/308117339,1687617523.325442,"['£1.85', '£1.03/100g']",1.85,£1.03/100g
16692,Pringles Multigrain Less Salt Sour Cream & Chilli 166G,https://www.tesco.com/groceries/en-GB/products/312700236,1687617523.3962429,"['£2.00', '£1.20/100g']",2.0,£1.20/100g
16693,Princes Mackerel Fillets In Spicy Tomato Sauce 125G,https://www.tesco.com/groceries/en-GB/products/255737763,1687617523.486049,"['£1.60', '£1.28/100g']",1.6,£1.28/100g
16694,Mentos Mint Chewy Sweets 5 X 38G,https://www.tesco.com/groceries/en-GB/products/307743647,1687617523.553195,"['£1.80', '£0.95/100g']",1.8,£0.95/100g
16695,Pataks Medium Hot Rogan Josh Sauce 450G,https://www.tesco.com/groceries/en-GB/products/274747958,1687617523.6215029,"['£2.00', '£0.44/100g']",2.0,£0.44/100g
16696,Askeys Round Icecream Cones 21Pk,https://www.tesco.com/groceries/en-GB/products/255569783,1687617523.6876009,"['£1.20', '£0.06/each']",1.2,£0.06/each
16697,Grace Pumpkin Soup Mix 50G,https://www.tesco.com/groceries/en-GB/products/271762074,1687617523.761864,"['£0.75', '£15.00/kg']",0.75,£15.00/kg
16698,Mugshot Thai Style Noodles 55G,https://www.tesco.com/groceries/en-GB/products/260636986,1687617523.8344991,"['£1.00', '£18.18/kg']",1.0,£18.18/kg
16699,Maynards Bassetts Wine Gums Tangy 165G,https://www.tesco.com/groceries/en-GB/products/295703374,1687617523.9014778,"['£1.25', '£0.76/100g']",1.25,£0.76/100g
16700,Maynards Reds & Blacks 165G,https://www.tesco.com/groceries/en-GB/products/290330995,1687617523.9694788,"['£1.25', '£0.76/100g']",1.25,£0.76/100g
16701,Walkers Prawn Cocktail Crisps 45G,https://www.tesco.com/groceries/en-GB/products/308455848,1687617524.115906,"['£1.00', '£2.22/100g']",1.0,£2.22/100g
16702,Schwartz Authentic Bombay Potatoes 33G,https://www.tesco.com/groceries/en-GB/products/259420342,1687617524.230335,"['£0.95', '£2.88/100g']",0.95,£2.88/100g
16703,Schwartz Creamy Chicken & Leek Bake 35G,https://www.tesco.com/groceries/en-GB/products/285779431,1687617524.3214772,"['£0.95', '£2.71/100g']",0.95,£2.71/100g
16704,Chewits Strawberry Single 30G,https://www.tesco.com/groceries/en-GB/products/253273191,1687617524.411425,"['£0.40', '£1.33/100g']",0.4,£1.33/100g
16705,Tesco Mild Guacamole Topping 285G,https://www.tesco.com/groceries/en-GB/products/272492265,1687617524.479708,"['£1.50', '£0.53/100g']",1.5,£0.53/100g
16706,Skittles Crazy Sours Pouch 152G,https://www.tesco.com/groceries/en-GB/products/310844466,1687617524.5557911,"['£0.99', '£0.65/100g']",0.99,£0.65/100g
16707,Island Sun Coconut Milk 400Ml,https://www.tesco.com/groceries/en-GB/products/259214581,1687617524.631037,"['£1.00', '£2.50/litre']",1.0,£2.50/litre
16708,Maltesers Kingsize 58.5G,https://www.tesco.com/groceries/en-GB/products/252944332,1687617524.699456,"['£0.90', '£1.54/100g']",0.9,£1.54/100g
16710,Hermesetas Mini Sweeteners 800 Pack,https://www.tesco.com/groceries/en-GB/products/259247714,1687617524.886291,"['£3.30', '£0.00/kg']",3.3,£0.00/kg
16711,Tesco Hazelnuts 250G,https://www.tesco.com/groceries/en-GB/products/271074088,1687617524.9680781,"['£3.50', '£14.00/kg']",3.5,£14.00/kg
16712,Tesco Carnaroli Risotto Rice 500G,https://www.tesco.com/groceries/en-GB/products/260343576,1687617525.034357,"['£3.20', '£6.40/kg']",3.2,£6.40/kg
16713,Pataks 10 Papadums Plain 100G,https://www.tesco.com/groceries/en-GB/products/253804451,1687617525.100491,"['£2.30', '£2.30/100g']",2.3,£2.30/100g
16714,Hellmann's Vegan Mayonnaise 430Ml,https://www.tesco.com/groceries/en-GB/products/305944637,1687617525.165853,"['£3.40', '£0.79/100ml']",3.4,£0.79/100ml
16715,Yarden Houmous Extra 250G,https://www.tesco.com/groceries/en-GB/products/251117841,1687617525.2344918,"['£2.65', '£1.06/100g']",2.65,£1.06/100g
16716,Tesco Chia Seeds 100G,https://www.tesco.com/groceries/en-GB/products/309470252,1687617531.0454872,"['£1.00', '£10.00/kg']",1.0,£10.00/kg
16717,Jacob's Cheddars Red Leicester 150G,https://www.tesco.com/groceries/en-GB/products/312100255,1687617531.12129,"['£1.20', '£0.80/100g']",1.2,£0.80/100g
16718,Batchelors Big Super Noodles Bbq Beef Flavoured 100G,https://www.tesco.com/groceries/en-GB/products/306931490,1687617531.20098,"['£1.20', '£12.00/kg']",1.2,£12.00/kg
16719,Aero Milk Chocolate Peppermint Bubbles 92G,https://www.tesco.com/groceries/en-GB/products/308085560,1687617531.280271,"['£1.35', '£1.47/100g']",1.35,£1.47/100g
16720,Nik Naks Nice 'N' Spicy Grab Bag Crisps 45G,https://www.tesco.com/groceries/en-GB/products/311442168,1687617531.349952,"['£1.00', '£2.22/100g']",1.0,£2.22/100g
16721,Mccoy's Salt & Vinegar Grab Bag Crisps 45G,https://www.tesco.com/groceries/en-GB/products/311263224,1687617531.462903,"['£1.00', '£2.22/100g']",1.0,£2.22/100g
16722,Jammin Sparkling Fruit Punch Drink 2 Litres,https://www.tesco.com/groceries/en-GB/products/267778766,1687617531.571813,"['£0.95', '£0.05/100ml']",0.95,£0.05/100ml
16723,Tesco Viennese Swirl Carton 125G,https://www.tesco.com/groceries/en-GB/products/294779613,1687617531.639074,"['£1.15', '£0.92/100g']",1.15,£0.92/100g
16724,Tesco Salt & Vinegar Flavoured Mini Rice & Corn Cakes 4X25g,https://www.tesco.com/groceries/en-GB/products/311680588,1687617531.7120252,"['£1.25', '£1.25/100g']",1.25,£1.25/100g
16725,Tesco Free From Cheese Flavour Balls 150G,https://www.tesco.com/groceries/en-GB/products/304389996,1687617531.778562,"['£1.10', '£0.73/100g']",1.1,£0.73/100g
16726,Schwartz Slow Cookers Chicken In Red Wine 35G,https://www.tesco.com/groceries/en-GB/products/268004390,1687617531.848258,"['£0.95', '£2.71/100g']",0.95,£2.71/100g
16727,M&M's Brownie Chocolate Bag 102G,https://www.tesco.com/groceries/en-GB/products/308475496,1687617531.949055,"['£1.50', '£1.47/100g']",1.5,£1.47/100g
16728,Birds Whisk & Serve Semolina 98G Packet,https://www.tesco.com/groceries/en-GB/products/259066536,1687617532.020698,"['£1.05', '£1.07/100g']",1.05,£1.07/100g
16729,Tesco Chocolate Fruit & Nut Mix Snack Pack 60G,https://www.tesco.com/groceries/en-GB/products/283112187,1687617532.091994,"['£1.00', '£16.67/kg']",1.0,£16.67/kg
16730,Laila Basmati Rice 10Kg,https://www.tesco.com/groceries/en-GB/products/256171675,1687617532.185199,"['£19.00', '£1.90/kg']",19.0,£1.90/kg
16731,Blue Dragon Pad Thai Noodles Kit 265G,https://www.tesco.com/groceries/en-GB/products/301803759,1687617532.274664,"['£3.10', '£1.17/100g']",3.1,£1.17/100g
16732,Napolina Light & Mild Olive Oil 500Ml,https://www.tesco.com/groceries/en-GB/products/255592950,1687617532.346536,"['£5.10', '£1.02/100ml']",5.1,£1.02/100ml
16733,Sacla Vegan Basil Pesto 190G,https://www.tesco.com/groceries/en-GB/products/283949873,1687617532.4122722,"['£3.10', '£1.63/100g']",3.1,£1.63/100g
16734,Filippo Berio Balsamic Vinegar 250Ml,https://www.tesco.com/groceries/en-GB/products/279684661,1687617532.478932,"['£3.25', '£1.30/100ml']",3.25,£1.30/100ml
16735,Green And Blacks Classic Minis 180G,https://www.tesco.com/groceries/en-GB/products/285131570,1687617532.5451589,"['£6.00', '£3.33/100g']",6.0,£3.33/100g
16736,Tesco Gingerbread Mix 225G,https://www.tesco.com/groceries/en-GB/products/289573832,1687617532.6353679,"['£1.80', '£0.80/100g']",1.8,£0.80/100g
16737,Nestle Go Free Honey Nut Flakes Gluten Free 350G,https://www.tesco.com/groceries/en-GB/products/314310927,1687617532.732573,"['£2.40', '£0.69/100g']",2.4,£0.69/100g
16738,Morliny Frankfurters 350G,https://www.tesco.com/groceries/en-GB/products/302010175,1687617532.8056488,"['£2.45', '£0.70/100g']",2.45,£0.70/100g
16739,Opies Lemon Slices 350G,https://www.tesco.com/groceries/en-GB/products/256017387,1687617532.8763788,"['£1.95', '£1.15/100g DR.WT']",1.95,£1.15/100g DR.WT
16740,Bisto Gluten Free Gravy Granules 175G,https://www.tesco.com/groceries/en-GB/products/297609736,1687617532.944917,"['£3.80', '£2.17/100g']",3.8,£2.17/100g
16741,Grace 100% Halal Corned Beef 340G,https://www.tesco.com/groceries/en-GB/products/272109404,1687617533.015254,"['£4.00', '£11.76/kg']",4.0,£11.76/kg
16742,Kubus Apple Banana Carrot & Strawberry Mousse 100G,https://www.tesco.com/groceries/en-GB/products/279842342,1687617533.084617,"['£0.85', '£0.85/100g']",0.85,£0.85/100g
16743,Encona Scotch Bonnet Pepper Extra Hot Sauce 220Ml,https://www.tesco.com/groceries/en-GB/products/305247506,1687617533.151447,"['£1.70', '£0.77/100ml']",1.7,£0.77/100ml
16744,Nairns Gluten Free Ginger Biscuit Break 160G,https://www.tesco.com/groceries/en-GB/products/296384345,1687617533.2216,"['£2.00', '£1.25/100g']",2.0,£1.25/100g
16745,Kp Flavour Kravers Flamegrilled Steak Flavour Peanut 140G,https://www.tesco.com/groceries/en-GB/products/310165889,1687617533.2862499,"['£3.00', '£2.14/100g']",3.0,£2.14/100g
16746,Loyd Grossman No Added Sugar Bolognese 350G,https://www.tesco.com/groceries/en-GB/products/302278543,1687617533.352412,"['£3.00', '£0.86/100g']",3.0,£0.86/100g
16747,Extra White Gum Bottle 46 Pieces64g,https://www.tesco.com/groceries/en-GB/products/276579024,1687617533.440321,"['£1.99', '£3.11/100g']",1.99,£3.11/100g
16748,Tesco Finest Free From Dark Chocolate Ginger Cookies 150G,https://www.tesco.com/groceries/en-GB/products/278437236,1687617533.509761,"['£2.35', '£1.57/100g']",2.35,£1.57/100g
16749,Tulip Pork Luncheon Meat 250G,https://www.tesco.com/groceries/en-GB/products/292341443,1687617533.5830941,"['£1.70', '£0.68/100g']",1.7,£0.68/100g
16750,Propercorn Lightly Sea Salted 70G,https://www.tesco.com/groceries/en-GB/products/278170199,1687617533.7648032,"['£1.90', '£2.71/100g']",1.9,£2.71/100g
16751,Streamline Reduced Sugar Strawberry Jam 340G,https://www.tesco.com/groceries/en-GB/products/282487470,1687617533.8344698,"['£1.60', '£0.47/100g']",1.6,£0.47/100g
16752,Winiary Mayonnaise 400Ml,https://www.tesco.com/groceries/en-GB/products/262110048,1687617533.908205,"['£2.00', '£0.50/100ml']",2.0,£0.50/100ml
16753,Princes Mackerel Fillets In Mustard Sauce 125G,https://www.tesco.com/groceries/en-GB/products/259395428,1687617533.977716,"['£1.60', '£1.28/100g']",1.6,£1.28/100g
16754,Tesco Vegetable Stockpot 4 Pack 112G,https://www.tesco.com/groceries/en-GB/products/289036918,1687617534.045856,"['£1.20', '£1.07/100g']",1.2,£1.07/100g
16755,Dunns River Creamed Coconut 200G,https://www.tesco.com/groceries/en-GB/products/271761473,1687617534.1131399,"['£1.20', '£0.60/100g']",1.2,£0.60/100g
16756,Maynards Bassetts Wine Gums Juicies 130G,https://www.tesco.com/groceries/en-GB/products/312089417,1687617534.195389,"['£1.25', '£0.96/100g']",1.25,£0.96/100g
16757,Mugshot Chinese Noodle 45G,https://www.tesco.com/groceries/en-GB/products/268691070,1687617534.267213,"['£1.00', '£22.22/kg']",1.0,£22.22/kg
16758,Squashies Drumstick Bubblegum 160G,https://www.tesco.com/groceries/en-GB/products/285000846,1687617534.3370838,"['£1.15', '£0.72/100g']",1.15,£0.72/100g
16759,Tesco Free From Batter Mix 100G,https://www.tesco.com/groceries/en-GB/products/300962433,1687617534.4181461,"['£0.75', '£7.50/kg']",0.75,£7.50/kg
16760,Mccoy's Epic Eats Spicy Salsa Crisps 45G,https://www.tesco.com/groceries/en-GB/products/313519337,1687617534.486804,"['£0.90', '£2.00/100g']",0.9,£2.00/100g
16761,Mccoy's Epic Eats Nacho Cheese Crisps 45G,https://www.tesco.com/groceries/en-GB/products/313744597,1687617534.602898,"['£0.90', '£2.00/100g']",0.9,£2.00/100g
16762,Tesco Sweet & Spicy Noodle Soup In A Mug 5 Pack 115G,https://www.tesco.com/groceries/en-GB/products/297132160,1687617534.7135859,"['£0.90', '£0.01/kg']",0.9,£0.01/kg
16763,Walkers Quavers Bbq Sauce Snacks 34G,https://www.tesco.com/groceries/en-GB/products/313848313,1687617534.783493,"['£1.00', '£2.94/100g']",1.0,£2.94/100g
16764,Guylian Seashells 500G Box,https://www.tesco.com/groceries/en-GB/products/258195592,1687617544.006443,"['£10.00', '£2.00/100g']",10.0,£2.00/100g
16765,Truvia Sweetener From Stevia Leaf Extract 270G,https://www.tesco.com/groceries/en-GB/products/272063451,1687617544.099241,"['£5.50', '£20.37/kg']",5.5,£20.37/kg
16766,Betty Crocker Chocolate Fudge Brownie Mix 415G,https://www.tesco.com/groceries/en-GB/products/253175998,1687617544.1719081,"['£3.00', '£7.23/kg']",3.0,£7.23/kg
16767,Fragata Capers 240G,https://www.tesco.com/groceries/en-GB/products/255100975,1687617544.242904,"['£2.50', '£1.85/100g DR.WT']",2.5,£1.85/100g DR.WT
16768,Schwartz Parsley 3G,https://www.tesco.com/groceries/en-GB/products/254919066,1687617544.316803,"['£2.00', '£6.67/10g']",2.0,£6.67/10g
16769,Cypressa Tahini 300G,https://www.tesco.com/groceries/en-GB/products/279768919,1687617544.4170291,"['£2.90', '£0.97/100g']",2.9,£0.97/100g
16770,Tiptree Mango Chutney 220G,https://www.tesco.com/groceries/en-GB/products/302290889,1687617544.485354,"['£2.65', '£1.20/100g']",2.65,£1.20/100g
16771,Bonne Maman Intense Raspberry Jam 335G,https://www.tesco.com/groceries/en-GB/products/303879746,1687617544.553042,"['£3.80', '£1.13/100g']",3.8,£1.13/100g
16772,Supermalt Ginger Beer 4X330ml,https://www.tesco.com/groceries/en-GB/products/304780313,1687617544.6212218,"['£3.50', '£0.26/100ml']",3.5,£0.26/100ml
16773,Schwartz Ground Cumin 37G,https://www.tesco.com/groceries/en-GB/products/301392414,1687617544.6930199,"['£2.00', '£54.05/kg']",2.0,£54.05/kg
16774,Tesco Organic Fair Trade Cashew Nuts 150G,https://www.tesco.com/groceries/en-GB/products/260942646,1687617544.7867641,"['£3.20', '£21.33/kg']",3.2,£21.33/kg
16775,Tesco Free From 6 Scotch Pancakes,https://www.tesco.com/groceries/en-GB/products/306497571,1687617544.854547,"['£2.20', '£0.37/each']",2.2,£0.37/each
16776,Urban Fruit Dried Mango Slices 100G,https://www.tesco.com/groceries/en-GB/products/262929382,1687617544.924959,"['£2.60', '£26.00/kg']",2.6,£26.00/kg
16777,Pizza Express House Salad Dressing 235Ml,https://www.tesco.com/groceries/en-GB/products/252756439,1687617545.024605,"['£2.30', '£0.98/100ml']",2.3,£0.98/100ml
16778,Nakd Cocoa Delight Bars 4 Pack 140G,https://www.tesco.com/groceries/en-GB/products/278339174,1687617545.112687,"['£3.00', '£2.14/100g']",3.0,£2.14/100g
16779,Najma Spanish Turkey Salami 80G,https://www.tesco.com/groceries/en-GB/products/297762616,1687617545.2002828,"['£1.70', '£2.12/100g']",1.7,£2.12/100g
16780,Tesco Strawberry & Banana Bars 5X30g,https://www.tesco.com/groceries/en-GB/products/301576635,1687617545.271562,"['£2.00', '£1.33/100g']",2.0,£1.33/100g
16781,Laciate Milk 2% 1 Litre,https://www.tesco.com/groceries/en-GB/products/263294438,1687617545.3390179,"['£1.20', '£1.20/litre']",1.2,£1.20/litre
16782,Natures Finest Tropical Fruit Salad In Juice 700G,https://www.tesco.com/groceries/en-GB/products/283996378,1687617545.408318,"['£2.75', '£7.33/kg DR.WT']",2.75,£7.33/kg DR.WT
16783,Mr Freeze Jubbly Jubbly Cola 8X62ml,https://www.tesco.com/groceries/en-GB/products/272478231,1687617545.484042,"['£1.65', '£0.33/100ml']",1.65,£0.33/100ml
16784,Eat Real Quinoa Chips Sour Cream & Chive 80G,https://www.tesco.com/groceries/en-GB/products/297904064,1687617545.552227,"['£2.00', '£2.50/100g']",2.0,£2.50/100g
16785,Tesco Poppy Seeds 100G,https://www.tesco.com/groceries/en-GB/products/271090212,1687617545.618751,"['£1.15', '£11.50/kg']",1.15,£11.50/kg
16786,Tesco Finest Free From Oat & Raisin Cookies 150G,https://www.tesco.com/groceries/en-GB/products/282622351,1687617545.712755,"['£2.35', '£1.57/100g']",2.35,£1.57/100g
16787,Mcvities Gluten Free Chocolate Hobnobs 150G,https://www.tesco.com/groceries/en-GB/products/293354392,1687617545.781615,"['£2.30', '£1.53/100g']",2.3,£1.53/100g
16788,Tulip Premium Cured Chicken Breast 200G,https://www.tesco.com/groceries/en-GB/products/280469086,1687617545.8707252,"['£2.00', '£1.00/100g']",2.0,£1.00/100g
16789,Maggi Liquid Seasoning Hot 100Ml,https://www.tesco.com/groceries/en-GB/products/266258944,1687617545.9458492,"['£1.40', '£1.40/100ml']",1.4,£1.40/100ml
16790,Kellogg's Fruit Winders Mango 5 X 17G,https://www.tesco.com/groceries/en-GB/products/312211705,1687617546.0157409,"['£1.50', '£17.65/kg']",1.5,£17.65/kg
16791,Sarsons Gravy Browning 150Ml,https://www.tesco.com/groceries/en-GB/products/274753098,1687617546.0833,"['£1.00', '£0.67/100ml']",1.0,£0.67/100ml
16792,Tesco Seedless Raisins 1Kg,https://www.tesco.com/groceries/en-GB/products/254915370,1687617546.154998,"['£2.45', '£2.45/kg']",2.45,£2.45/kg
16793,Rubicon Guava Juice Drink 1 Litre,https://www.tesco.com/groceries/en-GB/products/265415651,1687617546.227037,"['£1.70', '£0.17/100ml']",1.7,£0.17/100ml
16794,Tesco Original Rye Crisp Bread 250G,https://www.tesco.com/groceries/en-GB/products/294706637,1687617546.3148532,"['£1.10', '£0.44/100g']",1.1,£0.44/100g
16795,Tesco Peach In Mango Flavoured Jelly 4X120g,https://www.tesco.com/groceries/en-GB/products/276186011,1687617546.384833,"['£1.75', '£0.36/100g']",1.75,£0.36/100g
16796,Tesco Free From Custard Creams 125G,https://www.tesco.com/groceries/en-GB/products/308083896,1687617546.452565,"['£1.30', '£1.04/100g']",1.3,£1.04/100g
16797,Tesco Free From Gingerbread Men 154G,https://www.tesco.com/groceries/en-GB/products/304392571,1687617546.59306,"['£1.70', '£1.10/100g']",1.7,£1.10/100g
16798,Tesco Free From Cookies & Cream Biscuits 160G,https://www.tesco.com/groceries/en-GB/products/301210003,1687617546.696099,"['£1.60', '£1.00/100g']",1.6,£1.00/100g
16799,Mcvitie's Jaffa Cakes Cherry Flavoured Biscuits 10 Pack,https://www.tesco.com/groceries/en-GB/products/307750857,1687617546.7655702,"['£1.25', '£0.12/each']",1.25,£0.12/each
16800,Tesco Free From Curry Noodle Pot 74G,https://www.tesco.com/groceries/en-GB/products/293171901,1687617546.854505,"['£1.35', '£1.82/100g']",1.35,£1.82/100g
16801,Tesco Ras El Hanout Seasoning 50G,https://www.tesco.com/groceries/en-GB/products/292974310,1687617546.92188,"['£0.90', '£18.00/kg']",0.9,£18.00/kg
16802,Guylian Seashells Boxed Chocolates 65G,https://www.tesco.com/groceries/en-GB/products/260704812,1687617546.9901922,"['£1.60', '£2.46/100g']",1.6,£2.46/100g
16803,Cofresh Spicy Balti Mix 325G,https://www.tesco.com/groceries/en-GB/products/287547708,1687617547.057506,"['£1.00', '£0.31/100g']",1.0,£0.31/100g
16804,Tesco Ginger Preserve 340G,https://www.tesco.com/groceries/en-GB/products/280879009,1687617547.1308868,"['£1.00', '£0.29/100g']",1.0,£0.29/100g
16806,Twix White Chocolate Extra Single Twin 75G,https://www.tesco.com/groceries/en-GB/products/303836573,1687617547.280326,"['£0.90', '£1.20/100g']",0.9,£1.20/100g
16807,Tesco Finest Acacia Honey 340G,https://www.tesco.com/groceries/en-GB/products/264660996,1687617547.393145,"['£4.35', '£1.28/100g']",4.35,£1.28/100g
16808,Dr Oetker Fine Dark Cocoa Powder Tub 190G,https://www.tesco.com/groceries/en-GB/products/296457140,1687617547.4676108,"['£3.15', '£1.66/100g']",3.15,£1.66/100g
16809,Lizi's Low Sugar Maple & Pecan Granola 500G,https://www.tesco.com/groceries/en-GB/products/312091727,1687617547.540479,"['£4.00', '£0.80/100g']",4.0,£0.80/100g
16810,Dorset Cereals Honey Granola 500G,https://www.tesco.com/groceries/en-GB/products/297237375,1687617547.607986,"['£4.30', '£0.86/100g']",4.3,£0.86/100g
16811,Bonne Maman Wild Blueberry Conserve 370G,https://www.tesco.com/groceries/en-GB/products/250782975,1687617547.674218,"['£3.60', '£0.97/100g']",3.6,£0.97/100g
16812,Lee Kum Kee Teriyaki Sauce 200G,https://www.tesco.com/groceries/en-GB/products/276761603,1687617554.503267,"['£2.10', '£1.05/100g']",2.1,£1.05/100g
16813,Create A Cake Rainbow Muffin Cases 100,https://www.tesco.com/groceries/en-GB/products/309781673,1687617554.578895,"['£1.90', '£0.02/each']",1.9,£0.02/each
16814,Satono Yuki Tofu 300G,https://www.tesco.com/groceries/en-GB/products/276785903,1687617554.6596549,"['£1.90', '£6.33/kg']",1.9,£6.33/kg
16815,Baxters Pea Broccoli & Basil Pesto Soup 400G,https://www.tesco.com/groceries/en-GB/products/301442074,1687617554.735947,"['£2.20', '£0.55/100g']",2.2,£0.55/100g
16816,Baxters Root Vegetable Turmeric Soup 400G,https://www.tesco.com/groceries/en-GB/products/297597875,1687617554.8050911,"['£2.20', '£0.55/100g']",2.2,£0.55/100g
16817,Mamade Prepared Seville Oranges Thin Cut 850G,https://www.tesco.com/groceries/en-GB/products/254850756,1687617554.875543,"['£2.30', '£0.27/100g']",2.3,£0.27/100g
16818,Hartleys Strawberry 10Cal Multipack 6X175g,https://www.tesco.com/groceries/en-GB/products/297519347,1687617554.9704661,"['£2.99', '£0.28/100g']",2.99,£0.28/100g
16819,Biona Organic Chick Peas 400G,https://www.tesco.com/groceries/en-GB/products/306799283,1687617555.040755,"['£1.60', '£6.67/kg DR.WT']",1.6,£6.67/kg DR.WT
16820,Tesco Pistachios Roasted Salted Kernels 100G,https://www.tesco.com/groceries/en-GB/products/297348629,1687617555.114049,"['£3.30', '£3.30/100g']",3.3,£3.30/100g
16821,Morliny Berlinki Hot Dog With Cheese 250G,https://www.tesco.com/groceries/en-GB/products/290240905,1687617555.185719,"['£1.60', '£0.64/100g']",1.6,£0.64/100g
16822,Grace Mackerel Tomato Sauce Hot & Spicy 425G,https://www.tesco.com/groceries/en-GB/products/301555447,1687617555.256159,"['£2.00', '£0.47/100g']",2.0,£0.47/100g
16823,Tarczynski Kabanos Gryzzale Chicken 90G,https://www.tesco.com/groceries/en-GB/products/309201369,1687617555.3353128,"['£2.10', '£2.33/100g']",2.1,£2.33/100g
16824,Tesco Hot Fajita Seasoning 30G,https://www.tesco.com/groceries/en-GB/products/292761880,1687617555.4042869,"['£0.85', '£0.28/10g']",0.85,£0.28/10g
16825,Tymbark Apple Watermelon Drink 250Ml,https://www.tesco.com/groceries/en-GB/products/271636167,1687617555.472922,"['£0.70', '£0.28/100ml']",0.7,£0.28/100ml
16826,Pimlico Vegetarian Fizzy Fruit Flavoured Jelly Sweets 450G,https://www.tesco.com/groceries/en-GB/products/287508992,1687617555.5396428,"['£2.50', '£0.56/100g']",2.5,£0.56/100g
16827,Tesco Ready To Roll Icing Green 250G,https://www.tesco.com/groceries/en-GB/products/284952291,1687617555.60798,"['£1.80', '£0.72/100g']",1.8,£0.72/100g
16828,Tesco Brown Flaxseeds 250G,https://www.tesco.com/groceries/en-GB/products/260259912,1687617555.6781309,"['£1.20', '£4.80/kg']",1.2,£4.80/kg
16829,Nissin Big Soba Wok Style Cup Noodles Classic 113G,https://www.tesco.com/groceries/en-GB/products/313729996,1687617555.748095,"['£1.99', '£17.61/kg']",1.99,£17.61/kg
16830,Colman's Salt & Pepper Chicken Recipe Mix 23G,https://www.tesco.com/groceries/en-GB/products/311672039,1687617555.825356,"['£1.00', '£4.35/100g']",1.0,£4.35/100g
16831,Sharwoods Stir Fry Sauce 30% Less Sugar Sweet & Sour 120G,https://www.tesco.com/groceries/en-GB/products/307748947,1687617555.893664,"['£1.20', '£1.00/100g']",1.2,£1.00/100g
16832,Quaker Porridge To Go Cinnamon Bar 2X55g,https://www.tesco.com/groceries/en-GB/products/301467718,1687617556.019603,"['£1.75', '£1.59/100g']",1.75,£1.59/100g
16834,Rubicon Sparklng Passion Juice Drink 2 Litre,https://www.tesco.com/groceries/en-GB/products/275454836,1687617556.216892,"['£1.80', '£0.09/100ml']",1.8,£0.09/100ml
16835,Nestle Kit Kat Chunky Caramel Snack Size Chocolate Bars Multipack 4 X 35g,https://www.tesco.com/groceries/en-GB/products/311444903,1687617556.291013,"['£1.50', '£1.07/100g']",1.5,£1.07/100g
16836,Jutrzenka Familijne Cream Wafers 180G,https://www.tesco.com/groceries/en-GB/products/262287529,1687617556.36014,"['£0.95', '£0.53/100g']",0.95,£0.53/100g
16837,Tesco Makrut Lime Leaves 1G ..,https://www.tesco.com/groceries/en-GB/products/300456105,1687617556.430013,"['£0.90', '£9.00/10g']",0.9,£9.00/10g
16838,Schwartz Wrap It Takeaway Kebab 30G,https://www.tesco.com/groceries/en-GB/products/308091759,1687617556.4985511,"['£0.95', '£3.17/100g']",0.95,£3.17/100g
16839,Tesco Free From 4 Chocolate Cupcakes,https://www.tesco.com/groceries/en-GB/products/308109689,1687617556.592556,"['£2.50', '£0.62/each']",2.5,£0.62/each
16840,Tesco Whole Wheat Cous Cous 500G,https://www.tesco.com/groceries/en-GB/products/262365915,1687617556.678208,"['£1.15', '£2.30/kg']",1.15,£2.30/kg
16841,Meridian 100% Almond Butter Smooth 470G,https://www.tesco.com/groceries/en-GB/products/308455179,1687617556.755532,"['£7.35', '£1.56/100g']",7.35,£1.56/100g
16842,Pure Via Sweet Granules With Stevia Leaf 250G,https://www.tesco.com/groceries/en-GB/products/304116992,1687617556.911864,"['£4.60', '£18.40/kg']",4.6,£18.40/kg
16843,Tesco Fruit & Nut Mix With Cranberry 300G,https://www.tesco.com/groceries/en-GB/products/271074589,1687617556.987484,"['£3.60', '£12.00/kg']",3.6,£12.00/kg
16844,Fulfil Salted Caramel Vitamin Protein Bar 55G,https://www.tesco.com/groceries/en-GB/products/302088255,1687617557.0642738,"['£2.70', '£4.91/100g']",2.7,£4.91/100g
16845,Cadbury Chocolate Icing 400G,https://www.tesco.com/groceries/en-GB/products/304373381,1687617557.1400168,"['£3.00', '£0.01/kg']",3.0,£0.01/kg
16846,Ben's Original Boil In Bag Wholegrain Rice 4 Pack 500G,https://www.tesco.com/groceries/en-GB/products/309189793,1687617557.215059,"['£3.15', '£6.30/kg']",3.15,£6.30/kg
16847,Kikkoman Soy Sauce Less Salt 150Ml,https://www.tesco.com/groceries/en-GB/products/262284763,1687617557.296063,"['£3.00', '£2.00/100ml']",3.0,£2.00/100ml
16848,Tesco Almonds 250G,https://www.tesco.com/groceries/en-GB/products/271074330,1687617557.385119,"['£2.75', '£11.00/kg']",2.75,£11.00/kg
16849,Filippo Berio Sundried Tomato Pesto 190G,https://www.tesco.com/groceries/en-GB/products/283222342,1687617557.461924,"['£2.80', '£1.47/100g']",2.8,£1.47/100g
16850,Fruit Bowl Unicorn Fruit Flakes 5X18g,https://www.tesco.com/groceries/en-GB/products/304371671,1687617557.53454,"['£2.25', '£2.50/100g']",2.25,£2.50/100g
16851,Schwartz Clasic Bbq Seasoning 44G,https://www.tesco.com/groceries/en-GB/products/254777561,1687617557.613111,"['£2.00', '£45.46/kg']",2.0,£45.46/kg
16853,Wild West Original Beef Jerky 60G,https://www.tesco.com/groceries/en-GB/products/312339923,1687617557.9412029,"['£3.00', '£50.00/kg']",3.0,£50.00/kg
16854,Whitworths Protein By Nature Indian Lentil Dhal 250G,https://www.tesco.com/groceries/en-GB/products/307745265,1687617558.020294,"['£2.30', '£9.20/kg']",2.3,£9.20/kg
16855,Tesco Finest Fruit Nut & Seed Muesli 500G,https://www.tesco.com/groceries/en-GB/products/300455544,1687617558.091486,"['£2.80', '£0.56/100g']",2.8,£0.56/100g
16856,Whitworths Protein Mexican Spicy Grains 250G,https://www.tesco.com/groceries/en-GB/products/307757527,1687617558.15818,"['£2.30', '£9.20/kg']",2.3,£9.20/kg
16857,Dr. Oetker Decorating Icing White 50G,https://www.tesco.com/groceries/en-GB/products/307143758,1687617558.232095,"['£1.60', '£3.20/100g']",1.6,£3.20/100g
16858,Marigold Organic Vegetable Vegan Bouillon Powder 140G,https://www.tesco.com/groceries/en-GB/products/305051236,1687617558.3012009,"['£2.50', '£1.79/100g']",2.5,£1.79/100g
16859,Bisto Microwave Ready Gravy Pots 2X100g,https://www.tesco.com/groceries/en-GB/products/307359083,1687617558.370071,"['£2.50', '£1.25/100g']",2.5,£1.25/100g
16860,Black Energy Drink 250Ml,https://www.tesco.com/groceries/en-GB/products/262194368,1687617564.346737,"['£0.75', '£0.30/100ml']",0.75,£0.30/100ml
16861,Wicked Kitchen Late Night Noodles 90G,https://www.tesco.com/groceries/en-GB/products/307349158,1687617564.4208798,"['£1.30', '£14.44/kg']",1.3,£14.44/kg
16862,Cofresh Hot Chilli Potato Crinkles 80G,https://www.tesco.com/groceries/en-GB/products/287593497,1687617564.493739,"['£0.70', '£0.88/100g']",0.7,£0.88/100g
16863,Tesco Silverskin Pearl Onions 340G,https://www.tesco.com/groceries/en-GB/products/300238364,1687617564.573798,"['£0.90', '£0.44/100g DR.WT']",0.9,£0.44/100g DR.WT
16864,Mazola Pure Corn Oil 1L,https://www.tesco.com/groceries/en-GB/products/261111227,1687617564.646218,"['£4.00', '£0.40/100ml']",4.0,£0.40/100ml
16865,Biona Organic Kimchi 350G,https://www.tesco.com/groceries/en-GB/products/301957087,1687617564.715565,"['£4.75', '£2.16/100g DR.WT']",4.75,£2.16/100g DR.WT
16866,Bonne Maman Cherry Compote 385G,https://www.tesco.com/groceries/en-GB/products/302513352,1687617564.83357,"['£3.75', '£0.97/100g']",3.75,£0.97/100g
16867,Mary Berrys Salad Dressing 235Ml,https://www.tesco.com/groceries/en-GB/products/263979084,1687617564.90725,"['£3.45', '£1.47/100ml']",3.45,£1.47/100ml
16868,Filippo Berio Tomato & Ricotta Pesto 190G,https://www.tesco.com/groceries/en-GB/products/312090645,1687617564.976702,"['£2.80', '£1.47/100g']",2.8,£1.47/100g
16869,Betty Crocker Cream Cheese Icing 400G,https://www.tesco.com/groceries/en-GB/products/288730449,1687617565.044271,"['£3.00', '£0.75/100g']",3.0,£0.75/100g
16870,Gilberts Chopped Liver 450G,https://www.tesco.com/groceries/en-GB/products/256934620,1687617565.1363862,"['£6.50', '£1.44/100g']",6.5,£1.44/100g
16871,Old El Paso Mild Smoky Bbq Tortilla Pockets Kit 380G,https://www.tesco.com/groceries/en-GB/products/309166479,1687617565.214747,"['£3.03', '£0.80/100g']",3.03,£0.80/100g
16872,Yutaka Japanese Rice Vinegar 150Ml,https://www.tesco.com/groceries/en-GB/products/309480142,1687617565.286837,"['£2.10', '£1.40/100ml']",2.1,£1.40/100ml
16873,Encona Original Hot Pepper Sauce 285Ml,https://www.tesco.com/groceries/en-GB/products/254851818,1687617565.3549912,"['£2.15', '£0.75/100ml']",2.15,£0.75/100ml
16874,Lindt Classic Recipe Vegan Hazelnut Chocolate 100G,https://www.tesco.com/groceries/en-GB/products/310655816,1687617565.423023,"['£3.20', '£3.20/100g']",3.2,£3.20/100g
16875,Pizza Express Vegan House Light Dressing 235Ml,https://www.tesco.com/groceries/en-GB/products/303719469,1687617565.515392,"['£2.30', '£0.98/100ml']",2.3,£0.98/100ml
16876,Wicked Kitchen Jackfruit Dhal & Rice 300G,https://www.tesco.com/groceries/en-GB/products/308080093,1687617565.606071,"['£2.30', '£7.67/kg']",2.3,£7.67/kg
16877,Rajah Jeera Ground Cumin 400G,https://www.tesco.com/groceries/en-GB/products/297569500,1687617565.6818292,"['£2.00', '£0.05/10g']",2.0,£0.05/10g
16878,Wright's Baking Ginger Cake Mix 500G,https://www.tesco.com/groceries/en-GB/products/304413087,1687617565.7492712,"['£2.40', '£4.80/kg']",2.4,£4.80/kg
16879,Tesco Free From 5 Oaty Bakes 150G,https://www.tesco.com/groceries/en-GB/products/308495472,1687617565.848052,"['£2.00', '£1.33/100g']",2.0,£1.33/100g
16880,Tymbark Multifruit Drink 2 Litre,https://www.tesco.com/groceries/en-GB/products/260861417,1687617565.918001,"['£2.55', '£0.13/100ml']",2.55,£0.13/100ml
16881,Prewetts Gluten Free Jammy Wheel 160G,https://www.tesco.com/groceries/en-GB/products/293506933,1687617565.987937,"['£2.00', '£1.25/100g']",2.0,£1.25/100g
16882,Heinz Turkish Style Garlic Sauce 420G,https://www.tesco.com/groceries/en-GB/products/311793535,1687617566.0596402,"['£2.50', '£0.60/100g']",2.5,£0.60/100g
16883,Create A Cake Classic Cupcake Cases 50S,https://www.tesco.com/groceries/en-GB/products/305048045,1687617566.131438,"['£1.50', '£0.03/each']",1.5,£0.03/each
16884,Passage To Asia Satay Chicken Stir Fry Sauce 200G,https://www.tesco.com/groceries/en-GB/products/301374091,1687617566.203577,"['£2.30', '£1.15/100g']",2.3,£1.15/100g
16885,Mallow & Marsh Vanilla Marshmallow Milk Chocolate 100G,https://www.tesco.com/groceries/en-GB/products/309494108,1687617566.2720199,"['£2.50', '£2.50/100g']",2.5,£2.50/100g
16886,Graal Mackerel Fillets In Tomato 170G,https://www.tesco.com/groceries/en-GB/products/297490062,1687617566.341076,"['£1.55', '£0.91/100g']",1.55,£0.91/100g
16887,Tabasco Mild Green Pepper Sauce 57Ml,https://www.tesco.com/groceries/en-GB/products/251310502,1687617566.419301,"['£1.99', '£3.49/100ml']",1.99,£3.49/100ml
16888,Phd Smart Bar Chocolate Peanut Butter 64G,https://www.tesco.com/groceries/en-GB/products/297813851,1687617566.510446,"['£2.25', '£3.52/100g']",2.25,£3.52/100g
16889,Dr Witt Multivitamins Metabolism Drink 1 Litre,https://www.tesco.com/groceries/en-GB/products/280845706,1687617566.614762,"['£1.75', '£0.18/100ml']",1.75,£0.18/100ml
16890,Urban Fruit Snack Pack Strawberry 35G,https://www.tesco.com/groceries/en-GB/products/292559860,1687617566.756342,"['£1.10', '£3.14/100g']",1.1,£3.14/100g
16891,Walkers Monster Munch Mega Roast Beef Snack 40G,https://www.tesco.com/groceries/en-GB/products/264443123,1687617566.8820422,"['£1.00', '£2.50/100g']",1.0,£2.50/100g
16892,Boromir Buzau Pretzels 250G,https://www.tesco.com/groceries/en-GB/products/282027186,1687617567.009716,"['£1.70', '£0.68/100g']",1.7,£0.68/100g
16893,Schwartz Spicy Cajun Chicken Mix 30G,https://www.tesco.com/groceries/en-GB/products/301556509,1687617567.083334,"['£0.95', '£3.17/100g']",0.95,£3.17/100g
16894,Cofresh Corn Flake Mix 325G,https://www.tesco.com/groceries/en-GB/products/287549038,1687617567.185171,"['£1.00', '£0.31/100g']",1.0,£0.31/100g
16895,Milka Bubbly Milk&White 95G,https://www.tesco.com/groceries/en-GB/products/301578079,1687617567.262444,"['£1.20', '£1.26/100g']",1.2,£1.26/100g
16896,Milka Oreo Chocolate Bar 100G,https://www.tesco.com/groceries/en-GB/products/309197472,1687617567.334851,"['£1.20', '£1.20/100g']",1.2,£1.20/100g
16897,Nestle Cerelac Honey & Wheat Baby Food 1Kg,https://www.tesco.com/groceries/en-GB/products/272191886,1687617567.403591,"['£9.50', '£0.95/100g']",9.5,£0.95/100g
16898,"Linwoods Milled Flax, Nuts & Q10 360G",https://www.tesco.com/groceries/en-GB/products/284459086,1687617567.478291,"['£5.80', '£16.11/kg']",5.8,£16.11/kg
16899,Skinny Brands Lager 4X330ml,https://www.tesco.com/groceries/en-GB/products/297686430,1687617567.5655491,"['£5.75', '£4.36/litre']",5.75,£4.36/litre
16900,Tesco Smoky Bbq Fajita Kit 475G,https://www.tesco.com/groceries/en-GB/products/301419729,1687617567.647413,"['£2.60', '£5.47/kg']",2.6,£5.47/kg
16901,Tesco Finest Makhani Curry Sauce 340G,https://www.tesco.com/groceries/en-GB/products/311214116,1687617567.7461069,"['£2.50', '£0.74/100g']",2.5,£0.74/100g
16902,Yutaka Natural Sushi Ginger 120G,https://www.tesco.com/groceries/en-GB/products/296869141,1687617567.904761,"['£2.15', '£1.79/100g']",2.15,£1.79/100g
16903,Mentos Gum Pure Fresh Freshmint Bottle 50Pc 100G,https://www.tesco.com/groceries/en-GB/products/285420101,1687617568.116238,"['£2.80', '£2.80/100g']",2.8,£2.80/100g
16904,Sacla Ripened Tomato & Mascarpone Stir In 190G,https://www.tesco.com/groceries/en-GB/products/257153033,1687617568.1916642,"['£2.29', '£1.20/100g']",2.29,£1.20/100g
16905,Tahira Hot & Spicy Beef & Chicken Sausages 500G,https://www.tesco.com/groceries/en-GB/products/265496588,1687617568.264075,"['£2.75', '£0.55/100g']",2.75,£0.55/100g
16906,Princes Drained Tuna Steak In Brine 3X60g,https://www.tesco.com/groceries/en-GB/products/310143351,1687617568.3351932,"['£2.75', '£1.53/100g']",2.75,£1.53/100g
16907,Encona Carolina Reaper Chilli 142Ml,https://www.tesco.com/groceries/en-GB/products/296231855,1687617568.403203,"['£1.65', '£1.16/100ml']",1.65,£1.16/100ml
16908,John West Honey & Ginger Super Tuna Salad 220G,https://www.tesco.com/groceries/en-GB/products/310695935,1687617574.144861,"['£2.60', '£11.82/kg']",2.6,£11.82/kg
16909,Betty Crocker Rainbow Cookie 495G,https://www.tesco.com/groceries/en-GB/products/307745870,1687617574.219616,"['£3.00', '£6.06/kg']",3.0,£6.06/kg
16910,Canderel Stevia Blend Granules 200G,https://www.tesco.com/groceries/en-GB/products/305435566,1687617574.316981,"['£3.10', '£15.50/kg']",3.1,£15.50/kg
16911,Tesco Finest Oil Garlic & Chilli For Dipping250ml,https://www.tesco.com/groceries/en-GB/products/279422684,1687617574.4188328,"['£4.10', '£1.64/100ml']",4.1,£1.64/100ml
16912,Risotto Gallo Risotto Pronto 4 Cheese 175G,https://www.tesco.com/groceries/en-GB/products/267030100,1687617574.486815,"['£2.65', '£0.02/kg']",2.65,£0.02/kg
16913,Simply Cook Vietnamese Pork Cooking Kit 85G,https://www.tesco.com/groceries/en-GB/products/304390256,1687617574.6022232,"['£2.50', '£2.50/each']",2.5,£2.50/each
16914,Wagamama Vegan Katsu Mayonnaise 240G,https://www.tesco.com/groceries/en-GB/products/311221770,1687617574.671859,"['£2.25', '£0.94/100g']",2.25,£0.94/100g
16915,Island Sun Red Kidney Beans 2Kg,https://www.tesco.com/groceries/en-GB/products/266323625,1687617574.7437282,"['£3.75', '£1.88/kg']",3.75,£1.88/kg
16916,Milky Way Dairy Free Bar With Popping Candy 85G,https://www.tesco.com/groceries/en-GB/products/310179697,1687617574.812059,"['£2.75', '£3.24/100g']",2.75,£3.24/100g
16917,Moo Free White Cocoa Baking Drops 100G,https://www.tesco.com/groceries/en-GB/products/307140940,1687617574.882069,"['£1.80', '£1.80/100g']",1.8,£1.80/100g
16918,Create A Cake Round Cake Tin Liners 25,https://www.tesco.com/groceries/en-GB/products/309483415,1687617574.952144,"['£2.60', '£0.10/each']",2.6,£0.10/each
16919,Dr Oetker Ground Arrowroot Sachets,https://www.tesco.com/groceries/en-GB/products/275954705,1687617575.0330849,"['£1.40', '£29.17/kg']",1.4,£29.17/kg
16920,Tao Kae Noi Tempura Seaweed Spicy Flavoured 40G,https://www.tesco.com/groceries/en-GB/products/281936246,1687617575.101921,"['£1.90', '£4.75/100g']",1.9,£4.75/100g
16921,Tesco Lemongrass Paste 95G,https://www.tesco.com/groceries/en-GB/products/304396716,1687617575.1707132,"['£1.50', '£15.79/kg']",1.5,£15.79/kg
16922,Snack A Jacks Salt & Vinegar Rice Cakes 23G,https://www.tesco.com/groceries/en-GB/products/301456904,1687617575.2405,"['£0.95', '£4.13/100g']",0.95,£4.13/100g
16923,E.Wedel Milk Chocolate With Strawberry 100G,https://www.tesco.com/groceries/en-GB/products/262109356,1687617575.35295,"['£1.00', '£1.00/100g']",1.0,£1.00/100g
16924,Schwartz Loaded Fries Texan Bbq Seasoning Mix 20G,https://www.tesco.com/groceries/en-GB/products/308093354,1687617575.422973,"['£0.95', '£4.75/100g']",0.95,£4.75/100g
16925,Nakd Cocoa Delight 35G,https://www.tesco.com/groceries/en-GB/products/278942260,1687617575.51868,"['£1.00', '£2.86/100g']",1.0,£2.86/100g
16926,Akash Gold Basmati Rice 10Kg,https://www.tesco.com/groceries/en-GB/products/303484907,1687617575.666038,"['£18.50', '£1.85/kg']",18.5,£1.85/kg
16927,Tesco Sandwich Tin 20Cm,https://www.tesco.com/groceries/en-GB/products/309629400,1687617575.734825,"['£3.00', '£3.00/each']",3.0,£3.00/each
16928,Filippo Berio Chilli Flavoured Olive Oil 250Ml,https://www.tesco.com/groceries/en-GB/products/287129812,1687617575.802579,"['£6.00', '£2.40/100ml']",6.0,£2.40/100ml
16929,Linwoods Shelled Hemp 200G,https://www.tesco.com/groceries/en-GB/products/307145883,1687617575.8738198,"['£5.50', '£27.50/kg']",5.5,£27.50/kg
16930,Filippo Berio Truffle Pesto 190G,https://www.tesco.com/groceries/en-GB/products/311423773,1687617575.94121,"['£4.50', '£2.37/100g']",4.5,£2.37/100g
16931,Tesco Spring Form Cake Tin 23Cm,https://www.tesco.com/groceries/en-GB/products/309629469,1687617576.008897,"['£5.00', '£5.00/each']",5.0,£5.00/each
16932,John West Skinless & Boneless Wild Pink Salmon 3 X 80G,https://www.tesco.com/groceries/en-GB/products/312988874,1687617576.0784771,"['£4.25', '£2.53/100g DR.WT']",4.25,£2.53/100g DR.WT
16933,Mazola Rapeseed Oil 1Ltr,https://www.tesco.com/groceries/en-GB/products/297105284,1687617576.150523,"['£4.00', '£0.40/100ml']",4.0,£0.40/100ml
16934,Belazu Sherry Reserva Vinegar 250Ml,https://www.tesco.com/groceries/en-GB/products/311784984,1687617576.238967,"['£4.75', '£1.90/100ml']",4.75,£1.90/100ml
16935,Blue Dragon Sesame Oil 150Ml,https://www.tesco.com/groceries/en-GB/products/257895122,1687617576.312449,"['£2.70', '£1.80/100ml']",2.7,£1.80/100ml
16936,Kikkoman Teriyaki Sauce Sesame 250Ml,https://www.tesco.com/groceries/en-GB/products/303126935,1687617576.3877509,"['£3.25', '£1.30/100ml']",3.25,£1.30/100ml
16937,Rude Health Organic Ultimate Granola 400G,https://www.tesco.com/groceries/en-GB/products/311443607,1687617576.456961,"['£3.50', '£0.88/100g']",3.5,£0.88/100g
16938,Nakd Cocoa Twist Bar 4X30g,https://www.tesco.com/groceries/en-GB/products/297754471,1687617576.536586,"['£3.00', '£2.50/100g']",3.0,£2.50/100g
16940,Tesco Ready To Roll Coloured Icing Yellow 250G,https://www.tesco.com/groceries/en-GB/products/278584850,1687617576.695532,"['£1.80', '£0.72/100g']",1.8,£0.72/100g
16941,Ben's Plant Powered Chilli Non Carne 285G,https://www.tesco.com/groceries/en-GB/products/311252220,1687617576.8379781,"['£2.50', '£8.77/kg']",2.5,£8.77/kg
16942,Sarsons Pickling Malt Vinegar 950Ml,https://www.tesco.com/groceries/en-GB/products/309474927,1687617576.9184582,"['£2.00', '£0.21/100ml']",2.0,£0.21/100ml
16943,Kp Salt & Vinegar Peanuts 5X30g,https://www.tesco.com/groceries/en-GB/products/310678835,1687617576.994907,"['£3.25', '£2.17/100g']",3.25,£2.17/100g
16944,Lorenz Crunchips Green Onion 140G,https://www.tesco.com/groceries/en-GB/products/302378148,1687617577.0959291,"['£2.00', '£1.43/100g']",2.0,£1.43/100g
16945,Passage To Asia Hoi Sin & Garlic Stir Fry 200G,https://www.tesco.com/groceries/en-GB/products/306927236,1687617577.16957,"['£2.30', '£1.15/100g']",2.3,£1.15/100g
16946,Tesco Focaccia Bread Mix 500G 500G,https://www.tesco.com/groceries/en-GB/products/311276762,1687617577.245941,"['£1.20', '£2.40/kg']",1.2,£2.40/kg
16947,Tesco Chocolate Cupcake Kit 315G,https://www.tesco.com/groceries/en-GB/products/271004685,1687617577.327978,"['£1.90', '£6.03/kg']",1.9,£6.03/kg
16948,Red's Buffalo Hot Wings Sauce 290G,https://www.tesco.com/groceries/en-GB/products/296186643,1687617577.479903,"['£2.25', '£0.78/100g']",2.25,£0.78/100g
16949,Encona Jamaican Style Jerk Marinade 220Ml,https://www.tesco.com/groceries/en-GB/products/311265700,1687617577.6222122,"['£1.85', '£0.84/100ml']",1.85,£0.84/100ml
16950,Phd Smart Bar Cookies & Cream 64G,https://www.tesco.com/groceries/en-GB/products/299488172,1687617577.700657,"['£2.25', '£3.52/100g']",2.25,£3.52/100g
16951,Duda Mini Tyrolska 300G,https://www.tesco.com/groceries/en-GB/products/304415684,1687617577.790417,"['£1.75', '£0.58/100g']",1.75,£0.58/100g
16952,Mother Africa Nigerian Palm Oil 2 Litre,https://www.tesco.com/groceries/en-GB/products/272206784,1687617577.863468,"['£5.00', '£0.25/100ml']",5.0,£0.25/100ml
16953,Mieszko Pralines Original Chocolate Truffles With Rum 230G,https://www.tesco.com/groceries/en-GB/products/310674442,1687617577.93149,"['£1.60', '£0.70/100g']",1.6,£0.70/100g
16954,Good4u Protein Salad Topper Garlic & Chilli 125G,https://www.tesco.com/groceries/en-GB/products/302308837,1687617577.9996538,"['£2.00', '£1.60/100g']",2.0,£1.60/100g
16955,Capsicana Latin Tomato & Coconut Fajita Kit 455G,https://www.tesco.com/groceries/en-GB/products/313843543,1687617584.668266,"['£4.20', '£9.23/kg']",4.2,£9.23/kg
16956,Capsicana Mexican Smoky Chipotle Fajita Kit 455G,https://www.tesco.com/groceries/en-GB/products/313517705,1687617584.780666,"['£4.20', '£9.23/kg']",4.2,£9.23/kg
16957,Capsicana Mexican Chilli & Honey Fajita Kit 455G,https://www.tesco.com/groceries/en-GB/products/313743137,1687617584.87765,"['£4.20', '£9.23/kg']",4.2,£9.23/kg
16958,Tesco Finest Three Cheese Concentrated Sauce 260G,https://www.tesco.com/groceries/en-GB/products/312996207,1687617584.9776692,"['£1.75', '£0.67/100g']",1.75,£0.67/100g
16959,Plantastic Creamy Pasta Sauce Tomato & Pepper 350G,https://www.tesco.com/groceries/en-GB/products/313525655,1687617585.046428,"['£2.80', '£0.80/100g']",2.8,£0.80/100g
16960,Plantastic Creamy Pasta Sauce Spicy Cajun 350G,https://www.tesco.com/groceries/en-GB/products/313388237,1687617585.118985,"['£2.80', '£0.80/100g']",2.8,£0.80/100g
16961,Kit Kat 4 Finger Vegan Chocolate Bar 41.5G,https://www.tesco.com/groceries/en-GB/products/312984193,1687617585.186102,"['£1.00', '£2.41/100g']",1.0,£2.41/100g
16962,Mcvities Digestives Original Twin Pack 2 X 360G,https://www.tesco.com/groceries/en-GB/products/313848238,1687617585.2981498,"['£2.30', '£3.19/kg']",2.3,£3.19/kg
16963,Ben's Original Spanish Paella Style One Pan Creations 250G,https://www.tesco.com/groceries/en-GB/products/312849481,1687617585.3686411,"['£2.00', '£8.00/kg']",2.0,£8.00/kg
16964,Ben's Original One Pan Nasi Goreng Style Rice 250G,https://www.tesco.com/groceries/en-GB/products/312580336,1687617585.458675,"['£2.00', '£8.00/kg']",2.0,£8.00/kg
16965,Ben's Original One Pan Szechuan Fried Rice 250G,https://www.tesco.com/groceries/en-GB/products/312846576,1687617585.551948,"['£2.00', '£8.00/kg']",2.0,£8.00/kg
16966,Ben's Original One Pan Indian Style Biryani 250G,https://www.tesco.com/groceries/en-GB/products/312346091,1687617585.644726,"['£2.00', '£8.00/kg']",2.0,£8.00/kg
16967,Mcvitie's Digestive Original 360G,https://www.tesco.com/groceries/en-GB/products/313832055,1687617585.745664,"['£1.60', '£4.44/kg']",1.6,£4.44/kg
16968,Go Ahead Yogurt Breaks Strawberry 4Pack 142G,https://www.tesco.com/groceries/en-GB/products/313382051,1687617585.817406,"['£1.75', '£12.32/kg']",1.75,£12.32/kg
16969,Go Ahead Yogurt Break Forest Fruit 4 Pack 142G,https://www.tesco.com/groceries/en-GB/products/313842423,1687617585.911137,"['£1.75', '£12.32/kg']",1.75,£12.32/kg
16970,Popworks Sweet Bbq Popped Crisps 85G,https://www.tesco.com/groceries/en-GB/products/312097471,1687617586.002285,"['£2.25', '£2.65/100g']",2.25,£2.65/100g
16971,Tesco Tomato & Chilli Stir In Sauce 155G,https://www.tesco.com/groceries/en-GB/products/312711718,1687617586.125855,"['£0.95', '£0.61/100g']",0.95,£0.61/100g
16972,Mcvitie's Digestive The Light One 250G,https://www.tesco.com/groceries/en-GB/products/313750952,1687617586.198839,"['£1.50', '£6.00/kg']",1.5,£6.00/kg
16974,Go Ahead Fruit Crispy Slices 4Pack 174G,https://www.tesco.com/groceries/en-GB/products/313848244,1687617586.363738,"['£1.00', '£5.75/kg']",1.0,£5.75/kg
16975,Go Ahead Apple Crispy Fruit Slices 4 Pack 174G,https://www.tesco.com/groceries/en-GB/products/313845987,1687617586.4335601,"['£1.00', '£5.75/kg']",1.0,£5.75/kg
16976,Cadbury Twirl Xtra Chocolate Duo Bars 54G,https://www.tesco.com/groceries/en-GB/products/313507268,1687617586.502062,"['£0.90', '£1.67/100g']",0.9,£1.67/100g
16977,Kit Kat Chunky Lotus Biscoff White Chocolate 42G,https://www.tesco.com/groceries/en-GB/products/313733339,1687617586.6118798,"['£0.70', '£1.67/100g']",0.7,£1.67/100g
16978,Kit Kat 4 Finger Caramel Milk Chocolate Bar 41.5G,https://www.tesco.com/groceries/en-GB/products/313744332,1687617586.7296169,"['£0.70', '£1.69/100g']",0.7,£1.69/100g
16979,Mcvitie's Gold Bar 14 Pack 2X124g,https://www.tesco.com/groceries/en-GB/products/313842233,1687617586.841624,"['£2.30', '£9.27/kg']",2.3,£9.27/kg
16980,Tesco Finest Salted Caramel Truffles 140G,https://www.tesco.com/groceries/en-GB/products/278557727,1687617586.913642,"['£6.75', '£4.82/100g']",6.75,£4.82/100g
16981,Napolina Spaghetti Pasta 1Kg,https://www.tesco.com/groceries/en-GB/products/313368316,1687617587.006764,"['£2.50', '£2.50/kg']",2.5,£2.50/kg
16982,Polli Garlic Cloves In Oil With Herbs 190G,https://www.tesco.com/groceries/en-GB/products/313625675,1687617587.074354,"['£2.35', '£0.12/10g']",2.35,£0.12/10g
16983,Tesco Finest Marc De Champagne Boxed Truffles 140G,https://www.tesco.com/groceries/en-GB/products/278558029,1687617587.154924,"['£6.75', '£4.82/100g']",6.75,£4.82/100g
16984,Rubies In The Rubble Ketchup 485G,https://www.tesco.com/groceries/en-GB/products/313944887,1687617587.2442691,"['£3.20', '£0.66/100g']",3.2,£0.66/100g
16985,Cadbury Dairy Milk Fruitier & Nuttier Orange Trail Mix 100G,https://www.tesco.com/groceries/en-GB/products/313950773,1687617587.311211,"['£2.50', '£2.50/100g']",2.5,£2.50/100g
16986,Cadbury Dairy Milk Fruitier & Nuttier Trail Mix 100G,https://www.tesco.com/groceries/en-GB/products/314108416,1687617587.452957,"['£2.50', '£2.50/100g']",2.5,£2.50/100g
16987,Cadbury Fruitier & Nuttier Trail Mix 3X35g,https://www.tesco.com/groceries/en-GB/products/313956283,1687617587.527943,"['£2.50', '£2.38/100g']",2.5,£2.38/100g
16988,Tesco Sultanas 1Kg,https://www.tesco.com/groceries/en-GB/products/259169098,1687617587.5951731,"['£2.45', '£2.45/kg']",2.45,£2.45/kg
16989,Capsicana Paprika Brazilian Bbq Wrap Seasoning Mix 28G,https://www.tesco.com/groceries/en-GB/products/313949361,1687617587.6771572,"['£1.35', '£0.48/10g']",1.35,£0.48/10g
16990,Capsicana Mexican Tasty Taco Jalapeno & Spices Seasoning Mix 28G,https://www.tesco.com/groceries/en-GB/products/313967984,1687617587.755094,"['£1.35', '£0.48/10g']",1.35,£0.48/10g
16991,Capsicana Sizzling Steak Garlic Seasoning Mix Argentinian 28G,https://www.tesco.com/groceries/en-GB/products/313941749,1687617587.8234298,"['£1.35', '£0.48/10g']",1.35,£0.48/10g
16992,Capsicana Mexican Chipotle Fajita Cumin Seasoning Mix 28G,https://www.tesco.com/groceries/en-GB/products/313004736,1687617587.892375,"['£1.35', '£0.48/10g']",1.35,£0.48/10g
16993,Napolina Linguine 500G,https://www.tesco.com/groceries/en-GB/products/312847523,1687617587.959184,"['£1.50', '£3.00/kg']",1.5,£3.00/kg
16994,Cadbury Curly Wurly 5 Pack 107.5G,https://www.tesco.com/groceries/en-GB/products/311679994,1687617588.038919,"['£1.25', '£1.16/100g']",1.25,£1.16/100g
16995,Mcvities Penguin Original Milk Chocolate Biscuit 7Pk 172.2G,https://www.tesco.com/groceries/en-GB/products/313858261,1687617588.109801,"['£1.50', '£8.71/kg']",1.5,£8.71/kg
16996,Heinz Plant-Based Baked Beanz & Vegan Sausages 415G,https://www.tesco.com/groceries/en-GB/products/313386916,1687617588.1834161,"['£2.00', '£0.00/kg']",2.0,£0.00/kg
16997,Cadbury Delights Nougat Salted Caramel Chocolate 5X22g,https://www.tesco.com/groceries/en-GB/products/313616761,1687617588.249144,"['£1.70', '£1.54/100g']",1.7,£1.54/100g
16998,Cadbury Delights Nougat Hazelnut Chocolate 5X22g,https://www.tesco.com/groceries/en-GB/products/313383418,1687617588.338791,"['£1.70', '£1.54/100g']",1.7,£1.54/100g
16999,Cadbury Delights Soft Nougat Orange & Caramel 5X22g,https://www.tesco.com/groceries/en-GB/products/313621368,1687617588.429644,"['£1.70', '£1.54/100g']",1.7,£1.54/100g
17000,Mcvitie's Gold Biscuit Bars 7 Pack 124G,https://www.tesco.com/groceries/en-GB/products/307155076,1687617588.519041,"['£1.25', '£10.08/kg']",1.25,£10.08/kg
17001,Kit Kat 2 Finger Caramel Chocolate Biscuit Bar 9 X 20.7G,https://www.tesco.com/groceries/en-GB/products/313612120,1687617588.5881312,"['£2.00', '£1.07/100g']",2.0,£1.07/100g
17002,Aero Melts Honeycomb 86G,https://www.tesco.com/groceries/en-GB/products/313614538,1687617588.656273,"['£1.35', '£1.57/100g']",1.35,£1.57/100g
17003,Tesco Organic Semi- Skimmed Milk 1.136L/2 Pints,https://www.tesco.com/groceries/en-GB/products/251499710,1687617596.53019,"['£1.65', '£1.45/litre']",1.65,£1.45/litre
17004,Robinsons Double Concentrate No Added Sugar Orange Squash 1.75L,https://www.tesco.com/groceries/en-GB/products/268344846,1687617596.6553621,"['£3.50', '£0.20/100ml']",3.5,£0.20/100ml
17005,Tesco Filtered Skimmed Milk 2 Litre,https://www.tesco.com/groceries/en-GB/products/253743128,1687617596.747904,"['£1.90', '£0.95/litre']",1.9,£0.95/litre
17006,Dr Pepper 2 Litre Bottle,https://www.tesco.com/groceries/en-GB/products/259059292,1687617596.8298528,"['£2.00', '£0.10/100ml']",2.0,£0.10/100ml
17007,Tesco Low Calorie Ginger Ale 1 Litre,https://www.tesco.com/groceries/en-GB/products/254857363,1687617596.9279418,"['£0.75', '£0.08/100ml']",0.75,£0.08/100ml
17008,Maison Castel Cotes Du Rhone Red 75Cl,https://www.tesco.com/groceries/en-GB/products/314308456,1687617596.995997,"['£8.00', '£8.00/75cl']",8.0,£8.00/75cl
17009,Shloer Rose 750Ml,https://www.tesco.com/groceries/en-GB/products/265642636,1687617597.094825,"['£2.65', '£0.35/100ml']",2.65,£0.35/100ml
17010,Tesco Organic Whole Milk 2.272L/4 Pints,https://www.tesco.com/groceries/en-GB/products/251500030,1687617597.183276,"['£2.15', '£0.95/litre']",2.15,£0.95/litre
17011,Ocean Spray Cranbery Classic Juice Drink 1Ltr,https://www.tesco.com/groceries/en-GB/products/254859384,1687617597.250773,"['£1.75', '£0.18/100ml']",1.75,£0.18/100ml
17012,7Up Zero Lemon & Lime 2L,https://www.tesco.com/groceries/en-GB/products/313840016,1687617597.317328,"['£1.85', '£0.09/100ml']",1.85,£0.09/100ml
17013,Birra Moretti 660Ml,https://www.tesco.com/groceries/en-GB/products/258288808,1687617597.3902552,"['£2.90', '£4.39/litre']",2.9,£4.39/litre
17014,Tesco Cranberry Juice Drink 1L,https://www.tesco.com/groceries/en-GB/products/256095926,1687617597.482071,"['£1.15', '£0.12/100ml']",1.15,£0.12/100ml
17015,Maison Castel Muscadet Sevre Et. Maine 750Ml,https://www.tesco.com/groceries/en-GB/products/313944844,1687617597.572365,"['£8.00', '£8.00/75cl']",8.0,£8.00/75cl
17016,Tesco Lemon & Lime Zero 2L,https://www.tesco.com/groceries/en-GB/products/272043262,1687617597.661931,"['£0.80', '£0.04/100ml']",0.8,£0.04/100ml
17017,Tesco No Added Sugar Cloudy Lemonade 2L Bottle,https://www.tesco.com/groceries/en-GB/products/254857518,1687617597.7369118,"['£0.80', '£0.04/100ml']",0.8,£0.04/100ml
17018,Stella Artois Lager 18X440ml,https://www.tesco.com/groceries/en-GB/products/307345928,1687617597.803814,"['£14.99', '£1.89/litre']",14.99,£1.89/litre
17019,Tesco Apple & Elderflower Sparkling Water 1 Litre,https://www.tesco.com/groceries/en-GB/products/284738142,1687617597.874924,"['£0.70', '£0.07/100ml']",0.7,£0.07/100ml
17020,Bella Cucina Prosecco 75Cl,https://www.tesco.com/groceries/en-GB/products/273782335,1687617597.9427788,"['£6.25', '£6.25/75cl']",6.25,£6.25/75cl
17021,Dino Trebbiano Pinot Grigio 75Cl,https://www.tesco.com/groceries/en-GB/products/263641986,1687617598.012491,"['£5.75', '£5.75/75cl']",5.75,£5.75/75cl
17022,Yellow Tail Jammy Red Roo 75Cl,https://www.tesco.com/groceries/en-GB/products/283507008,1687617598.083293,"['£7.25', '£7.25/75cl']",7.25,£7.25/75cl
17023,Tesco Semi Skimmed Longlife Milk 6X1l,https://www.tesco.com/groceries/en-GB/products/255026297,1687617598.192058,"['£5.80', '£0.97/litre']",5.8,£0.97/litre
17024,Barefoot Merlot 75Cl,https://www.tesco.com/groceries/en-GB/products/255417854,1687617598.2621891,"['£7.50', '£7.50/75cl']",7.5,£7.50/75cl
17025,Barefoot Pinot Grigio 75Cl,https://www.tesco.com/groceries/en-GB/products/266183202,1687617598.3296719,"['£7.50', '£7.50/75cl']",7.5,£7.50/75cl
17026,Highland Spring Still Water 6 X 1.5L,https://www.tesco.com/groceries/en-GB/products/259910442,1687617598.4002838,"['£4.00', '£0.04/100ml']",4.0,£0.04/100ml
17027,Cadbury Instant Hot Chocolate Cocoa Powder 400G,https://www.tesco.com/groceries/en-GB/products/254890627,1687617598.469693,"['£3.00', '£0.75/100g']",3.0,£0.75/100g
17028,The Famous Grouse Scotch Whisky 1 Litre,https://www.tesco.com/groceries/en-GB/products/255247939,1687617598.539291,"['£21.00', '£21.00/litre']",21.0,£21.00/litre
17029,Caparelli Italian Pinot Grigio 75Cl,https://www.tesco.com/groceries/en-GB/products/310188997,1687617598.633899,"['£4.75', '£4.75/75cl']",4.75,£4.75/75cl
17030,Vimto No Added Sugar Squash 2L,https://www.tesco.com/groceries/en-GB/products/278362600,1687617598.705524,"['£3.00', '£0.15/100ml']",3.0,£0.15/100ml
17031,Yorkshire 80 Teabags 250G,https://www.tesco.com/groceries/en-GB/products/254888441,1687617598.7989619,"['£3.30', '£1.32/100g']",3.3,£1.32/100g
17032,Crofters Apple Cider 5% 2L,https://www.tesco.com/groceries/en-GB/products/268607379,1687617598.8876202,"['£2.40', '£1.20/litre']",2.4,£1.20/litre
17033,Schweppes Canada Dry Ginger Ale 1Ltre,https://www.tesco.com/groceries/en-GB/products/257638733,1687617598.955748,"['£1.75', '£0.18/100ml']",1.75,£0.18/100ml
17034,Alpro Almond No Sugars Chilled Drink 1 Litre,https://www.tesco.com/groceries/en-GB/products/275067782,1687617599.022659,"['£2.10', '£2.10/litre']",2.1,£2.10/litre
17035,Tesco Elmhurst English Natural Mineral Sparkling Water 2L,https://www.tesco.com/groceries/en-GB/products/310138847,1687617599.152735,"['£0.80', '£0.04/100ml']",0.8,£0.04/100ml
17036,Tesco Strawberry Still Flavoured Water 1Ltr,https://www.tesco.com/groceries/en-GB/products/277144152,1687617599.219379,"['£0.70', '£0.07/100ml']",0.7,£0.07/100ml
17038,T.Low Calorie Indian Tonic Water With Elderflower 1L,https://www.tesco.com/groceries/en-GB/products/285019721,1687617599.434071,"['£0.75', '£0.08/100ml']",0.75,£0.08/100ml
17039,Cadbury Fair Trade Hot Chocolate Instant Stickpack 28G,https://www.tesco.com/groceries/en-GB/products/273566344,1687617599.501569,"['£0.30', '£1.07/100g']",0.3,£1.07/100g
17040,Tesco Still Pear & Plum Flavoured Water 1L,https://www.tesco.com/groceries/en-GB/products/301233097,1687617599.5744839,"['£0.70', '£0.07/100ml']",0.7,£0.07/100ml
17041,Vimto No Added Sugar Squash 1 Litre,https://www.tesco.com/groceries/en-GB/products/278362335,1687617599.642545,"['£2.00', '£0.20/100ml']",2.0,£0.20/100ml
17042,Tesco Quadruple Strength Cherries & Berries Squash No Added Sugar 1.5L,https://www.tesco.com/groceries/en-GB/products/310132030,1687617599.721633,"['£1.80', '£0.12/100ml']",1.8,£0.12/100ml
17043,Swizzels Squashies No Added Sugar Bubblegum Flavour Squash 1L,https://www.tesco.com/groceries/en-GB/products/313850937,1687617599.792945,"['£1.00', '£0.10/100ml']",1.0,£0.10/100ml
17044,Swizzels Refreshers Lemon No Added Sugar Squash 1L,https://www.tesco.com/groceries/en-GB/products/313378742,1687617599.8657038,"['£1.00', '£0.10/100ml']",1.0,£0.10/100ml
17045,Tesco 100% Squeezed & Pressed Orange & Mango Juice Not From Concentrate 1L,https://www.tesco.com/groceries/en-GB/products/264959141,1687617599.931621,"['£1.70', '£0.17/100ml']",1.7,£0.17/100ml
17046,Tesco No Added Sugar Smooth Cream Soda 2L,https://www.tesco.com/groceries/en-GB/products/268029441,1687617600.004558,"['£0.80', '£0.04/100ml']",0.8,£0.04/100ml
17047,Tesco No Added Sugar Fiery Ginger Beer 2L Bottle,https://www.tesco.com/groceries/en-GB/products/250891080,1687617600.0808918,"['£0.80', '£0.04/100ml']",0.8,£0.04/100ml
17048,Tesco No Added Sugar Pink Lemonade 2L,https://www.tesco.com/groceries/en-GB/products/280364555,1687617600.1524658,"['£0.80', '£0.04/100ml']",0.8,£0.04/100ml
17050,Growers Harvest Orange Juice With Bits 1L,https://www.tesco.com/groceries/en-GB/products/300474112,1687617600.2837272,"['£0.95', '£0.10/100ml']",0.95,£0.10/100ml
17051,Tesco 100% Forest Fruits Juice 1 Litre,https://www.tesco.com/groceries/en-GB/products/293945257,1687617606.6750789,"['£1.70', '£0.17/100ml']",1.7,£0.17/100ml
17052,Tesco Green Ginger Wine 70Cl Bottle,https://www.tesco.com/groceries/en-GB/products/255247605,1687617606.75118,"['£4.00', '£4.29/75cl']",4.0,£4.29/75cl
17053,Bella Cucina Asti Spumante 75Cl,https://www.tesco.com/groceries/en-GB/products/312211826,1687617606.829291,"['£5.75', '£5.75/75cl']",5.75,£5.75/75cl
17054,Tesco Quad Strength Lime Squash No Added Sugar 1.5L,https://www.tesco.com/groceries/en-GB/products/309747719,1687617606.902501,"['£1.80', '£0.12/100ml']",1.8,£0.12/100ml
17055,Badger Fursty Ferret 500Ml,https://www.tesco.com/groceries/en-GB/products/250053638,1687617606.972364,"['£2.00', '£4.00/litre']",2.0,£4.00/litre
17056,Tesco Cream Sherry 1L,https://www.tesco.com/groceries/en-GB/products/255246451,1687617607.0638452,"['£7.55', '£5.66/75cl']",7.55,£5.66/75cl
17057,Robinsons Lemon Squash No Added Sugar 1Ltr,https://www.tesco.com/groceries/en-GB/products/258935230,1687617607.1305978,"['£2.00', '£0.20/100ml']",2.0,£0.20/100ml
17058,Tesco Finest Chablis 75Cl,https://www.tesco.com/groceries/en-GB/products/303183780,1687617607.253226,"['£13.50', '£13.50/75cl']",13.5,£13.50/75cl
17059,Stoneleigh Sauvignon Blanc 750Ml,https://www.tesco.com/groceries/en-GB/products/309460667,1687617607.321599,"['£10.00', '£10.00/75cl']",10.0,£10.00/75cl
17060,Yellow Tail Malbec 75Cl,https://www.tesco.com/groceries/en-GB/products/293736545,1687617607.389206,"['£7.25', '£7.25/75cl']",7.25,£7.25/75cl
17061,Taylors L.B.V. Port 75Cl,https://www.tesco.com/groceries/en-GB/products/257356692,1687617607.4594119,"['£16.00', '£16.00/75cl']",16.0,£16.00/75cl
17062,Prestige De Calvet Cotes Du Rhone Villages 75Cl,https://www.tesco.com/groceries/en-GB/products/278418150,1687617607.5322082,"['£7.75', '£7.75/75cl']",7.75,£7.75/75cl
17063,Costa Signature Blend Coffee Beans 200G,https://www.tesco.com/groceries/en-GB/products/301218409,1687617607.6013062,"['£4.00', '£2.00/100g']",4.0,£2.00/100g
17064,Beavertown Neck Oil Session Ipa 4X330ml,https://www.tesco.com/groceries/en-GB/products/308838966,1687617607.671809,"['£8.00', '£6.06/litre']",8.0,£6.06/litre
17065,Kenco Decaff Instant Coffee Refill 150G,https://www.tesco.com/groceries/en-GB/products/282671188,1687617607.7424698,"['£4.75', '£3.17/100g']",4.75,£3.17/100g
17066,Fever-Tree Tonic Mediterranean 500Ml,https://www.tesco.com/groceries/en-GB/products/289287413,1687617607.8157141,"['£2.10', '£0.42/100ml']",2.1,£0.42/100ml
17067,Asahi Super Dry Lager Beer 500Ml,https://www.tesco.com/groceries/en-GB/products/314947321,1687617607.906129,"['£2.20', '£4.40/litre']",2.2,£4.40/litre
17068,San Pellegrino Sparkling Water 1L,https://www.tesco.com/groceries/en-GB/products/260170549,1687617607.9937322,"['£1.60', '£0.16/100ml']",1.6,£0.16/100ml
17069,Nescafe Dolce Gusto Cafe Au Lait Coffee Pods 16 Servings 160G,https://www.tesco.com/groceries/en-GB/products/282108148,1687617608.06076,"['£4.50', '£2.81/100g']",4.5,£2.81/100g
17070,Tropicana Pure Orange & Mango Fruit Juice 1.5L,https://www.tesco.com/groceries/en-GB/products/314299344,1687617608.149976,"['£4.50', '£0.30/100ml']",4.5,£0.30/100ml
17071,Tropicana Orange Juice With Extra Juicy Bits 1.5L,https://www.tesco.com/groceries/en-GB/products/314430391,1687617608.241855,"['£4.50', '£0.30/100ml']",4.5,£0.30/100ml
17072,Tropicana Smooth Orange Juice 1.5L,https://www.tesco.com/groceries/en-GB/products/313858318,1687617608.3301141,"['£4.50', '£0.30/100ml']",4.5,£0.30/100ml
17073,Innocent Kids Smoothie Peach Passion Fruit 4X150ml,https://www.tesco.com/groceries/en-GB/products/305528693,1687617608.4174132,"['£3.60', '£0.60/100ml']",3.6,£0.60/100ml
17074,Heineken 0.0 Alcohol Free Lager 6X330ml,https://www.tesco.com/groceries/en-GB/products/295710175,1687617608.514591,"['£4.45', '£2.25/litre']",4.45,£2.25/litre
17075,Robinsons Fruit & Barley Orange 1Ltr,https://www.tesco.com/groceries/en-GB/products/251563202,1687617608.586365,"['£2.00', '£0.20/100ml']",2.0,£0.20/100ml
17076,Coca Cola Regular 500Ml,https://www.tesco.com/groceries/en-GB/products/258458190,1687617608.654943,"['£1.85', '£0.37/100ml']",1.85,£0.37/100ml
17077,Ribena No Added Sugar Blackcurrant 850Ml,https://www.tesco.com/groceries/en-GB/products/287632688,1687617608.766338,"['£2.00', '£0.24/100ml']",2.0,£0.24/100ml
17078,Happy Monkey Chocolate Milkshake 3X200ml,https://www.tesco.com/groceries/en-GB/products/282572363,1687617608.832139,"['£1.20', '£0.20/100ml']",1.2,£0.20/100ml
17079,Stockwell & Co. Sweeteners 850S,https://www.tesco.com/groceries/en-GB/products/301051611,1687617608.899603,"['£0.98', '£0.00/each']",0.98,£0.00/each
17080,Tesco Quad Strength Apple Squash No Added Sugar 1.5L,https://www.tesco.com/groceries/en-GB/products/310105725,1687617608.969525,"['£1.80', '£0.12/100ml']",1.8,£0.12/100ml
17081,Tesco No Added Sugar Cranberry Raspberry Juice Drink 1 Litre,https://www.tesco.com/groceries/en-GB/products/278082620,1687617609.0383072,"['£1.15', '£0.12/100ml']",1.15,£0.12/100ml
17082,Theakston Old Peculier Ale Bottle 500Ml,https://www.tesco.com/groceries/en-GB/products/251113004,1687617609.127069,"['£2.00', '£4.00/litre']",2.0,£4.00/litre
17083,Taparoo Valley Australian Shiraz 75Cl,https://www.tesco.com/groceries/en-GB/products/309776927,1687617609.2237928,"['£4.25', '£4.25/75cl']",4.25,£4.25/75cl
17084,Tesco Water Splash Orange & Pineapple No Added Sugar Water 300Ml,https://www.tesco.com/groceries/en-GB/products/312573086,1687617609.2943559,"['£0.45', '£0.15/100ml']",0.45,£0.15/100ml
17085,Kingfisher Premium Lager 650Ml,https://www.tesco.com/groceries/en-GB/products/314428135,1687617609.4498508,"['£2.20', '£3.38/litre']",2.2,£3.38/litre
17086,Moet & Chandon Brut Imperial Non Vintage Champagne 75Cl,https://www.tesco.com/groceries/en-GB/products/255245509,1687617609.550334,"['£43.00', '£43.00/75cl']",43.0,£43.00/75cl
17087,Taylors Decaffeinated Ground Coffee 227G,https://www.tesco.com/groceries/en-GB/products/251786422,1687617609.6410828,"['£4.50', '£1.98/100g']",4.5,£1.98/100g
17088,Apothic Merlot 750Ml,https://www.tesco.com/groceries/en-GB/products/312848194,1687617609.74942,"['£9.50', '£9.50/75cl']",9.5,£9.50/75cl
17089,Fever Tree Light Mediterranean Tonic Water 15X150ml,https://www.tesco.com/groceries/en-GB/products/306930306,1687617609.822996,"['£8.25', '£0.37/100ml']",8.25,£0.37/100ml
17090,Apothic Red 75Cl,https://www.tesco.com/groceries/en-GB/products/278453199,1687617609.9019032,"['£9.50', '£9.50/75cl']",9.5,£9.50/75cl
17091,Fever Tree Light Tonic Water 15X150ml,https://www.tesco.com/groceries/en-GB/products/306934498,1687617609.971016,"['£8.25', '£0.37/100ml']",8.25,£0.37/100ml
17092,Stones Original Green Ginger Wine 70Cl,https://www.tesco.com/groceries/en-GB/products/255247726,1687617610.055579,"['£6.50', '£6.96/75cl']",6.5,£6.96/75cl
17093,Mcguigan Black Label Chardonnay 75Cl,https://www.tesco.com/groceries/en-GB/products/253238308,1687617610.1244118,"['£6.75', '£6.75/75cl']",6.75,£6.75/75cl
17094,Bundaberg Ginger Beer 4 X 375Ml,https://www.tesco.com/groceries/en-GB/products/300063823,1687617610.19487,"['£5.40', '£0.36/100ml']",5.4,£0.36/100ml
17095,Finca Las Moras Malbec 75Cl,https://www.tesco.com/groceries/en-GB/products/293702919,1687617610.3266208,"['£6.50', '£6.50/75cl']",6.5,£6.50/75cl
17096,Ovaltine Original Light Add Water 300G,https://www.tesco.com/groceries/en-GB/products/258491362,1687617610.442652,"['£3.85', '£1.28/100g']",3.85,£1.28/100g
17097,Twinings Earl Grey Decaffeinated 40 Tea Bags 100g,https://www.tesco.com/groceries/en-GB/products/313607616,1687617610.5653381,"['£3.59', '£3.59/100g']",3.59,£3.59/100g
17098,Mcguigan Reserve Cabernet Sauvignon 75Cl,https://www.tesco.com/groceries/en-GB/products/274683934,1687617610.637547,"['£7.25', '£7.25/75cl']",7.25,£7.25/75cl
17099,Paulaner Munich Hell Lager 500Ml,https://www.tesco.com/groceries/en-GB/products/260347883,1687617616.76739,"['£2.20', '£4.40/litre']",2.2,£4.40/litre
17100,Volvic Touch Of Fruit Strawberry 1.5Ltr,https://www.tesco.com/groceries/en-GB/products/262074735,1687617616.975775,"['£1.25', '£0.08/100ml']",1.25,£0.08/100ml
17101,Barefoot Pinot Grigio 187Ml,https://www.tesco.com/groceries/en-GB/products/289999757,1687617617.1225731,"['£2.25', '£9.02/75cl']",2.25,£9.02/75cl
17102,Tesco Pear Cider 4X440ml,https://www.tesco.com/groceries/en-GB/products/285592017,1687617617.217173,"['£2.40', '£1.36/litre']",2.4,£1.36/litre
17103,Lateral Chilean Cabernet Sauvignon 75Cl,https://www.tesco.com/groceries/en-GB/products/309776697,1687617617.286634,"['£4.39', '£4.39/75cl']",4.39,£4.39/75cl
17104,Lateral Chilean Sauvignon Blanc 75Cl,https://www.tesco.com/groceries/en-GB/products/309762448,1687617617.355434,"['£4.39', '£4.39/75cl']",4.39,£4.39/75cl
17105,Tesco Finest Chateauneuf Du Pape 75Cl,https://www.tesco.com/groceries/en-GB/products/254092414,1687617617.425308,"['£20.00', '£20.00/75cl']",20.0,£20.00/75cl
17106,Yorkshire Teabags 480'S 1.5Kg,https://www.tesco.com/groceries/en-GB/products/274133256,1687617617.493461,"['£12.50', '£0.83/100g']",12.5,£0.83/100g
17107,Innocent Energise Super Smoothie 750Ml,https://www.tesco.com/groceries/en-GB/products/305528318,1687617617.562143,"['£4.50', '£0.60/100ml']",4.5,£0.60/100ml
17108,Nescafe Dolce Gusto Cappuccino Light Coffee Pods 160G,https://www.tesco.com/groceries/en-GB/products/265313408,1687617617.629714,"['£4.50', '£2.81/100g']",4.5,£2.81/100g
17109,Tesco House Roast & Ground Coffee 227G,https://www.tesco.com/groceries/en-GB/products/299584812,1687617617.722943,"['£2.80', '£1.23/100g']",2.8,£1.23/100g
17110,Tesco Blue Spark 6X250ml,https://www.tesco.com/groceries/en-GB/products/276547834,1687617617.7971141,"['£3.30', '£0.22/100ml']",3.3,£0.22/100ml
17112,Au Vodka Pineapple Crush 330Ml,https://www.tesco.com/groceries/en-GB/products/314436874,1687617617.943595,"['£3.00', '£9.09/litre']",3.0,£9.09/litre
17113,Starbucks Sumatra Coffee Pods 10 Pack 55G,https://www.tesco.com/groceries/en-GB/products/304493139,1687617618.047486,"['£4.25', '£7.73/100g']",4.25,£7.73/100g
17114,Maison Castel Rose D'anjou 75Cl,https://www.tesco.com/groceries/en-GB/products/314429140,1687617618.1517582,"['£9.00', '£9.00/75cl']",9.0,£9.00/75cl
17115,Monster Ultra White Multipack 4 X 500Ml,https://www.tesco.com/groceries/en-GB/products/294085564,1687617618.2452211,"['£5.20', '£0.26/100ml']",5.2,£0.26/100ml
17116,Taylors Yorkshire Leaf Tea 250G,https://www.tesco.com/groceries/en-GB/products/250467652,1687617618.313673,"['£3.00', '£1.20/100g']",3.0,£1.20/100g
17117,Tesco Finest Costa Rican Instant Coffee 100G,https://www.tesco.com/groceries/en-GB/products/279429982,1687617618.385584,"['£3.35', '£3.35/100g']",3.35,£3.35/100g
17118,Birra Moretti Lager 4X330ml,https://www.tesco.com/groceries/en-GB/products/301839383,1687617618.457951,"['£6.50', '£4.92/litre']",6.5,£4.92/litre
17119,Yorkshire Tea Malty Biscuit Brew 40 Tea Bags 112G,https://www.tesco.com/groceries/en-GB/products/302275235,1687617618.548064,"['£2.40', '£2.14/100g']",2.4,£2.14/100g
17120,San Miguel 4X330ml,https://www.tesco.com/groceries/en-GB/products/258173382,1687617618.6230779,"['£5.00', '£3.79/litre']",5.0,£3.79/litre
17121,Cawston Press Brilliant Beetroot Juice 1L,https://www.tesco.com/groceries/en-GB/products/278083043,1687617618.690824,"['£2.90', '£0.29/100ml']",2.9,£0.29/100ml
17122,Kronenbourg 1664 Lager 4 X 568Ml,https://www.tesco.com/groceries/en-GB/products/292606534,1687617618.7812521,"['£6.00', '£2.64/litre']",6.0,£2.64/litre
17123,Tropicana Orange & Mango Juice 850Ml,https://www.tesco.com/groceries/en-GB/products/287294655,1687617618.857026,"['£3.25', '£0.38/100ml']",3.25,£0.38/100ml
17124,Alpro This Is Not M*Lk Whole Oat Drink 1 Litre,https://www.tesco.com/groceries/en-GB/products/310656320,1687617618.926147,"['£2.00', '£2.00/litre']",2.0,£2.00/litre
17125,Innocent Kids Apple Juice 4X150ml,https://www.tesco.com/groceries/en-GB/products/305530240,1687617618.999614,"['£3.60', '£0.60/100ml']",3.6,£0.60/100ml
17126,Eisberg Merlot Alcohol Free Wine 75Cl,https://www.tesco.com/groceries/en-GB/products/305972269,1687617619.092127,"['£3.25', '£3.25/75cl']",3.25,£3.25/75cl
17127,Dr Pepper 500Ml,https://www.tesco.com/groceries/en-GB/products/256867175,1687617619.1678872,"['£1.70', '£0.34/100ml']",1.7,£0.34/100ml
17128,Coke Zero 500 Ml,https://www.tesco.com/groceries/en-GB/products/260506661,1687617619.285692,"['£1.59', '£0.32/100ml']",1.59,£0.32/100ml
17129,Kopparberg Pear Cider 500Ml Bottle,https://www.tesco.com/groceries/en-GB/products/260554787,1687617619.4779909,"['£2.30', '£4.60/litre']",2.3,£4.60/litre
17130,The Real Milkshake Company Salted Caramel Flavoured Milk Drink 1L,https://www.tesco.com/groceries/en-GB/products/313860960,1687617619.570108,"['£1.85', '£0.18/100ml']",1.85,£0.18/100ml
17131,The Real Milkshake Company Chocolate Flavoured Milk Drink 1L,https://www.tesco.com/groceries/en-GB/products/314112670,1687617619.6610649,"['£1.85', '£0.18/100ml']",1.85,£0.18/100ml
17132,Blossom Hill White Zinfandel 18.7Cl,https://www.tesco.com/groceries/en-GB/products/264624255,1687617619.7551281,"['£2.10', '£8.42/75cl']",2.1,£8.42/75cl
17133,Coca Cola Classic 250Ml,https://www.tesco.com/groceries/en-GB/products/297132752,1687617619.85058,"['£1.00', '£0.40/100ml']",1.0,£0.40/100ml
17134,Blossom Hill Crisp & Fruity White 187Ml,https://www.tesco.com/groceries/en-GB/products/251820820,1687617619.979838,"['£2.10', '£8.42/75cl']",2.1,£8.42/75cl
17135,Tesco Scrumptious Strawberry Smoothie 3X200ml,https://www.tesco.com/groceries/en-GB/products/307155871,1687617620.076295,"['£1.70', '£0.28/100ml']",1.7,£0.28/100ml
17136,Lucozade Alert Tropical Burst 500Ml,https://www.tesco.com/groceries/en-GB/products/310135847,1687617620.14906,"['£1.55', '£0.31/100ml']",1.55,£0.31/100ml
17137,Fanta Zero Sugar Strawberry & Kiwi Drink 2L,https://www.tesco.com/groceries/en-GB/products/310105593,1687617620.2696671,"['£2.00', '£0.10/100ml']",2.0,£0.10/100ml
17138,Smirnoff Ice 70Cl,https://www.tesco.com/groceries/en-GB/products/255404798,1687617620.364793,"['£3.00', '£4.29/litre']",3.0,£4.29/litre
17139,Hardys Crest Cabernet Shiraz Merlot 187Ml,https://www.tesco.com/groceries/en-GB/products/305951323,1687617620.440341,"['£2.10', '£8.42/75cl']",2.1,£8.42/75cl
17140,Disaronno Velvet Liqueur 500Ml,https://www.tesco.com/groceries/en-GB/products/305832643,1687617620.5293329,"['£16.50', '£33.00/litre']",16.5,£33.00/litre
17141,Taylors Lazy Sunday Coffee Beans 227G,https://www.tesco.com/groceries/en-GB/products/264815317,1687617620.595598,"['£4.50', '£1.98/100g']",4.5,£1.98/100g
17142,Villa Maria Organic Earth Garden Sauvignon Blanc 75Cl,https://www.tesco.com/groceries/en-GB/products/309494609,1687617620.687527,"['£11.50', '£11.50/75cl']",11.5,£11.50/75cl
17144,Pukka Organic 3 Ginger 20 Tea Bags 36G,https://www.tesco.com/groceries/en-GB/products/264766979,1687617620.836576,"['£4.00', '£11.11/100g']",4.0,£11.11/100g
17145,Barefoot Cabernet Sauvignon 75Cl,https://www.tesco.com/groceries/en-GB/products/277053144,1687617620.911734,"['£7.50', '£7.50/75cl']",7.5,£7.50/75cl
17146,Malibu Strawberry Flavour Rum Liqueur 700Ml,https://www.tesco.com/groceries/en-GB/products/314705562,1687617620.986465,"['£16.00', '£22.86/litre']",16.0,£22.86/litre
17147,Tesco Finest Roast & Ground Coffee Sumatra Java Sumatra227g,https://www.tesco.com/groceries/en-GB/products/278856828,1687617626.97191,"['£3.90', '£1.72/100g']",3.9,£1.72/100g
17148,Cave Des Roches Cotes De Gascogne 75Cl,https://www.tesco.com/groceries/en-GB/products/311433012,1687617627.04735,"['£5.25', '£5.25/75cl']",5.25,£5.25/75cl
17149,Budweiser Budvar Original 6X330ml Cans,https://www.tesco.com/groceries/en-GB/products/300063282,1687617627.12348,"['£6.75', '£3.41/litre']",6.75,£3.41/litre
17150,Jack Daniels Tennessee Honey 70Cl,https://www.tesco.com/groceries/en-GB/products/274578121,1687617627.201754,"['£26.00', '£37.14/litre']",26.0,£37.14/litre
17151,Tyskie Lager Beer 4 X 500Ml,https://www.tesco.com/groceries/en-GB/products/310167236,1687617627.274731,"['£5.85', '£2.92/litre']",5.85,£2.92/litre
17152,Twinings Strong English Breakfast 80 Tea Bags 250G,https://www.tesco.com/groceries/en-GB/products/257375035,1687617627.347382,"['£5.30', '£2.12/100g']",5.3,£2.12/100g
17153,Old Mout Cider Pineapple Raspberry 10 X 330Ml,https://www.tesco.com/groceries/en-GB/products/302275949,1687617627.435581,"['£12.00', '£3.64/litre']",12.0,£3.64/litre
17154,Newcastle Brown Ale 4 X 500Ml Cans,https://www.tesco.com/groceries/en-GB/products/257513057,1687617627.551774,"['£6.00', '£3.00/litre']",6.0,£3.00/litre
17155,Vocation Brewery Life&Death Ipa 4X330ml Can,https://www.tesco.com/groceries/en-GB/products/301840870,1687617627.619485,"['£6.50', '£4.92/litre']",6.5,£4.92/litre
17156,TAYLORS ORGANIC P/MINT 20'S 50G,https://www.tesco.com/groceries/en-GB/products/276616638,1687617627.691484,"['£3.00', '£6.00/100g']",3.0,£6.00/100g
17157,Taylors of Harrogate Sweet Rhubarb Fruit Flavoured infusion 20 Tea bags 50g,https://www.tesco.com/groceries/en-GB/products/314435627,1687617627.766338,"['£3.00', '£6.00/100g']",3.0,£6.00/100g
17158,"Taylors of Harrogate Rose Lemonade Fruit Flavoured infusion, 20 Tea Bags 50g",https://www.tesco.com/groceries/en-GB/products/314426074,1687617627.836067,"['£3.00', '£6.00/100g']",3.0,£6.00/100g
17159,Innocent Strawberry Pineapple & Apples Smoothie 750Ml,https://www.tesco.com/groceries/en-GB/products/308110449,1687617627.906461,"['£3.50', '£0.47/100ml']",3.5,£0.47/100ml
17160,Prospero Brut Non Vintage 20Cl,https://www.tesco.com/groceries/en-GB/products/297427317,1687617627.974165,"['£3.00', '£11.25/75cl']",3.0,£11.25/75cl
17161,Fanta Zero Sugar Strawberry & Kiwi 8X330ml,https://www.tesco.com/groceries/en-GB/products/310688132,1687617628.067483,"['£3.49', '£0.13/100ml']",3.49,£0.13/100ml
17162,Daura Damm Gluten Free 4 Pack X 330Ml,https://www.tesco.com/groceries/en-GB/products/265970960,1687617628.137852,"['£6.00', '£4.54/litre']",6.0,£4.54/litre
17164,Innocent Strawberries & Bananas 250Ml,https://www.tesco.com/groceries/en-GB/products/253845148,1687617628.324336,"['£2.00', '£0.80/100ml']",2.0,£0.80/100ml
17165,Cawston Press Apple & Summer Berries 3X200ml,https://www.tesco.com/groceries/en-GB/products/280485129,1687617628.4332092,"['£1.90', '£0.32/100ml']",1.9,£0.32/100ml
17166,Fanta Fruit Twist 500 Ml,https://www.tesco.com/groceries/en-GB/products/253144396,1687617628.498346,"['£1.70', '£0.34/100ml']",1.7,£0.34/100ml
17167,Henry Westons Signature Vintage 6.8% 500Ml,https://www.tesco.com/groceries/en-GB/products/302274017,1687617628.64061,"['£2.30', '£4.60/litre']",2.3,£4.60/litre
17168,Vista Castelli Trebbiano D'abruzzo 75Cl,https://www.tesco.com/groceries/en-GB/products/310101015,1687617628.727752,"['£4.25', '£4.25/75cl']",4.25,£4.25/75cl
17169,Red Bull Sugar Free Energy Drink 355Ml,https://www.tesco.com/groceries/en-GB/products/263674951,1687617628.798712,"['£1.85', '£0.52/100ml']",1.85,£0.52/100ml
17170,Juice Burst Orange 500Ml,https://www.tesco.com/groceries/en-GB/products/277975101,1687617628.911943,"['£1.50', '£0.30/100ml']",1.5,£0.30/100ml
17171,Alta Veduta Chianti 75Cl,https://www.tesco.com/groceries/en-GB/products/311794131,1687617629.029873,"['£5.25', '£5.25/75cl']",5.25,£5.25/75cl
17172,Starbucks Mocha Frappuccino 250Ml,https://www.tesco.com/groceries/en-GB/products/312082799,1687617629.102392,"['£2.20', '£0.88/100ml']",2.2,£0.88/100ml
17173,Gordon's Premium Pink Gin & Lemonade 250Ml,https://www.tesco.com/groceries/en-GB/products/312836231,1687617629.191894,"['£2.25', '£9.00/litre']",2.25,£9.00/litre
17174,Kopparberg Mixed Fruit Tropical Cider 500Ml,https://www.tesco.com/groceries/en-GB/products/308085109,1687617629.282409,"['£2.30', '£4.60/litre']",2.3,£4.60/litre
17175,Captain Morgan Strawberry Dalquiri Cocktail 250Ml,https://www.tesco.com/groceries/en-GB/products/314103963,1687617629.371045,"['£2.40', '£9.60/litre']",2.4,£9.60/litre
17176,Whitley Neill Raspberry Gin 70Cl,https://www.tesco.com/groceries/en-GB/products/301689536,1687617629.4621131,"['£28.00', '£40.00/litre']",28.0,£40.00/litre
17177,Guigal Cotes Du Rhone Red Wine 750Ml,https://www.tesco.com/groceries/en-GB/products/304376844,1687617629.6200461,"['£12.00', '£12.00/75cl']",12.0,£12.00/75cl
17179,Pukka Organic 3 Chamomile 20 Tea Bags 30G,https://www.tesco.com/groceries/en-GB/products/296850583,1687617629.78063,"['£4.00', '£13.33/100g']",4.0,£13.33/100g
17180,Pukka Herbs Herbal Collection 20'S 34.4G,https://www.tesco.com/groceries/en-GB/products/289574085,1687617629.8471081,"['£4.00', '£11.63/100g']",4.0,£11.63/100g
17181,Torres Sangre De Toro 75Cl,https://www.tesco.com/groceries/en-GB/products/257204446,1687617629.914623,"['£7.50', '£7.50/75cl']",7.5,£7.50/75cl
17182,Tesco Finest Cream Sherry 37.5Cl,https://www.tesco.com/groceries/en-GB/products/299803802,1687617629.994611,"['£6.50', '£13.00/75cl']",6.5,£13.00/75cl
17183,Lucky Saint 0.5% Alcohol By Volume Unfiltered Lager 4X330ml,https://www.tesco.com/groceries/en-GB/products/311448058,1687617630.079264,"['£6.00', '£4.54/litre']",6.0,£4.54/litre
17184,Kumala Sauvignon Blanc 750Ml,https://www.tesco.com/groceries/en-GB/products/307365835,1687617630.148334,"['£5.50', '£5.50/75cl']",5.5,£5.50/75cl
17185,Carnivor Zinfandel 75Cl,https://www.tesco.com/groceries/en-GB/products/301705812,1687617630.217728,"['£9.00', '£9.00/75cl']",9.0,£9.00/75cl
17186,Cockburns Special Reserve Port 1L,https://www.tesco.com/groceries/en-GB/products/258644067,1687617630.313285,"['£15.50', '£11.62/75cl']",15.5,£11.62/75cl
17187,Innocent Pineapple Banana & Coconut Smoothie 750Ml,https://www.tesco.com/groceries/en-GB/products/270928457,1687617630.403699,"['£3.50', '£0.47/100ml']",3.5,£0.47/100ml
17188,Truvia Sweetener From Stevia Leaf 100 Tablets 5G,https://www.tesco.com/groceries/en-GB/products/278974659,1687617630.4696379,"['£2.60', '£520.00/kg']",2.6,£520.00/kg
17189,Belvoir Pink Lady Sparkling Apple Juice 750Ml,https://www.tesco.com/groceries/en-GB/products/307357223,1687617630.575117,"['£3.25', '£0.43/100ml']",3.25,£0.43/100ml
17190,Aqua Carpatica Mineral Water 1L,https://www.tesco.com/groceries/en-GB/products/298163258,1687617630.651493,"['£1.20', '£0.10/100ml']",1.2,£0.10/100ml
17191,Heineken Silver Lager 12 X 330Ml,https://www.tesco.com/groceries/en-GB/products/311251895,1687617630.7316852,"['£12.50', '£3.16/litre']",12.5,£3.16/litre
17192,Campaneo Old Vines Tempranillo 75Cl,https://www.tesco.com/groceries/en-GB/products/301691976,1687617630.831774,"['£5.50', '£5.50/75cl']",5.5,£5.50/75cl
17193,Staropramen Lager 6 X 330Ml,https://www.tesco.com/groceries/en-GB/products/308456594,1687617630.9081202,"['£6.75', '£3.41/litre']",6.75,£3.41/litre
17194,Diet Coke Sublime Lime 2 Litres,https://www.tesco.com/groceries/en-GB/products/306950046,1687617631.00838,"['£1.99', '£0.10/100ml']",1.99,£0.10/100ml
17195,Tetley Green Tea Mango & Passion Fruit 50 Tea Bags 100G,https://www.tesco.com/groceries/en-GB/products/306659841,1687617637.357621,"['£2.60', '£2.60/100g']",2.6,£2.60/100g
17196,Actiph Alkaline Ionised Water 1 Litre,https://www.tesco.com/groceries/en-GB/products/304783919,1687617637.459168,"['£2.25', '£0.22/100ml']",2.25,£0.22/100ml
17197,Twinings Pear & Apple Green Tea Tea Bags 20S 40G,https://www.tesco.com/groceries/en-GB/products/250293958,1687617637.5324779,"['£2.50', '£6.25/100g']",2.5,£6.25/100g
17198,Tesco Finest Ceylon Teabags 50'S 125G,https://www.tesco.com/groceries/en-GB/products/279322422,1687617637.6257448,"['£1.70', '£1.36/100g']",1.7,£1.36/100g
17199,Monster Energy Ultra Fiesta 500Ml,https://www.tesco.com/groceries/en-GB/products/307342223,1687617637.698108,"['£1.70', '£0.34/100ml']",1.7,£0.34/100ml
17200,Innocent Citrus Shield Juice 750Ml,https://www.tesco.com/groceries/en-GB/products/303415144,1687617637.812176,"['£3.80', '£0.51/100ml']",3.8,£0.51/100ml
17201,Ocean Spray Sparkling Water Cranberry 1 Litre,https://www.tesco.com/groceries/en-GB/products/291106897,1687617637.905948,"['£1.00', '£0.10/100ml']",1.0,£0.10/100ml
17202,Inedit Damm 750Ml,https://www.tesco.com/groceries/en-GB/products/274965204,1687617637.998473,"['£4.00', '£5.33/litre']",4.0,£5.33/litre
17203,Brewdog Mr President Double Ipa 440Ml,https://www.tesco.com/groceries/en-GB/products/309475333,1687617638.0883589,"['£4.00', '£9.09/litre']",4.0,£9.09/litre
17204,Tesco Coconut Liqueur 70Cl,https://www.tesco.com/groceries/en-GB/products/293073430,1687617638.188988,"['£8.00', '£11.43/litre']",8.0,£11.43/litre
17205,Costa Coffee Caramel Swirl 250Ml,https://www.tesco.com/groceries/en-GB/products/311423600,1687617638.259858,"['£1.80', '£0.72/100ml']",1.8,£0.72/100ml
17206,Rubicon Sparklng Passion Juice Drink 2 Litre,https://www.tesco.com/groceries/en-GB/products/275454836,1687617638.327443,"['£1.80', '£0.09/100ml']",1.8,£0.09/100ml
17207,All Shook Up Mango Margarita Ready To Drink Cocktail 250Ml,https://www.tesco.com/groceries/en-GB/products/311692764,1687617638.3960571,"['£1.85', '£7.40/litre']",1.85,£7.40/litre
17208,Sxollie Granny Smith Cider 500Ml,https://www.tesco.com/groceries/en-GB/products/309190531,1687617638.4841778,"['£2.30', '£4.60/litre']",2.3,£4.60/litre
17209,Zlato Valley Merlot 75Cl,https://www.tesco.com/groceries/en-GB/products/310675101,1687617638.5765388,"['£4.75', '£4.75/75cl']",4.75,£4.75/75cl
17210,Bella Cucina Asti Vino Spumante 20Cl,https://www.tesco.com/groceries/en-GB/products/312351677,1687617638.651903,"['£2.60', '£9.75/75cl']",2.6,£9.75/75cl
17211,Whitley Neill Blood Orange Gin 70Cl,https://www.tesco.com/groceries/en-GB/products/303215299,1687617638.7754822,"['£28.00', '£40.00/litre']",28.0,£40.00/litre
17212,Tesco Finest Salted Caramel Cream Liqueur 70Cl,https://www.tesco.com/groceries/en-GB/products/280543695,1687617638.844806,"['£13.00', '£18.57/litre']",13.0,£18.57/litre
17213,E&J Brandy 70Cl,https://www.tesco.com/groceries/en-GB/products/284066907,1687617638.919778,"['£17.75', '£25.36/litre']",17.75,£25.36/litre
17214,Glenfiddich 12Yo Malt 70Cl - Fruity,https://www.tesco.com/groceries/en-GB/products/256505345,1687617638.990133,"['£38.00', '£54.29/litre']",38.0,£54.29/litre
17215,Beavertown Neck Oil Session Ipa 10X330ml,https://www.tesco.com/groceries/en-GB/products/311680104,1687617639.058763,"['£18.00', '£5.46/litre']",18.0,£5.46/litre
17216,Cali. By Snoop Cali. Red Wine 750Ml,https://www.tesco.com/groceries/en-GB/products/310128024,1687617639.150235,"['£11.00', '£11.00/75cl']",11.0,£11.00/75cl
17217,Gordon's Gin & Tonic 10 X 250Ml,https://www.tesco.com/groceries/en-GB/products/292645880,1687617639.218933,"['£16.00', '£6.40/litre']",16.0,£6.40/litre
17218,Tw Kempton Rhubarb & Ginger Gin Liqueur 50Cl,https://www.tesco.com/groceries/en-GB/products/301969885,1687617639.303487,"['£9.50', '£19.00/litre']",9.5,£19.00/litre
17219,Opihr Oriental Spiced Gin 70Cl,https://www.tesco.com/groceries/en-GB/products/285353514,1687617639.380699,"['£24.00', '£34.29/litre']",24.0,£34.29/litre
17220,Ara Select Block Sauvignon Blanc 750Ml,https://www.tesco.com/groceries/en-GB/products/306798232,1687617639.481108,"['£10.00', '£10.00/75cl']",10.0,£10.00/75cl
17221,Cafedirect Decaf Machu Picchu Ground Coffee 227G,https://www.tesco.com/groceries/en-GB/products/256836707,1687617639.560072,"['£5.00', '£2.20/100g']",5.0,£2.20/100g
17222,Campo Viejo Winemakers Blend 750Ml,https://www.tesco.com/groceries/en-GB/products/308084739,1687617639.6299038,"['£8.00', '£8.00/75cl']",8.0,£8.00/75cl
17223,Tesco Finest Valle De Colchagua Merlot 75Cl,https://www.tesco.com/groceries/en-GB/products/306808942,1687617639.703184,"['£8.00', '£8.00/75cl']",8.0,£8.00/75cl
17224,Moth Espresso Martini 125Ml,https://www.tesco.com/groceries/en-GB/products/311685836,1687617639.851857,"['£3.90', '£31.20/litre']",3.9,£31.20/litre
17225,Clipper Organic White Tea 40 Bags 70G,https://www.tesco.com/groceries/en-GB/products/306501999,1687617639.9553201,"['£2.95', '£4.21/100g']",2.95,£4.21/100g
17226,Fever-Tree Light Sicilian Lemonade 4X250ml,https://www.tesco.com/groceries/en-GB/products/311936546,1687617640.022382,"['£4.00', '£0.40/100ml']",4.0,£0.40/100ml
17227,Strongbow Rose Cider 4 X 440Ml,https://www.tesco.com/groceries/en-GB/products/305729461,1687617640.1389701,"['£5.60', '£3.18/litre']",5.6,£3.18/litre
17228,Barrys Tea Gold Blend Teabags 80S 250G,https://www.tesco.com/groceries/en-GB/products/273949387,1687617640.211336,"['£3.50', '£1.40/100g']",3.5,£1.40/100g
17229,Crusha Chocolate No Added Sugar 500Ml,https://www.tesco.com/groceries/en-GB/products/289725679,1687617640.285409,"['£1.95', '£0.39/100ml']",1.95,£0.39/100ml
17230,White Claw Hard Seltzer Raspberry 330Ml,https://www.tesco.com/groceries/en-GB/products/306815121,1687617640.359621,"['£2.20', '£6.67/litre']",2.2,£6.67/litre
17231,Innocent Wonder Green Juice 750Ml,https://www.tesco.com/groceries/en-GB/products/303415167,1687617640.473301,"['£3.80', '£0.51/100ml']",3.8,£0.51/100ml
17232,Vineyards Peach Bellini 75Cl,https://www.tesco.com/groceries/en-GB/products/301744955,1687617640.680077,"['£3.15', '£3.15/75cl']",3.15,£3.15/75cl
17233,Innocent Bolt From Blue Juice 330Ml,https://www.tesco.com/groceries/en-GB/products/303415109,1687617640.758757,"['£2.15', '£0.65/100ml']",2.15,£0.65/100ml
17234,Tesco Finest Santo Domingo Drinking Chocolate 250G,https://www.tesco.com/groceries/en-GB/products/300400500,1687617640.869231,"['£2.35', '£0.94/100g']",2.35,£0.94/100g
17235,Naked Green Machine Apple Banana Smoothie 300Ml,https://www.tesco.com/groceries/en-GB/products/309749321,1687617640.936963,"['£2.60', '£0.87/100ml']",2.6,£0.87/100ml
17236,Rubicon Sparkling Mango Juice Drink 2Ltr,https://www.tesco.com/groceries/en-GB/products/275290355,1687617641.063175,"['£1.80', '£0.09/100ml']",1.8,£0.09/100ml
17237,Rubicon Deluxe Mango 1L,https://www.tesco.com/groceries/en-GB/products/300457087,1687617641.1306188,"['£1.90', '£0.19/100ml']",1.9,£0.19/100ml
17238,San Pellegrino Sparkling Orange Drink 330Ml,https://www.tesco.com/groceries/en-GB/products/310113018,1687617641.196683,"['£1.25', '£0.38/100ml']",1.25,£0.38/100ml
17239,Funkin Nitro Cocktails Peach On Beach 200Ml,https://www.tesco.com/groceries/en-GB/products/311260642,1687617641.311032,"['£2.25', '£11.25/litre']",2.25,£11.25/litre
17240,Sma Little Steps Plantygrow Drink 1-3 Years 200Ml,https://www.tesco.com/groceries/en-GB/products/312098412,1687617641.40492,"['£0.85', '£4.25/litre']",0.85,£4.25/litre
17241,Brew Dog Elvis Juice Grapefruit Ipa 4X330ml,https://www.tesco.com/groceries/en-GB/products/294127619,1687617641.495195,"['£6.00', '£4.54/litre']",6.0,£4.54/litre
17242,Hendrick's Gin 70Cl,https://www.tesco.com/groceries/en-GB/products/260479006,1687617641.58951,"['£30.00', '£42.86/litre']",30.0,£42.86/litre
17243,Kanonkop Kadette Cape Blend 750Ml,https://www.tesco.com/groceries/en-GB/products/306653605,1687617647.332968,"['£12.00', '£12.00/75cl']",12.0,£12.00/75cl
17244,Tesco Italian Inspired Espresso Coffee Beans 1Kg,https://www.tesco.com/groceries/en-GB/products/311941793,1687617647.4375591,"['£9.45', '£0.94/100g']",9.45,£0.94/100g
17245,Twinings Green Tea Blend Teabag 80'S 250G,https://www.tesco.com/groceries/en-GB/products/252231012,1687617647.509802,"['£4.50', '£1.80/100g']",4.5,£1.80/100g
17246,Beefeater Dry London Gin 70Cl Bottle,https://www.tesco.com/groceries/en-GB/products/256537013,1687617647.590782,"['£16.50', '£23.57/litre']",16.5,£23.57/litre
17247,Tesco Finest Western Australian Sauvignon Semillon 75Cl,https://www.tesco.com/groceries/en-GB/products/306825921,1687617647.6799612,"['£8.00', '£8.00/75cl']",8.0,£8.00/75cl
17249,Piper Heidsieck Champagne Rose Sauvage 750Ml,https://www.tesco.com/groceries/en-GB/products/311937476,1687617647.866079,"['£48.00', '£48.00/75cl']",48.0,£48.00/75cl
17252,Tesco Finest Assams 100 Teabags 250G,https://www.tesco.com/groceries/en-GB/products/279322232,1687617648.156049,"['£2.60', '£1.04/100g']",2.6,£1.04/100g
17253,White Claw Hard Seltzer Mango 330Ml,https://www.tesco.com/groceries/en-GB/products/307758313,1687617648.22542,"['£2.20', '£6.67/litre']",2.2,£6.67/litre
17254,Purdey's Refocus Natural Energy Dark Fruit Drink 330Ml,https://www.tesco.com/groceries/en-GB/products/308473544,1687617648.317507,"['£1.50', '£0.46/100ml']",1.5,£0.46/100ml
17255,Glenfiddich Mix Pack 3X5cl,https://www.tesco.com/groceries/en-GB/products/295746410,1687617648.429734,"['£14.00', '£93.33/litre']",14.0,£93.33/litre
17256,Tesco Finest Vanilla Chai 50 Tea Bags 125G,https://www.tesco.com/groceries/en-GB/products/279343685,1687617648.520757,"['£1.70', '£1.36/100g']",1.7,£1.36/100g
17257,Don Simon Orange Juicy Bits 1L,https://www.tesco.com/groceries/en-GB/products/312851546,1687617648.593725,"['£2.00', '£0.20/100ml']",2.0,£0.20/100ml
17258,Vault City Triple Fruited Mango Sour Beer 440Ml,https://www.tesco.com/groceries/en-GB/products/310662905,1687617648.6602392,"['£3.50', '£7.96/litre']",3.5,£7.96/litre
17259,Freestar 0.5% Craft Beer 330Ml,https://www.tesco.com/groceries/en-GB/products/312708395,1687617648.749082,"['£1.80', '£5.46/litre']",1.8,£5.46/litre
17260,Caparelli Italian Blush 187Ml,https://www.tesco.com/groceries/en-GB/products/311789267,1687617648.819055,"['£2.00', '£8.02/75cl']",2.0,£8.02/75cl
17261,Starbucks Coconut Cappuccino 250Ml,https://www.tesco.com/groceries/en-GB/products/311790817,1687617648.906406,"['£2.10', '£0.96/100ml']",2.1,£0.96/100ml
17262,Whitley Neill Pineapple Gin 70Cl,https://www.tesco.com/groceries/en-GB/products/311795389,1687617648.994431,"['£28.00', '£40.00/litre']",28.0,£40.00/litre
17263,Bumbu Rum 70Cl,https://www.tesco.com/groceries/en-GB/products/306945047,1687617649.065255,"['£35.00', '£50.00/litre']",35.0,£50.00/litre
17264,Lofbergs Brazil Medium Roast Coffee Beans 1Kg,https://www.tesco.com/groceries/en-GB/products/311435586,1687617649.150496,"['£10.50', '£1.05/100g']",10.5,£1.05/100g
17265,Jameson Black Barrel 70Cl,https://www.tesco.com/groceries/en-GB/products/272228286,1687617649.233248,"['£37.00', '£52.86/litre']",37.0,£52.86/litre
17266,Jura 10 Year Old Malt Whisky 70Cl - Spicy,https://www.tesco.com/groceries/en-GB/products/299335273,1687617649.338946,"['£39.00', '£55.71/litre']",39.0,£55.71/litre
17267,Tesco Vsop Cognac 70Cl,https://www.tesco.com/groceries/en-GB/products/260864116,1687617649.446239,"['£23.00', '£32.86/litre']",23.0,£32.86/litre
17268,Red Leg Spiced Rum 70Cl,https://www.tesco.com/groceries/en-GB/products/290239361,1687617649.603986,"['£21.00', '£30.00/litre']",21.0,£30.00/litre
17269,Grahams Quinta Dos Malvedos Port 75Cl,https://www.tesco.com/groceries/en-GB/products/297419680,1687617649.68091,"['£29.00', '£29.00/75cl']",29.0,£29.00/75cl
17270,Courvoisier V.S. Cognac 1 Litre,https://www.tesco.com/groceries/en-GB/products/250613779,1687617649.762928,"['£39.00', '£39.00/litre']",39.0,£39.00/litre
17271,Birra Moretti Premium Lager 18X330ml,https://www.tesco.com/groceries/en-GB/products/308083366,1687617649.859874,"['£23.00', '£3.87/litre']",23.0,£3.87/litre
17272,Gordon Ramsay Intenso Rosso 750Ml,https://www.tesco.com/groceries/en-GB/products/309749119,1687617649.931735,"['£10.00', '£10.00/75cl']",10.0,£10.00/75cl
17273,Don Carlo Nero D'avola 750Ml,https://www.tesco.com/groceries/en-GB/products/310672605,1687617650.0050979,"['£10.00', '£10.00/75cl']",10.0,£10.00/75cl
17274,Dv Catena Chardonnay Historico 750Ml,https://www.tesco.com/groceries/en-GB/products/306933931,1687617650.071266,"['£12.00', '£12.00/75cl']",12.0,£12.00/75cl
17275,1000 Stories Chardonnay 75Cl,https://www.tesco.com/groceries/en-GB/products/308457339,1687617650.145213,"['£15.00', '£15.00/75cl']",15.0,£15.00/75cl
17276,Zuccardi Serie A Malbec 75Cl,https://www.tesco.com/groceries/en-GB/products/310160635,1687617650.221035,"['£14.00', '£14.00/75cl']",14.0,£14.00/75cl
17277,Laphroaig Single Malt Whisky 10Yr 70Cl - Smoky,https://www.tesco.com/groceries/en-GB/products/256706597,1687617650.2991538,"['£38.00', '£54.29/litre']",38.0,£54.29/litre
17278,Vasse Felix Classic Shiraz 750Ml,https://www.tesco.com/groceries/en-GB/products/306804641,1687617650.400936,"['£12.00', '£12.00/75cl']",12.0,£12.00/75cl
17279,Planeta L Amistanza Fiano 75Cl,https://www.tesco.com/groceries/en-GB/products/309485966,1687617650.5149078,"['£10.00', '£10.00/75cl']",10.0,£10.00/75cl
17280,Pure Via 100% Erythritol Nature Sweet 250G,https://www.tesco.com/groceries/en-GB/products/305438459,1687617650.593044,"['£3.35', '£13.40/kg']",3.35,£13.40/kg
17281,Gerard Bertrand Cote Des Roses 75Cl,https://www.tesco.com/groceries/en-GB/products/312363784,1687617650.681122,"['£11.00', '£11.00/75cl']",11.0,£11.00/75cl
17283,Dash Mango Infused Sparkling Water 4X330ml,https://www.tesco.com/groceries/en-GB/products/312235631,1687617651.000732,"['£4.00', '£0.30/100ml']",4.0,£0.30/100ml
17284,Belvoir Farm Botanical Soda Floral Fizz 500Ml,https://www.tesco.com/groceries/en-GB/products/312097972,1687617651.099856,"['£2.25', '£0.45/100ml']",2.25,£0.45/100ml
17285,Pink Gin 5Cl & Scented Candle Gift Set,https://www.tesco.com/groceries/en-GB/products/312369213,1687617651.167425,"['£5.00', '£5.00/each']",5.0,£5.00/each
17286,Red Bull Sugar Free The Red Edition Watermelon 355Ml,https://www.tesco.com/groceries/en-GB/products/310161717,1687617651.233314,"['£1.85', '£0.52/100ml']",1.85,£0.52/100ml
17287,Monster Energy Juiced Monarch 500Ml,https://www.tesco.com/groceries/en-GB/products/310675343,1687617651.353781,"['£1.80', '£0.36/100ml']",1.8,£0.36/100ml
17288,Lucozade Sport Orange 750Ml,https://www.tesco.com/groceries/en-GB/products/302012236,1687617651.465822,"['£1.25', '£0.17/100ml']",1.25,£0.17/100ml
17289,Monster Pipeline Punch 500Ml,https://www.tesco.com/groceries/en-GB/products/303068047,1687617651.5362759,"['£1.80', '£0.36/100ml']",1.8,£0.36/100ml
17290,Vocation Aoraki Dipa 440Ml,https://www.tesco.com/groceries/en-GB/products/311788029,1687617651.6545322,"['£3.75', '£8.52/litre']",3.75,£8.52/litre
17291,Britvic J20 Apple & Mango 4 X 275 Ml,https://www.tesco.com/groceries/en-GB/products/253513985,1687617658.17219,"['£4.50', '£0.41/100ml']",4.5,£0.41/100ml
17292,J20 Summer Shine Pear & Guava 4 X 275Ml,https://www.tesco.com/groceries/en-GB/products/313388396,1687617658.270147,"['£4.50', '£0.41/100ml']",4.5,£0.41/100ml
17293,Tropicana Tropical Fruit Juice 1.5L,https://www.tesco.com/groceries/en-GB/products/313733345,1687617658.365571,"['£4.50', '£0.30/100ml']",4.5,£0.30/100ml
17294,Britvic J2o Apple & Raspberry Fruit 4 X 275Ml,https://www.tesco.com/groceries/en-GB/products/258511568,1687617658.467298,"['£4.50', '£0.41/100ml']",4.5,£0.41/100ml
17295,Britvic J2o Orange & Passion Fruit 4 X 275 Ml,https://www.tesco.com/groceries/en-GB/products/253512404,1687617658.561727,"['£4.50', '£0.41/100ml']",4.5,£0.41/100ml
17297,Strongbow Cider Tropical 4 X 440Ml,https://www.tesco.com/groceries/en-GB/products/313849180,1687617658.768409,"['£5.60', '£3.18/litre']",5.6,£3.18/litre
17298,J2o Apple & Raspberry 4X250ml,https://www.tesco.com/groceries/en-GB/products/298040127,1687617658.8401349,"['£2.65', '£0.26/100ml']",2.65,£0.26/100ml
17299,J2o Orange & Passion Fruit 250Mlx4,https://www.tesco.com/groceries/en-GB/products/298040140,1687617658.9079318,"['£2.65', '£0.26/100ml']",2.65,£0.26/100ml
17300,Brewdog Arcade Made Ddh Ipa 440 Ml,https://www.tesco.com/groceries/en-GB/products/313617316,1687617658.977896,"['£4.00', '£9.09/litre']",4.0,£9.09/litre
17301,Brewdog Palm Beach Pina Colada Ipa 440Ml,https://www.tesco.com/groceries/en-GB/products/313368702,1687617659.076879,"['£3.50', '£7.96/litre']",3.5,£7.96/litre
17302,Brewdog Planet Pale Ale 440Ml,https://www.tesco.com/groceries/en-GB/products/309483692,1687617659.180794,"['£2.75', '£6.25/litre']",2.75,£6.25/litre
17303,Brothers Raspberry Ripple English Cider 500Ml,https://www.tesco.com/groceries/en-GB/products/313849341,1687617659.2784588,"['£2.45', '£4.90/litre']",2.45,£4.90/litre
17304,Brewdog Elvis Juice Ipa 440Ml,https://www.tesco.com/groceries/en-GB/products/310674027,1687617659.3743098,"['£2.75', '£6.25/litre']",2.75,£6.25/litre
17305,Brewdog Punk Ipa Beer 440Ml,https://www.tesco.com/groceries/en-GB/products/308107419,1687617659.465922,"['£2.25', '£5.11/litre']",2.25,£5.11/litre
17306,Strongbow Tropical Cider 500Ml,https://www.tesco.com/groceries/en-GB/products/313622252,1687617659.5589151,"['£2.30', '£4.60/litre']",2.3,£4.60/litre
17307,Northern Monk Faith In Futures Ddh Ipa 440Ml,https://www.tesco.com/groceries/en-GB/products/313756911,1687617659.684732,"['£3.50', '£7.96/litre']",3.5,£7.96/litre
17308,Northern Monk Heretic Hazy Ipa 440Ml,https://www.tesco.com/groceries/en-GB/products/313168985,1687617659.776139,"['£3.50', '£7.96/litre']",3.5,£7.96/litre
17309,Kopparberg Ginger Beer Orange 500Ml,https://www.tesco.com/groceries/en-GB/products/313833152,1687617659.869524,"['£2.30', '£4.60/litre']",2.3,£4.60/litre
17310,Kopparberg Summer Punch 500Ml,https://www.tesco.com/groceries/en-GB/products/313503658,1687617659.964756,"['£2.30', '£4.60/litre']",2.3,£4.60/litre
17311,Old Mout Cider Berries & Cherries 500Ml,https://www.tesco.com/groceries/en-GB/products/283274639,1687617660.053772,"['£2.45', '£4.90/litre']",2.45,£4.90/litre
17312,Ciroc Red Berry Vodka 70Cl,https://www.tesco.com/groceries/en-GB/products/282243223,1687617660.146364,"['£40.00', '£57.14/litre']",40.0,£57.14/litre
17313,Monster Energy Ultra 9 X 500Ml,https://www.tesco.com/groceries/en-GB/products/313610787,1687617660.2123141,"['£10.00', '£0.22/100ml']",10.0,£0.22/100ml
17314,Monster Energy Ultra Fiesta Zero Sugar Mango 9X500ml,https://www.tesco.com/groceries/en-GB/products/313624647,1687617660.2841861,"['£10.00', '£0.22/100ml']",10.0,£0.22/100ml
17316,Moth Margarita Cocktails 6 X 125Ml,https://www.tesco.com/groceries/en-GB/products/314686583,1687617660.431138,"['£20.00', '£26.67/litre']",20.0,£26.67/litre
17317,Tails Cocktails Raspberry Cosmo Pre-Mixed 500Ml,https://www.tesco.com/groceries/en-GB/products/313958747,1687617660.498658,"['£15.00', '£30.00/litre']",15.0,£30.00/litre
17318,Pepsi Max No Sugar Mango 24 X 330Ml,https://www.tesco.com/groceries/en-GB/products/313509934,1687617660.574775,"['£10.00', '£0.13/100ml']",10.0,£0.13/100ml
17319,Twinings Earl Grey 80 Teabags 200G,https://www.tesco.com/groceries/en-GB/products/313600042,1687617660.6429288,"['£5.75', '£2.88/100g']",5.75,£2.88/100g
17320,Tassimo Costa Vanilla Latte Coffee Pods X6 203.4G,https://www.tesco.com/groceries/en-GB/products/309188431,1687617660.771759,"['£4.80', '£2.36/100g']",4.8,£2.36/100g
17321,Cafepod Craft Coffee Brunch Blend 10 Pack 55G,https://www.tesco.com/groceries/en-GB/products/306655632,1687617660.919779,"['£3.80', '£6.91/100g']",3.8,£6.91/100g
17322,Cafepod Supercharger 10 Pack 55G,https://www.tesco.com/groceries/en-GB/products/296582001,1687617661.0088499,"['£3.80', '£6.91/100g']",3.8,£6.91/100g
17323,Perfect Ted Green Tea Apple & Raspberry 4X250ml,https://www.tesco.com/groceries/en-GB/products/314318297,1687617661.100157,"['£6.00', '£0.60/100ml']",6.0,£0.60/100ml
17324,Perfect Ted Green Tea Pineapple Yuzu 4X250ml,https://www.tesco.com/groceries/en-GB/products/313953234,1687617661.1669078,"['£6.00', '£0.60/100ml']",6.0,£0.60/100ml
17325,Twinings Lady Grey Tea Bags X80 200G,https://www.tesco.com/groceries/en-GB/products/313512906,1687617661.233184,"['£5.75', '£2.88/100g']",5.75,£2.88/100g
17326,Tesco Finest 10 Vanilla Flavour Coffee Capsules 54G,https://www.tesco.com/groceries/en-GB/products/313734396,1687617661.324,"['£2.90', '£5.37/100g']",2.9,£5.37/100g
17327,Tesco Finest 10 Hazelnut Flavour Coffee Capsules 54G,https://www.tesco.com/groceries/en-GB/products/313746595,1687617661.390416,"['£2.90', '£5.37/100g']",2.9,£5.37/100g
17328,Marston's Classic Beer Mixed Ale 6X500ml,https://www.tesco.com/groceries/en-GB/products/313850807,1687617661.46305,"['£9.75', '£3.25/litre']",9.75,£3.25/litre
17329,Starbucks Colombia Coffee Pods 10 Pack 57G,https://www.tesco.com/groceries/en-GB/products/304493739,1687617661.5600178,"['£4.25', '£7.46/100g']",4.25,£7.46/100g
17330,Stowford Press Apple Cider Low Alcohol 4X330ml,https://www.tesco.com/groceries/en-GB/products/313750232,1687617661.626716,"['£3.50', '£2.65/litre']",3.5,£2.65/litre
17331,Rokit Immunity Boost Coffee 10 Pods 56G,https://www.tesco.com/groceries/en-GB/products/313847412,1687617661.694456,"['£4.00', '£7.14/100g']",4.0,£7.14/100g
17333,taylors earl grey 50 t/bags 125g,https://www.tesco.com/groceries/en-GB/products/276615956,1687617661.8612852,"['£2.79', '£2.23/100g']",2.79,£2.23/100g
17334,Tea India Masala Chai 40S 100G,https://www.tesco.com/groceries/en-GB/products/275289029,1687617661.928527,"['£2.80', '£2.80/100g']",2.8,£2.80/100g
17336,Rokit 10 Pods Mind Boost Coffee 56G,https://www.tesco.com/groceries/en-GB/products/313184927,1687617662.0686731,"['£4.00', '£7.14/100g']",4.0,£7.14/100g
17337,Tea India - Ginger Chai 40's 100g,https://www.tesco.com/groceries/en-GB/products/314586047,1687617662.161699,"['£2.80', '£2.80/100g']",2.8,£2.80/100g
17338,Lucozade Sport Zero Sugar Raspberry & Passion Fruit 4X500ml,https://www.tesco.com/groceries/en-GB/products/313943471,1687617662.2751832,"['£3.50', '£0.18/100ml']",3.5,£0.18/100ml
17339,Dettol Multi Purpose Citrus Wipes 105S,https://www.tesco.com/groceries/en-GB/products/304386135,1687617670.507655,"['£3.50', '£3.33/100sht']",3.5,£3.33/100sht
17340,Febreze 3Volution Refill Orange & Cinnamon 20Ml,https://www.tesco.com/groceries/en-GB/products/312223772,1687617670.593426,"['£4.00', '£200.00/litre']",4.0,£200.00/litre
17341,Tesco Golden Topaz Fragrance Booster 275G,https://www.tesco.com/groceries/en-GB/products/295098524,1687617670.6932192,"['£3.00', '£10.91/kg']",3.0,£10.91/kg
17342,Tesco Dishwashing Rubber Gloves Large,https://www.tesco.com/groceries/en-GB/products/250366823,1687617670.766588,"['£1.35', '£1.35/Pair']",1.35,£1.35/Pair
17343,Tesco Pan Scourers 5 Pack,https://www.tesco.com/groceries/en-GB/products/267362830,1687617670.8480651,"['£1.40', '£0.28/each']",1.4,£0.28/each
17344,Tesco Microfibre Cloth 4 Pack,https://www.tesco.com/groceries/en-GB/products/294643280,1687617670.924337,"['£2.00', '£0.50/each']",2.0,£0.50/each
17345,Duck Fresh Disc Holder Lime,https://www.tesco.com/groceries/en-GB/products/299160231,1687617671.000216,"['£3.00', '£83.33/litre']",3.0,£83.33/litre
17346,Cif Citrus Bathroom Mousse 500Ml,https://www.tesco.com/groceries/en-GB/products/254870346,1687617671.0925922,"['£3.00', '£6.00/litre']",3.0,£6.00/litre
17347,Tesco Fabric Conditioner Pink Diamond 1.26L 42Washes,https://www.tesco.com/groceries/en-GB/products/297472913,1687617671.210547,"['£2.15', '£1.71/litre']",2.15,£1.71/litre
17348,Dettol Big & Strong Kitchen Wipes 25S,https://www.tesco.com/groceries/en-GB/products/299258940,1687617671.3050811,"['£3.00', '£12.00/100sht']",3.0,£12.00/100sht
17349,Lenor Outdoorable Pink Blossom Fabric Conditioner 55W 770Ml,https://www.tesco.com/groceries/en-GB/products/312587542,1687617671.399916,"['£3.50', '£4.54/litre']",3.5,£4.54/litre
17350,Tesco Twin Pack Sponge Bathroom Cleaner,https://www.tesco.com/groceries/en-GB/products/258237209,1687617671.500038,"['£1.15', '£0.58/each']",1.15,£0.58/each
17351,Mr Muscle Platinum Window & Glass 500Ml,https://www.tesco.com/groceries/en-GB/products/313755077,1687617671.575131,"['£1.89', '£3.78/litre']",1.89,£3.78/litre
17352,Fabreze Antibacterial Fabric Refresher Spray Fresh Linen 375Ml,https://www.tesco.com/groceries/en-GB/products/311432785,1687617671.645065,"['£2.50', '£6.67/litre']",2.5,£6.67/litre
17353,Lenor In-Wash Scent Booster Spring Awakening 176G,https://www.tesco.com/groceries/en-GB/products/312558637,1687617671.7131069,"['£3.00', '£17.04/kg']",3.0,£17.04/kg
17354,Lenor In-Wash Scent Booster Pink Tulips 176G,https://www.tesco.com/groceries/en-GB/products/314301982,1687617671.783803,"['£3.00', '£17.04/kg']",3.0,£17.04/kg
17355,Flash Kitchen Cleaning Spray Citrus 800Ml,https://www.tesco.com/groceries/en-GB/products/312581370,1687617671.852967,"['£2.49', '£3.11/litre']",2.49,£3.11/litre
17356,Zoflora Linen Fresh Concentrated Disinfectant 120Ml,https://www.tesco.com/groceries/en-GB/products/311436746,1687617671.919887,"['£1.75', '£14.58/litre']",1.75,£14.58/litre
17357,Lenor In Wash Scent Booster Lavender & Camomile 176G,https://www.tesco.com/groceries/en-GB/products/313615249,1687617671.9934452,"['£3.00', '£17.04/kg']",3.0,£17.04/kg
17358,Harpic Active Gel Fresh Power Pine 750Ml,https://www.tesco.com/groceries/en-GB/products/250108502,1687617672.0637271,"['£1.30', '£1.73/litre']",1.3,£1.73/litre
17359,Cif Eco Refill Power & Shine Bathroom 70Ml,https://www.tesco.com/groceries/en-GB/products/305048120,1687617672.131674,"['£1.45', '£20.71/litre']",1.45,£20.71/litre
17360,Tesco Solid Gel Air Freshener Cotton Fresh,https://www.tesco.com/groceries/en-GB/products/254179255,1687617672.199575,"['£0.80', '£6.67/kg']",0.8,£6.67/kg
17361,Lenor Unstoppables In-Wash Scent Booster Fresh 176G,https://www.tesco.com/groceries/en-GB/products/312104752,1687617672.270553,"['£3.00', '£1.70/100g']",3.0,£1.70/100g
17362,Tesco Biological Liquid Detergent Super Concentrated 900Ml,https://www.tesco.com/groceries/en-GB/products/308117489,1687617672.341542,"['£2.10', '£2.33/litre']",2.1,£2.33/litre
17363,Finish Quantum All In One Dishwasher Tabs 72Pk 748.8G,https://www.tesco.com/groceries/en-GB/products/311431705,1687617672.414691,"['£12.00', '£16.03/kg']",12.0,£16.03/kg
17364,Tesco Tall & Chunky Click Lid 30Pack 50L Bin Liners,https://www.tesco.com/groceries/en-GB/products/305979665,1687617672.486915,"['£5.90', '£0.20/each']",5.9,£0.20/each
17365,Vanish Gold Oxi Advance Stain Remover Powder 850G,https://www.tesco.com/groceries/en-GB/products/299537149,1687617672.554935,"['£7.80', '£9.18/kg']",7.8,£9.18/kg
17366,Ariel Original Washing Powder 50 Washes 3.25Kg,https://www.tesco.com/groceries/en-GB/products/312350197,1687617672.660008,"['£11.00', '£3.38/kg']",11.0,£3.38/kg
17367,Ecover Softener Apple Blossom & Almond 50W 1.5L,https://www.tesco.com/groceries/en-GB/products/297781639,1687617672.728024,"['£5.00', '£3.33/litre']",5.0,£3.33/litre
17368,Woolite Hand & Machine Wash 750Ml,https://www.tesco.com/groceries/en-GB/products/264396662,1687617672.795722,"['£5.00', '£6.67/litre']",5.0,£6.67/litre
17369,Spontex Microfibre Cloth 4 Pack,https://www.tesco.com/groceries/en-GB/products/278631564,1687617672.868799,"['£3.30', '£0.82/each']",3.3,£0.82/each
17370,Fairy Non Biological Washing Gel 35 Washes 1225Ml,https://www.tesco.com/groceries/en-GB/products/312705677,1687617672.939522,"['£7.50', '£6.12/litre']",7.5,£6.12/litre
17371,Dishmatic General Purpose Refills 6 Pack,https://www.tesco.com/groceries/en-GB/products/285355512,1687617673.028897,"['£3.00', '£0.50/each']",3.0,£0.50/each
17372,Persil Biological Liquid Laundry Detergent 38 Washes 1026Ml,https://www.tesco.com/groceries/en-GB/products/306504309,1687617673.094851,"['£7.00', '£6.82/litre']",7.0,£6.82/litre
17373,Lenor In-Wash Scent Booster Spring Awakening 320G,https://www.tesco.com/groceries/en-GB/products/312715714,1687617673.161539,"['£6.75', '£21.09/kg']",6.75,£21.09/kg
17374,Bold Washing Gel Lavender & Camomile 24 Washes 840Ml,https://www.tesco.com/groceries/en-GB/products/312708844,1687617673.228151,"['£5.00', '£5.95/litre']",5.0,£5.95/litre
17375,Polylina Medium Plastic Tubs & Lids 8 Pack,https://www.tesco.com/groceries/en-GB/products/295747460,1687617673.399688,"['£3.70', '£0.46/each']",3.7,£0.46/each
17376,Spontex 40 All Purpose Cloths On A Roll,https://www.tesco.com/groceries/en-GB/products/252440070,1687617673.478911,"['£3.50', '£0.09/each']",3.5,£0.09/each
17377,Tesco Food Bags Click & Seal Xl 15 Pack,https://www.tesco.com/groceries/en-GB/products/297040388,1687617673.55219,"['£2.40', '£0.16/each']",2.4,£0.16/each
17378,Spontex Long Lasting Kitchen Cloth 2 Pack,https://www.tesco.com/groceries/en-GB/products/259624251,1687617673.6580548,"['£3.15', '£1.58/each']",3.15,£1.58/each
17379,Method Wild Rhubarb All Floor Cleaner 739Ml,https://www.tesco.com/groceries/en-GB/products/302801316,1687617673.7330298,"['£4.50', '£6.09/litre']",4.5,£6.09/litre
17380,Method Spray Shower Cleaner Ylang 828Ml,https://www.tesco.com/groceries/en-GB/products/264889822,1687617673.800331,"['£4.00', '£4.83/litre']",4.0,£4.83/litre
17381,Method Bathroom Cleaner Eucalyptus & Mint 828Ml,https://www.tesco.com/groceries/en-GB/products/259964781,1687617673.875259,"['£4.00', '£4.83/litre']",4.0,£4.83/litre
17382,Comfort Ult/C Fuchsia Passion Fabric Conditioner 58W 870Ml,https://www.tesco.com/groceries/en-GB/products/307745616,1687617673.941542,"['£5.00', '£5.75/litre']",5.0,£5.75/litre
17383,Tesco Flat Top Wheelie Bin Liners 10 Pack 240L,https://www.tesco.com/groceries/en-GB/products/254124044,1687617674.00916,"['£2.50', '£0.25/each']",2.5,£0.25/each
17384,Tesco Extra Wear Gloves Large,https://www.tesco.com/groceries/en-GB/products/276341714,1687617674.075982,"['£2.00', '£2.00/Pair']",2.0,£2.00/Pair
17385,Fairy Non Biological Washing Gel 24 Washes 840Ml,https://www.tesco.com/groceries/en-GB/products/311781745,1687617674.143882,"['£6.00', '£7.14/litre']",6.0,£7.14/litre
17386,Tesco Easy Seal Ice Cube Bags Pack 10'S,https://www.tesco.com/groceries/en-GB/products/257134119,1687617674.23491,"['£1.85', '£0.18/each']",1.85,£0.18/each
17387,Tesco Led Mini Globe Warm White 25W Bayonet Cap 2 Pack,https://www.tesco.com/groceries/en-GB/products/311765483,1687617678.515271,"['£3.50', '£1.75/each']",3.5,£1.75/each
17388,Tesco Led Mini Globe Warm White 25W Edison Screw 2 Pack,https://www.tesco.com/groceries/en-GB/products/311765477,1687617678.598399,"['£3.50', '£1.75/each']",3.5,£1.75/each
17389,Mighty Mat Scraper Mat 40 X 60Cm,https://www.tesco.com/groceries/en-GB/products/304847817,1687617678.717201,"['£4.00', '£4.00/each']",4.0,£4.00/each
17390,Odor-Eaters Ultra Comfort 1 Pair,https://www.tesco.com/groceries/en-GB/products/251995969,1687617678.8655732,"['£3.75', '£3.75/Pair']",3.75,£3.75/Pair
17391,Pet Lint Roller 4.9M (Fragranced),https://www.tesco.com/groceries/en-GB/products/264237788,1687617678.9558,"['£3.20', '£0.10/each']",3.2,£0.10/each
17392,Tesco Rainbow Hearts Bottle 550Ml,https://www.tesco.com/groceries/en-GB/products/311520427,1687617679.0942662,"['£4.00', '£4.00/each']",4.0,£4.00/each
17393,Hg Grout Cleaner Ready-To-Use 500Ml,https://www.tesco.com/groceries/en-GB/products/302348340,1687617679.174345,"['£5.00', '£10.00/litre']",5.0,£10.00/litre
17394,Yankee Candle Small Jar - Cherry Vanilla,https://www.tesco.com/groceries/en-GB/products/302738374,1687617679.2684422,"['£5.50', '£5.50/each']",5.5,£5.50/each
17395,Tesco Grey Tracker Bottle 550Ml,https://www.tesco.com/groceries/en-GB/products/309795403,1687617679.393866,"['£4.00', '£4.00/each']",4.0,£4.00/each
17396,Method Multisurface Concentrate Mango & Citrus 240Ml,https://www.tesco.com/groceries/en-GB/products/311228707,1687617679.665148,"['£4.75', '£19.79/litre']",4.75,£19.79/litre
17397,Tesco Rainbow Food Storage Set 7Pce,https://www.tesco.com/groceries/en-GB/products/311520531,1687617679.744386,"['£6.00', '£6.00/each']",6.0,£6.00/each
17398,"Korbond Scissors Soft Touch 8""",https://www.tesco.com/groceries/en-GB/products/258194005,1687617679.8169951,"['£4.00', '£4.00/each']",4.0,£4.00/each
17399,Tesco Push Top Food Storage White 0.5L,https://www.tesco.com/groceries/en-GB/products/307788605,1687617679.886883,"['£3.50', '£3.50/each']",3.5,£3.50/each
17400,Curver Your Style Recycled Medium Blush,https://www.tesco.com/groceries/en-GB/products/310600692,1687617679.963912,"['£3.00', '£3.00/each']",3.0,£3.00/each
17401,Glade Aromatherapy Mist Diffuser Refill Calm Mind 17.4Ml,https://www.tesco.com/groceries/en-GB/products/310673512,1687617680.03493,"['£6.00', '£344.83/litre']",6.0,£344.83/litre
17402,Tesco Klipfresh Juice Jug 2L,https://www.tesco.com/groceries/en-GB/products/296663120,1687617680.109032,"['£5.00', '£5.00/each']",5.0,£5.00/each
17403,Tesco Aqua Straw Cup 450Ml,https://www.tesco.com/groceries/en-GB/products/308880085,1687617680.210334,"['£3.00', '£3.00/each']",3.0,£3.00/each
17404,Wham Studio 4.01 White,https://www.tesco.com/groceries/en-GB/products/307632583,1687617680.280235,"['£2.00', '£2.00/each']",2.0,£2.00/each
17405,Korbond Needles Machine,https://www.tesco.com/groceries/en-GB/products/255289970,1687617680.3513238,"['£1.80', '£0.30/each']",1.8,£0.30/each
17406,Cherry Blossom Flat Shoe Laces Black 180Cm,https://www.tesco.com/groceries/en-GB/products/311435816,1687617680.424841,"['£2.15', '£2.15/Pair']",2.15,£2.15/Pair
17407,Scrub Daddy Dish Daddy Soap Dishwand Blue,https://www.tesco.com/groceries/en-GB/products/313174919,1687617680.498431,"['£6.00', '£6.00/each']",6.0,£6.00/each
17408,Tesco Cloth Mop Refill Blue Grey,https://www.tesco.com/groceries/en-GB/products/310019240,1687617680.58222,"['£2.50', '£2.50/each']",2.5,£2.50/each
17409,Cherry Blossom Round Shoe Laces Twin Pack Black 75Cm,https://www.tesco.com/groceries/en-GB/products/310845321,1687617680.652874,"['£1.80', '£1.80/Pair']",1.8,£1.80/Pair
17410,Hook & Loop Self Adhesive White 50Cm,https://www.tesco.com/groceries/en-GB/products/267531515,1687617680.751184,"['£1.70', '£1.70/each']",1.7,£1.70/each
17411,Instant Repair Tape,https://www.tesco.com/groceries/en-GB/products/288421591,1687617680.819038,"['£1.60', '£1.60/each']",1.6,£1.60/each
17412,Korbond Thread Poly 160M White,https://www.tesco.com/groceries/en-GB/products/258195603,1687617680.89431,"['£1.10', '£0.01/metre']",1.1,£0.01/metre
17413,Glade Aromatherapy Mist Diffuser Zen Kit 17.4Ml,https://www.tesco.com/groceries/en-GB/products/310096890,1687617680.964481,"['£15.00', '£862.07/litre']",15.0,£862.07/litre
17414,Natures Wick Large Candle Cashmere Wool,https://www.tesco.com/groceries/en-GB/products/306753032,1687617681.056562,"['£16.50', '£16.50/each']",16.5,£16.50/each
17415,Natures Wick Large Candle Sage & White Pepper,https://www.tesco.com/groceries/en-GB/products/306753061,1687617681.124992,"['£16.50', '£16.50/each']",16.5,£16.50/each
17416,Yankee Candle Medium Jar Exotic Fruits,https://www.tesco.com/groceries/en-GB/products/296953409,1687617681.193245,"['£12.00', '£12.00/each']",12.0,£12.00/each
17417,Airwick Air Freshener Essential Mist Peony And Jasmine Kit,https://www.tesco.com/groceries/en-GB/products/299153620,1687617681.261577,"['£12.00', '£12.00/each']",12.0,£12.00/each
17418,Minky Smart Fit Ironing Board Cover Pearl,https://www.tesco.com/groceries/en-GB/products/302253653,1687617681.329047,"['£10.00', '£10.00/each']",10.0,£10.00/each
17419,Tesco Grey 1L Chugger Bottle,https://www.tesco.com/groceries/en-GB/products/309795478,1687617681.405016,"['£7.50', '£7.50/each']",7.5,£7.50/each
17420,Nature Wick Scented Candle Sage & White Pepper,https://www.tesco.com/groceries/en-GB/products/306752989,1687617681.478113,"['£12.50', '£12.50/each']",12.5,£12.50/each
17421,Natures Wick Scented Candle Wild Honey,https://www.tesco.com/groceries/en-GB/products/309524092,1687617681.547277,"['£12.50', '£12.50/each']",12.5,£12.50/each
17422,Tesco Grey Sipper Bottle 750Ml,https://www.tesco.com/groceries/en-GB/products/309795432,1687617681.615989,"['£6.00', '£6.00/each']",6.0,£6.00/each
17423,Scissors Dressmaker,https://www.tesco.com/groceries/en-GB/products/278633954,1687617681.6863449,"['£7.40', '£7.40/each']",7.4,£7.40/each
17424,Tesco Stainless Steel Extendable Radiator Airer,https://www.tesco.com/groceries/en-GB/products/310019580,1687617681.760169,"['£9.00', '£9.00/each']",9.0,£9.00/each
17425,Tesco Recycled Cutlery Tray Dark Grey,https://www.tesco.com/groceries/en-GB/products/305024920,1687617681.834523,"['£4.00', '£4.00/each']",4.0,£4.00/each
17426,Cherry Blossom Sneaker Fresh 100Ml,https://www.tesco.com/groceries/en-GB/products/311685410,1687617681.980305,"['£4.80', '£4.80/100ml']",4.8,£4.80/100ml
17427,Minky Microfibre & Cotton Extra Large Dual Action Mop,https://www.tesco.com/groceries/en-GB/products/311788496,1687617682.049272,"['£7.00', '£7.00/each']",7.0,£7.00/each
17428,Tesco Wire Plate Rack,https://www.tesco.com/groceries/en-GB/products/308070681,1687617682.118923,"['£6.00', '£6.00/each']",6.0,£6.00/each
17429,Airwick Active Fresh Refill Fresh Cotton 228Ml,https://www.tesco.com/groceries/en-GB/products/313739575,1687617682.187995,"['£6.00', '£26.32/litre']",6.0,£26.32/litre
17430,Yankee Pink Sands Aromatherapy Oil 10Ml,https://www.tesco.com/groceries/en-GB/products/310172811,1687617682.280461,"['£6.00', '£600.00/litre']",6.0,£600.00/litre
17431,Tesco Push Top Food Storage White 1.5L,https://www.tesco.com/groceries/en-GB/products/307788628,1687617682.352659,"['£4.75', '£4.75/each']",4.75,£4.75/each
17432,Tesco Rotating Organiser,https://www.tesco.com/groceries/en-GB/products/310019430,1687617682.424651,"['£8.00', '£8.00/each']",8.0,£8.00/each
17433,Airwick Active Fresh Refill Eucalyptus & Freesia 228Ml,https://www.tesco.com/groceries/en-GB/products/313361364,1687617682.494883,"['£6.00', '£26.32/litre']",6.0,£26.32/litre
17434,Airwick Stacey Solomon Active Fresh Refill Morning Meadow 228Ml,https://www.tesco.com/groceries/en-GB/products/313500241,1687617682.5869231,"['£6.00', '£26.32/litre']",6.0,£26.32/litre
17435,Activia Rhubarb Yogurt 4X115g,https://www.tesco.com/groceries/en-GB/products/308099590,1687617705.45569,"['£2.50', '£0.54/100g']",2.5,£0.54/100g
17436,Activia Strawberry Yogurt 4X115g,https://www.tesco.com/groceries/en-GB/products/308114446,1687617705.530551,"['£2.50', '£0.54/100g']",2.5,£0.54/100g
17437,Tesco British Salted Block Butter 250G ++,https://www.tesco.com/groceries/en-GB/products/290920510,1687617705.602725,"['£1.89', '£7.56/kg']",1.89,£7.56/kg
17438,Tesco British Unsalted Butter 250G,https://www.tesco.com/groceries/en-GB/products/290921181,1687617705.680577,"['£1.89', '£7.56/kg']",1.89,£7.56/kg
17439,Tesco Semi Skimmed Milk 1.13L/2 Pints,https://www.tesco.com/groceries/en-GB/products/252207537,1687617705.756268,"['£1.25', '£1.11/litre']",1.25,£1.11/litre
17440,Chestnut Mushrooms 250G,https://www.tesco.com/groceries/en-GB/products/273796618,1687617705.83423,"['£1.10', '£4.40/kg']",1.1,£4.40/kg
17441,Tesco Sweet Peppers 500G,https://www.tesco.com/groceries/en-GB/products/295673143,1687617705.901057,"['£1.80', '£3.60/kg']",1.8,£3.60/kg
17442,Tesco Maris Piper Potatoes 2.5Kg,https://www.tesco.com/groceries/en-GB/products/258423755,1687617705.9754891,"['£1.59', '£0.64/kg']",1.59,£0.64/kg
17443,Tesco Clementine Or Sweet Easy Peeler Pack 600G,https://www.tesco.com/groceries/en-GB/products/266499399,1687617706.046759,"['£1.35', '£2.25/kg']",1.35,£2.25/kg
17444,T.Ripe & Ready Twin Pack Avocados,https://www.tesco.com/groceries/en-GB/products/265299741,1687617706.1188312,"['£1.60', '£0.80/each']",1.6,£0.80/each
17445,Lemons Each,https://www.tesco.com/groceries/en-GB/products/253556398,1687617706.2126982,"['£0.30', '£0.30/each']",0.3,£0.30/each
17446,Tesco Green Seedless Grapes Punnet 500G,https://www.tesco.com/groceries/en-GB/products/260138290,1687617706.282718,"['£2.00', '£4.00/kg']",2.0,£4.00/kg
17447,Tesco Cucumber Whole Each,https://www.tesco.com/groceries/en-GB/products/253558972,1687617706.3726,"['£0.79', '£0.79/each']",0.79,£0.79/each
17448,Tesco Skimmed Milk 2.272L/4 Pints,https://www.tesco.com/groceries/en-GB/products/254656508,1687617706.441696,"['£1.55', '£0.68/litre']",1.55,£0.68/litre
17449,Tesco Salad Tomatoes 6 Pack,https://www.tesco.com/groceries/en-GB/products/282997799,1687617706.5155358,"['£0.85', '£2.36/kg']",0.85,£2.36/kg
17450,Bananas Loose,https://www.tesco.com/groceries/en-GB/products/275280804,1687617706.603075,"['£0.18', '£1.01/kg']",0.18,£1.01/kg
17451,Limes Each,https://www.tesco.com/groceries/en-GB/products/253560634,1687617706.674724,"['£0.24', '£0.24/each']",0.24,£0.24/each
17452,Tesco Bunched Spring Onions 100G,https://www.tesco.com/groceries/en-GB/products/281035500,1687617706.740621,"['£0.50', '£5.00/kg']",0.5,£5.00/kg
17453,Tesco British Semi Skimmed Milk 2.272L 4 Pints,https://www.tesco.com/groceries/en-GB/products/254656543,1687617706.813399,"['£1.55', '£0.68/litre']",1.55,£0.68/litre
17454,Red Peppers Each Class 1,https://www.tesco.com/groceries/en-GB/products/258421636,1687617706.916885,"['£0.60', '£0.60/each']",0.6,£0.60/each
17455,Tesco Parsnips 500G,https://www.tesco.com/groceries/en-GB/products/307365386,1687617706.991273,"['£0.62', '£1.24/kg']",0.62,£1.24/kg
17457,Tesco Broccoli 375G,https://www.tesco.com/groceries/en-GB/products/307344549,1687617707.132958,"['£0.72', '£1.92/kg']",0.72,£1.92/kg
17458,Tesco Whole Milk 2.272L/4 Pints,https://www.tesco.com/groceries/en-GB/products/254656399,1687617707.2037609,"['£1.55', '£0.68/litre']",1.55,£0.68/litre
17459,Iceberg Lettuce Each,https://www.tesco.com/groceries/en-GB/products/253557495,1687617707.275284,"['£0.70', '£0.70/each']",0.7,£0.70/each
17460,Tesco Cauliflower,https://www.tesco.com/groceries/en-GB/products/253558119,1687617707.347824,"['£0.95', '£0.95/each']",0.95,£0.95/each
17461,Tesco Beef Lean Steak Mince 500G 5% Fat,https://www.tesco.com/groceries/en-GB/products/250871426,1687617707.417384,"['£3.49', '£6.98/kg']",3.49,£6.98/kg
17463,Tesco Pink Lady Apple Minimum 5 Pack,https://www.tesco.com/groceries/en-GB/products/284477542,1687617707.5633879,"['£2.80', '£0.56/each']",2.8,£0.56/each
17464,Cravendale Semi Skimmed Milk 2 Litre,https://www.tesco.com/groceries/en-GB/products/257264875,1687617707.629545,"['£2.60', '£1.30/litre']",2.6,£1.30/litre
17465,Tesco Large Free Range Eggs 6 Pack,https://www.tesco.com/groceries/en-GB/products/250802567,1687617707.718697,"['£1.80', '£0.30/each']",1.8,£0.30/each
17466,Tesco Fresh Double Cream 300Ml,https://www.tesco.com/groceries/en-GB/products/262479533,1687617707.7874172,"['£1.35', '£0.45/100ml']",1.35,£0.45/100ml
17467,Tesco 2 Boneless Salmon Fillets 260G,https://www.tesco.com/groceries/en-GB/products/296920881,1687617707.858214,"['£4.95', '£19.04/kg']",4.95,£19.04/kg
17468,Tesco Braeburn Apple Minimum 5 Pack,https://www.tesco.com/groceries/en-GB/products/284475671,1687617707.934473,"['£1.70', '£0.34/each']",1.7,£0.34/each
17469,Tesco Brown Onions Minimum 3 Pack 385G,https://www.tesco.com/groceries/en-GB/products/281426090,1687617708.0271082,"['£1.10', '£2.86/kg']",1.1,£2.86/kg
17470,Tesco Filtered Semi Skimmed Milk 1 Litre,https://www.tesco.com/groceries/en-GB/products/260388246,1687617708.17016,"['£1.35', '£1.35/litre']",1.35,£1.35/litre
17471,Lurpak Slightly Salted Spreadable 500G,https://www.tesco.com/groceries/en-GB/products/253886894,1687617708.236125,"['£4.46', '£8.92/kg']",4.46,£8.92/kg
17472,Tesco 100% Pure Squeezed Orange Juice Smooth Not From Concentrate 1L,https://www.tesco.com/groceries/en-GB/products/259151850,1687617708.3278022,"['£1.70', '£0.17/100ml']",1.7,£0.17/100ml
17473,Tesco Pre-Packed Leeks 500G,https://www.tesco.com/groceries/en-GB/products/267524806,1687617708.3927932,"['£1.39', '£2.78/kg']",1.39,£2.78/kg
17474,Tesco Lemons 4 Pack,https://www.tesco.com/groceries/en-GB/products/257875814,1687617708.4626172,"['£1.35', '£0.34/each']",1.35,£0.34/each
17475,Tesco Medium Free Range Eggs 6 Pack,https://www.tesco.com/groceries/en-GB/products/250802613,1687617708.5287209,"['£1.45', '£0.24/each']",1.45,£0.24/each
17476,Tesco Raspberries 150G,https://www.tesco.com/groceries/en-GB/products/287377667,1687617708.5958028,"['£2.00', '£13.33/kg']",2.0,£13.33/kg
17477,Rosedene Farms Gala Apples 6 Pack,https://www.tesco.com/groceries/en-GB/products/305831903,1687617708.683135,"['£1.49', '£0.25/each']",1.49,£0.25/each
17479,Tesco Pure Orange Juice Smooth 1 Litre,https://www.tesco.com/groceries/en-GB/products/254859516,1687617708.8235788,"['£1.15', '£0.12/100ml']",1.15,£0.12/100ml
17480,Rosedene Farms Small Apple 6 Pack,https://www.tesco.com/groceries/en-GB/products/292249576,1687617708.914666,"['£0.95', '£0.16/each']",0.95,£0.16/each
17481,Nightingale Farms Peppers 375G,https://www.tesco.com/groceries/en-GB/products/296057883,1687617708.981256,"['£1.35', '£3.60/kg']",1.35,£3.60/kg
17482,Tesco British Chicken Breast Portions 650G,https://www.tesco.com/groceries/en-GB/products/294007923,1687617709.064419,"['£4.75', '£7.31/kg']",4.75,£7.31/kg
17483,Loose Brown Onions,https://www.tesco.com/groceries/en-GB/products/253557034,1687617709.130375,"['£0.12', '£1.00/kg']",0.12,£1.00/kg
17484,Growers Harvest Orange Juice Smooth 1L,https://www.tesco.com/groceries/en-GB/products/300473499,1687617709.204407,"['£0.95', '£0.10/100ml']",0.95,£0.10/100ml
17485,Tesco Ready To Eat 2 Roast Boneless Chicken Breasts 245G,https://www.tesco.com/groceries/en-GB/products/264465356,1687617714.713963,"['£3.15', '£1.29/100g']",3.15,£1.29/100g
17486,Activia Strawberry Yogurt 4X115g,https://www.tesco.com/groceries/en-GB/products/308114446,1687617714.830206,"['£2.50', '£0.54/100g']",2.5,£0.54/100g
17487,Dairylea Dunkers Jumbo Tubes Cheese Snacks 6 Pack 246G,https://www.tesco.com/groceries/en-GB/products/308849452,1687617714.91859,"['£3.30', '£13.42/kg']",3.3,£13.42/kg
17488,Tesco Fresh British Extra Thick Double Cream 600Ml,https://www.tesco.com/groceries/en-GB/products/262480260,1687617715.061507,"['£2.70', '£0.45/100ml']",2.7,£0.45/100ml
17489,Dairylea Lunchables Ham & Cheese 74.1G,https://www.tesco.com/groceries/en-GB/products/308867509,1687617715.189286,"['£1.60', '£21.59/kg']",1.6,£21.59/kg
17490,Tesco Organic Semi- Skimmed Milk 1.136L/2 Pints,https://www.tesco.com/groceries/en-GB/products/251499710,1687617715.285965,"['£1.65', '£1.45/litre']",1.65,£1.45/litre
17491,Herta Classic Frankfurters Hot Dogs 10 Pack 350G,https://www.tesco.com/groceries/en-GB/products/254273333,1687617715.3519402,"['£2.55', '£0.73/100g']",2.55,£0.73/100g
17492,Tesco Strawberry Trifles 405G (3X135g),https://www.tesco.com/groceries/en-GB/products/304398956,1687617715.439904,"['£2.00', '£0.49/100g']",2.0,£0.49/100g
17493,Frubes Strawberry Red Berry & Peach Yogurts 9X37g,https://www.tesco.com/groceries/en-GB/products/302328940,1687617715.509665,"['£2.25', '£0.68/100g']",2.25,£0.68/100g
17494,Vitalite Dairy Free Spread 500G,https://www.tesco.com/groceries/en-GB/products/253250771,1687617715.605789,"['£1.79', '£3.58/kg']",1.79,£3.58/kg
17495,Tesco Watercress Spinach & Rocket 80G,https://www.tesco.com/groceries/en-GB/products/292704781,1687617715.675403,"['£1.35', '£1.69/100g']",1.35,£1.69/100g
17496,Tesco Stone Baked Bbq Chicken Pizza 303G,https://www.tesco.com/groceries/en-GB/products/308470697,1687617715.74434,"['£3.50', '£1.16/100g']",3.5,£1.16/100g
17497,Fresh & Naked Mixed Little Leaves 90G,https://www.tesco.com/groceries/en-GB/products/268477290,1687617715.847491,"['£1.20', '£13.33/kg']",1.2,£13.33/kg
17498,Creamfields Lighter Mature Cheese 400G,https://www.tesco.com/groceries/en-GB/products/302676629,1687617715.9374511,"['£2.85', '£7.12/kg']",2.85,£7.12/kg
17499,Philadelphia Light Soft Cheese 165G,https://www.tesco.com/groceries/en-GB/products/311786803,1687617716.009763,"['£2.20', '£13.33/kg']",2.2,£13.33/kg
17500,Tesco Carrot & Swede Mash 450G,https://www.tesco.com/groceries/en-GB/products/299982590,1687617716.101183,"['£1.50', '£3.33/kg']",1.5,£3.33/kg
17501,Ms Mollys Chocolate Layered Dessert 100G,https://www.tesco.com/groceries/en-GB/products/302064491,1687617716.196527,"['£0.75', '£0.75/100g']",0.75,£0.75/100g
17502,Tesco Traditional Sliced Runner Beans 160G,https://www.tesco.com/groceries/en-GB/products/301194326,1687617716.265569,"['£1.75', '£10.94/kg']",1.75,£10.94/kg
17503,Tesco Apple Snack Pack 80G,https://www.tesco.com/groceries/en-GB/products/286681924,1687617716.358891,"['£0.50', '£6.25/kg']",0.5,£6.25/kg
17504,Albert Bartlett Root Vegetable Mash 400G,https://www.tesco.com/groceries/en-GB/products/309477901,1687617716.446282,"['£1.25', '£3.12/kg']",1.25,£3.12/kg
17505,Suntrail Farms Soft Citrus Pack 600G,https://www.tesco.com/groceries/en-GB/products/292216000,1687617716.570109,"['£0.99', '£1.65/kg']",0.99,£1.65/kg
17506,Tesco 10 Salami Slices 100G,https://www.tesco.com/groceries/en-GB/products/261764986,1687617716.640563,"['£1.10', '£1.10/100g']",1.1,£1.10/100g
17507,Ms Molly's Strawberry Trifle (2X115g) 230G,https://www.tesco.com/groceries/en-GB/products/300990854,1687617716.710218,"['£0.79', '£0.34/100g']",0.79,£0.34/100g
17508,Tesco Mangetout 150G,https://www.tesco.com/groceries/en-GB/products/293952968,1687617716.786817,"['£1.05', '£7.00/kg']",1.05,£7.00/kg
17509,Creamfields 15 Cheese Slices 255G,https://www.tesco.com/groceries/en-GB/products/307760874,1687617716.861568,"['£0.83', '£3.26/kg']",0.83,£3.26/kg
17510,Tesco Large Chicken Fillet Pack 1.6Kg,https://www.tesco.com/groceries/en-GB/products/303152949,1687617716.9340239,"['£9.95', '£6.22/kg']",9.95,£6.22/kg
17511,Tesco Sirloin Steak 227G,https://www.tesco.com/groceries/en-GB/products/300400609,1687617717.00271,"['£4.60', '£20.26/kg']",4.6,£20.26/kg
17513,Tesco Southern Fried Breaded Chicken Mini Fillets 305G,https://www.tesco.com/groceries/en-GB/products/264566997,1687617717.170121,"['£3.30', '£10.82/kg']",3.3,£10.82/kg
17514,Tesco Finest Creamy Fish Pie 400G,https://www.tesco.com/groceries/en-GB/products/258137155,1687617717.3326652,"['£4.25', '£10.62/kg']",4.25,£10.62/kg
17515,Muller Corner Strawberry Peach & Apricot Yogurts 6 X 136G,https://www.tesco.com/groceries/en-GB/products/311781503,1687617717.42375,"['£3.50', '£0.43/100g']",3.5,£0.43/100g
17516,President 60% Foil Brie 200G,https://www.tesco.com/groceries/en-GB/products/257349263,1687617717.512485,"['£2.70', '£13.50/kg']",2.7,£13.50/kg
17517,Tesco Finest 4 Beef Dripping York Shire Puddings 190G,https://www.tesco.com/groceries/en-GB/products/299344319,1687617717.619089,"['£2.35', '£1.24/100g']",2.35,£1.24/100g
17518,Happy Egg Co Medium Free Range Eggs 6 Pack,https://www.tesco.com/groceries/en-GB/products/264328894,1687617717.68567,"['£2.10', '£0.35/each']",2.1,£0.35/each
17519,Tesco Tomato And Mascarpone Sauce 350G,https://www.tesco.com/groceries/en-GB/products/253174037,1687617717.752751,"['£1.90', '£0.54/100g']",1.9,£0.54/100g
17520,Petits Filous Strawberry &R/Berry Fromage Frais 4X85g,https://www.tesco.com/groceries/en-GB/products/285020943,1687617717.8179011,"['£1.85', '£0.54/100g']",1.85,£0.54/100g
17521,Tesco Finest 2 Cod & Parsley Fishcakes 290G,https://www.tesco.com/groceries/en-GB/products/291818567,1687617717.88502,"['£3.00', '£10.34/kg']",3.0,£10.34/kg
17522,Tesco Chocolate Mousse 6X60g,https://www.tesco.com/groceries/en-GB/products/287661132,1687617717.9876091,"['£1.45', '£0.40/100g']",1.45,£0.40/100g
17523,Tesco Red Cabbage & Apple 300G,https://www.tesco.com/groceries/en-GB/products/294083203,1687617718.062295,"['£2.25', '£7.50/kg']",2.25,£7.50/kg
17524,Tesco 8 British Cumberland Sausages 454G,https://www.tesco.com/groceries/en-GB/products/261879159,1687617718.154467,"['£2.30', '£5.07/kg']",2.3,£5.07/kg
17525,Flora Vegan All Natural Spread 450G,https://www.tesco.com/groceries/en-GB/products/312561365,1687617718.220983,"['£2.15', '£4.78/kg']",2.15,£4.78/kg
17526,Tesco 70 Pork Cocktail Sausages 595G,https://www.tesco.com/groceries/en-GB/products/305053136,1687617718.323075,"['£3.50', '£0.59/100g']",3.5,£0.59/100g
17527,Tesco Boneless Salmon Half Side 500 G,https://www.tesco.com/groceries/en-GB/products/277160996,1687617718.418984,"['£9.50', '£19.00/kg']",9.5,£19.00/kg
17528,Bertolli Mediterranean Olive Oil Spread 250G,https://www.tesco.com/groceries/en-GB/products/314315194,1687617718.486262,"['£1.50', '£6.00/kg']",1.5,£6.00/kg
17529,Pak Choi 250G,https://www.tesco.com/groceries/en-GB/products/252895723,1687617718.551882,"['£1.35', '£5.40/kg']",1.35,£5.40/kg
17530,Tesco Bitesize 18 Mini Savoury Eggs 216G,https://www.tesco.com/groceries/en-GB/products/268895088,1687617718.624288,"['£2.20', '£1.02/100g']",2.2,£1.02/100g
17531,Tesco Cooked & Peeled King Prawns 150G,https://www.tesco.com/groceries/en-GB/products/294007606,1687617718.715909,"['£3.25', '£2.17/100g']",3.25,£2.17/100g
17532,Tesco Reduced Fat Houmous Dip 200G,https://www.tesco.com/groceries/en-GB/products/260084012,1687617718.8066509,"['£1.20', '£0.60/100g']",1.2,£0.60/100g
17533,Tesco Cranberry Juice 1 Litre,https://www.tesco.com/groceries/en-GB/products/293945418,1687617724.9433658,"['£1.70', '£0.17/100ml']",1.7,£0.17/100ml
17534,Dairylea Cheese Spread 270G,https://www.tesco.com/groceries/en-GB/products/285140562,1687617725.022433,"['£2.40', '£8.89/kg']",2.4,£8.89/kg
17535,The Collective Suckies Strawberry Yogurt 90G,https://www.tesco.com/groceries/en-GB/products/312346701,1687617725.105856,"['£0.95', '£1.06/100g']",0.95,£1.06/100g
17536,Scottish Monarch Smoked Scottish Salmon 90G,https://www.tesco.com/groceries/en-GB/products/291914234,1687617725.2048562,"['£2.40', '£2.67/100g']",2.4,£2.67/100g
17537,Tesco 8 Reduced Fat Pork Sausages 454G,https://www.tesco.com/groceries/en-GB/products/252995167,1687617725.2749681,"['£2.30', '£5.07/kg']",2.3,£5.07/kg
17538,Tesco Broccoli Florets 240G,https://www.tesco.com/groceries/en-GB/products/277967105,1687617725.344757,"['£1.75', '£7.29/kg']",1.75,£7.29/kg
17539,Woodside Farms Pork Belly Slices 500G,https://www.tesco.com/groceries/en-GB/products/292285964,1687617725.443349,"['£3.49', '£6.98/kg']",3.49,£6.98/kg
17540,Tesco Sweet Chilli Stir Fry Sauce 180G,https://www.tesco.com/groceries/en-GB/products/290819683,1687617725.518502,"['£1.15', '£6.39/kg']",1.15,£6.39/kg
17541,Yazoo Chilled Chocolate Flavoured Milkshake 400Ml,https://www.tesco.com/groceries/en-GB/products/290369696,1687617725.622475,"['£1.20', '£0.30/100ml']",1.2,£0.30/100ml
17542,Tesco Reduced Fat Mozzarella 240G,https://www.tesco.com/groceries/en-GB/products/254550063,1687617725.724176,"['£1.10', '£8.80/kg DR.WT']",1.1,£8.80/kg DR.WT
17544,Tesco 6 British Chicken Sausages 400G,https://www.tesco.com/groceries/en-GB/products/291970788,1687617725.8668869,"['£2.45', '£6.12/kg']",2.45,£6.12/kg
17546,Love Beets Cooked Beetroot 250G,https://www.tesco.com/groceries/en-GB/products/308089779,1687617726.017069,"['£0.65', '£2.60/kg']",0.65,£2.60/kg
17547,Tesco Finest Ribeye Steak 227G,https://www.tesco.com/groceries/en-GB/products/308458275,1687617726.0927098,"['£5.80', '£25.55/kg']",5.8,£25.55/kg
17548,Creamfields Grana Padano Wedge 175G,https://www.tesco.com/groceries/en-GB/products/304390832,1687617726.1664908,"['£1.79', '£10.23/kg']",1.79,£10.23/kg
17550,Woodside Farms Smoked Gammon Joint,https://www.tesco.com/groceries/en-GB/products/301839665,1687617726.316087,"['£4.09', '£4.09/kg']",4.09,£4.09/kg
17551,Tesco Buttered Chicken Breast Joint 640G,https://www.tesco.com/groceries/en-GB/products/266508874,1687617726.3947148,"['£6.00', '£9.38/kg']",6.0,£9.38/kg
17552,T Unsmoked Boneless Gammon Joint,https://www.tesco.com/groceries/en-GB/products/267158491,1687617726.533282,"['£13.75', '£6.25/kg']",13.75,£6.25/kg
17553,Tesco Organic Butter 250G,https://www.tesco.com/groceries/en-GB/products/253114455,1687617726.688778,"['£2.75', '£11.00/kg']",2.75,£11.00/kg
17554,Tesco Fire Pit Chorizo Sausages 6Pack 300G,https://www.tesco.com/groceries/en-GB/products/303088379,1687617726.900558,"['£3.50', '£11.67/kg']",3.5,£11.67/kg
17555,Anchor Lighter Spreadable 500G,https://www.tesco.com/groceries/en-GB/products/251607518,1687617726.967293,"['£4.50', '£9.00/kg']",4.5,£9.00/kg
17556,Yorkshire Provender Raost Chicken Soup With Traditional Vegetables 560G,https://www.tesco.com/groceries/en-GB/products/314116988,1687617727.033476,"['£3.00', '£0.54/100g']",3.0,£0.54/100g
17557,Tesco Diced Lamb Shoulder 300G,https://www.tesco.com/groceries/en-GB/products/304410983,1687617727.1060622,"['£4.95', '£16.50/kg']",4.95,£16.50/kg
17558,Yorkshire Provender Chicken & Lentil Soup With B/Squash 560G,https://www.tesco.com/groceries/en-GB/products/314115085,1687617727.1760309,"['£3.00', '£0.54/100g']",3.0,£0.54/100g
17559,Tesco Firepit Mango Coconut & Lime Chicken Mini Fillets 300G,https://www.tesco.com/groceries/en-GB/products/303065603,1687617727.244268,"['£3.50', '£11.67/kg']",3.5,£11.67/kg
17560,Jus-Rol Croissants Dough 6 Pack 350G,https://www.tesco.com/groceries/en-GB/products/290338693,1687617727.3108559,"['£2.30', '£6.57/kg']",2.3,£6.57/kg
17561,Fresh Beef Brisket Slow- Roast,https://www.tesco.com/groceries/en-GB/products/257904508,1687617727.378369,"['£8.80', '£11.00/kg']",8.8,£11.00/kg
17562,Tesco Cashew Nuts 200G,https://www.tesco.com/groceries/en-GB/products/266376222,1687617727.5591722,"['£3.30', '£16.50/kg']",3.3,£16.50/kg
17563,Tesco Fire Pit 2 Salt & Pepper Beef Steaks 200G,https://www.tesco.com/groceries/en-GB/products/313859375,1687617727.666135,"['£3.50', '£17.50/kg']",3.5,£17.50/kg
17564,Tesco Smooth Smoked Scottish Salmon Pate 100G,https://www.tesco.com/groceries/en-GB/products/292277634,1687617727.734592,"['£1.80', '£1.80/100g']",1.8,£1.80/100g
17565,Tesco Fire Pit Piri Piri Chicken Sizzlers 300G,https://www.tesco.com/groceries/en-GB/products/313758598,1687617727.805061,"['£3.50', '£11.67/kg']",3.5,£11.67/kg
17566,Tesco Fire Pit Chicken Tikka Sizzlers 300G,https://www.tesco.com/groceries/en-GB/products/313734367,1687617727.8739781,"['£3.50', '£11.67/kg']",3.5,£11.67/kg
17567,Cauldron Foods Tofu 396G,https://www.tesco.com/groceries/en-GB/products/266727466,1687617727.940842,"['£2.75', '£6.94/kg']",2.75,£6.94/kg
17568,Tesco Prosciutto Crudo & Salami Platter 120G,https://www.tesco.com/groceries/en-GB/products/299910479,1687617728.0342531,"['£2.50', '£2.08/100g']",2.5,£2.08/100g
17569,Tesco Finest Maple Bacon & Extra Mature Cheddar Quiche 420G,https://www.tesco.com/groceries/en-GB/products/308457649,1687617728.1039941,"['£3.75', '£0.89/100g']",3.75,£0.89/100g
17570,Muller Bliss Lemon Greek Style Yogurt 4X105g,https://www.tesco.com/groceries/en-GB/products/311677760,1687617728.193472,"['£2.75', '£0.66/100g']",2.75,£0.66/100g
17571,Pukka Steak And Kidney Pie,https://www.tesco.com/groceries/en-GB/products/304372589,1687617728.261198,"['£2.00', '£2.00/each']",2.0,£2.00/each
17572,Tesco Ready To Eat Bbq Chicken Breast Pieces 180G,https://www.tesco.com/groceries/en-GB/products/279817753,1687617728.328852,"['£3.00', '£1.67/100g']",3.0,£1.67/100g
17573,Munch Bunch Double Up Strawberry Raspberry Yogurt 4X85g,https://www.tesco.com/groceries/en-GB/products/272471895,1687617728.4333818,"['£2.00', '£0.59/100g']",2.0,£0.59/100g
17574,Pukka Chip Shop Chicken Curry Pie,https://www.tesco.com/groceries/en-GB/products/313617149,1687617728.5024571,"['£2.00', '£2.00/each']",2.0,£2.00/each
17575,Tesco Chicken & Chorizo Tortelloni 300G,https://www.tesco.com/groceries/en-GB/products/299829386,1687617728.573421,"['£2.00', '£6.67/kg']",2.0,£6.67/kg
17576,Pukka Meat & Potato Pie,https://www.tesco.com/groceries/en-GB/products/313609188,1687617728.666636,"['£2.00', '£2.00/each']",2.0,£2.00/each
17577,Tesco Mozzarella & Slow Roasted Tomatoes 200G,https://www.tesco.com/groceries/en-GB/products/287531822,1687617728.742184,"['£2.65', '£1.32/100g']",2.65,£1.32/100g
17578,Ginsters Peppered Steak Slice 170G,https://www.tesco.com/groceries/en-GB/products/277645642,1687617728.836271,"['£1.95', '£1.15/100g']",1.95,£1.15/100g
17579,Tesco Tomato & Mozzarella Quiche 400G,https://www.tesco.com/groceries/en-GB/products/313524760,1687617728.9028192,"['£2.50', '£0.62/100g']",2.5,£0.62/100g
17580,Billy Bear Slices 100G,https://www.tesco.com/groceries/en-GB/products/298766841,1687617728.968931,"['£1.25', '£1.25/100g']",1.25,£1.25/100g
17581,Gosh Sweetcorn & Quinoa Bites & Harissa 247G,https://www.tesco.com/groceries/en-GB/products/314412954,1687617734.885037,"['£2.60', '£10.53/kg']",2.6,£10.53/kg
17582,Tesco Beetroot Salad 305G,https://www.tesco.com/groceries/en-GB/products/261808728,1687617734.966313,"['£1.70', '£0.56/100g']",1.7,£0.56/100g
17583,Alpro Greek Style Strawberry Raspberry Yogurt Alternative 150G,https://www.tesco.com/groceries/en-GB/products/296151638,1687617735.040653,"['£1.20', '£0.80/100g']",1.2,£0.80/100g
17584,Pukka Minced Beef & Onion Pie,https://www.tesco.com/groceries/en-GB/products/304388726,1687617735.132298,"['£2.00', '£2.00/each']",2.0,£2.00/each
17585,The Coconut Collaborative Vanilla Rice Pudding 2 X 125G,https://www.tesco.com/groceries/en-GB/products/302286280,1687617735.1993952,"['£2.50', '£1.00/100g']",2.5,£1.00/100g
17586,Gosh Beetroot Falafel Red Pepper & Chilli 266G,https://www.tesco.com/groceries/en-GB/products/313941225,1687617735.268105,"['£2.60', '£0.98/100g']",2.6,£0.98/100g
17587,Pukka Veggie Leek & Potato Pie,https://www.tesco.com/groceries/en-GB/products/304791542,1687617735.333856,"['£2.00', '£2.00/each']",2.0,£2.00/each
17588,Tesco Roast Beef Dinner 400G,https://www.tesco.com/groceries/en-GB/products/279476130,1687617735.409548,"['£3.75', '£9.38/kg']",3.75,£9.38/kg
17589,Tesco 2 Custard Slices,https://www.tesco.com/groceries/en-GB/products/299935922,1687617735.4759161,"['£1.65', '£0.82/each']",1.65,£0.82/each
17590,Woodside Farms Unsmoked Gammon Steaks 300G,https://www.tesco.com/groceries/en-GB/products/301801698,1687617735.54262,"['£2.39', '£7.97/kg']",2.39,£7.97/kg
17591,Tesco Prime Cuts Peppered Ham 125G,https://www.tesco.com/groceries/en-GB/products/309498104,1687617735.613896,"['£2.25', '£1.80/100g']",2.25,£1.80/100g
17592,Milkybar Gold White Chocolate Caramel Dessert 2X65g,https://www.tesco.com/groceries/en-GB/products/313956058,1687617735.707136,"['£1.75', '£1.35/100g']",1.75,£1.35/100g
17593,Tesco Sweet Bbq Pulled Pork With Cheesy Mash 400G,https://www.tesco.com/groceries/en-GB/products/310694458,1687617735.798731,"['£3.00', '£7.50/kg']",3.0,£7.50/kg
17594,Tropicana Pineapple Juice 850Ml,https://www.tesco.com/groceries/en-GB/products/287294534,1687617735.890378,"['£3.50', '£0.41/100ml']",3.5,£0.41/100ml
17595,Tesco Shepherd's Pie 400G,https://www.tesco.com/groceries/en-GB/products/310191304,1687617735.9821959,"['£3.00', '£7.50/kg']",3.0,£7.50/kg
17596,Tesco Finest Portobello Mushrooms 150G,https://www.tesco.com/groceries/en-GB/products/312571249,1687617736.075163,"['£1.10', '£7.33/kg']",1.1,£7.33/kg
17597,Tesco Fresh Chicken Livers 380G,https://www.tesco.com/groceries/en-GB/products/265490888,1687617736.164072,"['£1.30', '£3.42/kg']",1.3,£3.42/kg
17598,Ski Fruit Mousse Strawberry & Strawberry 4X60g,https://www.tesco.com/groceries/en-GB/products/271935014,1687617736.231457,"['£1.25', '£0.52/100g']",1.25,£0.52/100g
17599,Tesco Crunchy Coleslaw Mix 300G,https://www.tesco.com/groceries/en-GB/products/302988699,1687617736.309332,"['£1.10', '£0.37/100g']",1.1,£0.37/100g
17600,Tesco Creamy Mustard Chicken With Potato & Onion Hash 400G,https://www.tesco.com/groceries/en-GB/products/310125387,1687617736.4063501,"['£3.00', '£7.50/kg']",3.0,£7.50/kg
17601,Tesco 2 Chicken & Mushroom Slices 300G,https://www.tesco.com/groceries/en-GB/products/268949573,1687617736.49895,"['£2.10', '£0.70/100g']",2.1,£0.70/100g
17602,Tesco 2 Pork & Egg Gala Slices 250G,https://www.tesco.com/groceries/en-GB/products/263759212,1687617736.589679,"['£2.30', '£0.92/100g']",2.3,£0.92/100g
17603,Tesco Organic Bunched Carrots 400G,https://www.tesco.com/groceries/en-GB/products/307143735,1687617736.662133,"['£1.65', '£4.12/kg']",1.65,£4.12/kg
17604,Tesco Party Salad 455G,https://www.tesco.com/groceries/en-GB/products/311945898,1687617736.7308412,"['£3.00', '£0.66/100g']",3.0,£0.66/100g
17605,Yeo Valley Organic Whole Milk 2 Litre,https://www.tesco.com/groceries/en-GB/products/262586694,1687617736.804845,"['£2.70', '£1.35/litre']",2.7,£1.35/litre
17606,Two Chicks Free Range Liquid Egg White 500Ml,https://www.tesco.com/groceries/en-GB/products/266552250,1687617736.8986251,"['£3.50', '£7.00/litre']",3.5,£7.00/litre
17607,Cathedral City Dairy Free Block 280G,https://www.tesco.com/groceries/en-GB/products/312563271,1687617736.966335,"['£3.60', '£12.86/kg']",3.6,£12.86/kg
17608,Yeo Valley Organic Semi Skimmed Milk 2 Litre,https://www.tesco.com/groceries/en-GB/products/258882358,1687617737.040711,"['£2.70', '£1.35/litre']",2.7,£1.35/litre
17609,Tesco Pepperoni Pasta Bake 400G,https://www.tesco.com/groceries/en-GB/products/310094333,1687617737.134377,"['£3.00', '£7.50/kg']",3.0,£7.50/kg
17610,Tesco Mixed Olives With Cheddar 220G,https://www.tesco.com/groceries/en-GB/products/287787562,1687617737.2217119,"['£2.65', '£1.20/100g']",2.65,£1.20/100g
17611,Innocent Coconut Water 1L,https://www.tesco.com/groceries/en-GB/products/288178112,1687617737.426655,"['£4.30', '£0.43/100ml']",4.3,£0.43/100ml
17612,Tesco British Mild Cheddar Cheese 220G,https://www.tesco.com/groceries/en-GB/products/300257018,1687617737.492564,"['£2.45', '£11.14/kg']",2.45,£11.14/kg
17613,Tesco 30% Reduced Fat Medium Cheese 400G,https://www.tesco.com/groceries/en-GB/products/305943022,1687617737.5620742,"['£3.40', '£8.50/kg']",3.4,£8.50/kg
17614,Tesco Organic Tenderstem Broccoli 200G,https://www.tesco.com/groceries/en-GB/products/277926811,1687617737.630728,"['£2.50', '£12.50/kg']",2.5,£12.50/kg
17615,Activia Grains & Nuts Walnuts & Oats Yogurt 4X120g,https://www.tesco.com/groceries/en-GB/products/297656316,1687617737.6978822,"['£2.75', '£0.57/100g']",2.75,£0.57/100g
17616,Pork Farms Medium Pork Pie,https://www.tesco.com/groceries/en-GB/products/273445948,1687617737.786922,"['£2.20', '£2.20/each']",2.2,£2.20/each
17617,Tesco Indian Naan Breads 320G,https://www.tesco.com/groceries/en-GB/products/256236588,1687617737.8528268,"['£1.50', '£0.47/100g']",1.5,£0.47/100g
17618,Oatly The Original Barista Edition Oat Drink 1 Litre,https://www.tesco.com/groceries/en-GB/products/312104631,1687617737.920481,"['£2.20', '£2.20/litre']",2.2,£2.20/litre
17619,Tesco Natural Cottage Cheese Fat 600G,https://www.tesco.com/groceries/en-GB/products/274436278,1687617737.987322,"['£2.50', '£4.17/kg']",2.5,£4.17/kg
17620,Tesco Meat & Cheese Snacking Selection 105G,https://www.tesco.com/groceries/en-GB/products/305828234,1687617738.053613,"['£2.65', '£2.52/100g']",2.65,£2.52/100g
17621,Innocent Kids Smoothie Cherries Strawberries 4X150ml,https://www.tesco.com/groceries/en-GB/products/305529496,1687617738.142171,"['£3.60', '£0.60/100ml']",3.6,£0.60/100ml
17622,Tesco Raspberries & Blueberries 200G,https://www.tesco.com/groceries/en-GB/products/305977327,1687617738.2512078,"['£2.75', '£13.75/kg']",2.75,£13.75/kg
17623,Cathedal City Mature Lighter 550G,https://www.tesco.com/groceries/en-GB/products/306504063,1687617738.330374,"['£5.40', '£9.82/kg']",5.4,£9.82/kg
17624,Tesco Finest Spinach Pinenut Pasta 215G,https://www.tesco.com/groceries/en-GB/products/266078241,1687617738.425317,"['£2.35', '£1.09/100g']",2.35,£1.09/100g
17625,The Collective Suckies Banana Yogurt 90G,https://www.tesco.com/groceries/en-GB/products/312085986,1687617738.5133498,"['£0.95', '£1.06/100g']",0.95,£1.06/100g
17626,Tesco 100% Pressed Tomato Juice 1L,https://www.tesco.com/groceries/en-GB/products/293945270,1687617738.611152,"['£1.70', '£0.17/100ml']",1.7,£0.17/100ml
17627,Milkybar Milk Slices 4X26g,https://www.tesco.com/groceries/en-GB/products/295790856,1687617738.685029,"['£1.35', '£1.30/100g']",1.35,£1.30/100g
17628,Jaffa Seedless Lemons Minimum 4Pack,https://www.tesco.com/groceries/en-GB/products/309172075,1687617738.752703,"['£1.60', '£0.40/each']",1.6,£0.40/each
17629,Oasis Summer Fruits 500Ml,https://www.tesco.com/groceries/en-GB/products/256942268,1687617745.817578,"['£1.70', '£0.34/100ml']",1.7,£0.34/100ml
17630,Tesco Pineapple Paradise Fruit Smoothie 750Ml,https://www.tesco.com/groceries/en-GB/products/305948408,1687617745.966593,"['£1.80', '£0.24/100ml']",1.8,£0.24/100ml
17631,Alpro Almond Chilled Drink 1 Litre,https://www.tesco.com/groceries/en-GB/products/272103255,1687617746.07219,"['£2.10', '£2.10/litre']",2.1,£2.10/litre
17632,Tesco Plant Chef Soya Alternative To Plain Yogurt 500G,https://www.tesco.com/groceries/en-GB/products/311693106,1687617746.185035,"['£1.45', '£2.90/kg']",1.45,£2.90/kg
17633,Tesco Organic Spinach 200G,https://www.tesco.com/groceries/en-GB/products/250342022,1687617746.252751,"['£1.90', '£9.50/kg']",1.9,£9.50/kg
17634,Aero Mint Chocolate Mousse 4X58g,https://www.tesco.com/groceries/en-GB/products/259953235,1687617746.325717,"['£1.85', '£0.80/100g']",1.85,£0.80/100g
17635,Ocean Spray Blueberry Juice Drink 1 Litre,https://www.tesco.com/groceries/en-GB/products/266597882,1687617746.416362,"['£1.75', '£0.18/100ml']",1.75,£0.18/100ml
17636,Pomegreat Pomegranate Juice Drink 1 Litre,https://www.tesco.com/groceries/en-GB/products/256648058,1687617746.483296,"['£1.85', '£0.18/100ml']",1.85,£0.18/100ml
17637,Tesco 10 Reduced Fat Mild Slices 200G,https://www.tesco.com/groceries/en-GB/products/263277540,1687617746.585514,"['£1.30', '£6.50/kg']",1.3,£6.50/kg
17638,Lactofree Milk Longlife Portions 5X20ml,https://www.tesco.com/groceries/en-GB/products/267309503,1687617746.6516402,"['£0.75', '£7.50/litre']",0.75,£7.50/litre
17639,Tesco Mixed Nuts & Pecans 25G,https://www.tesco.com/groceries/en-GB/products/299497679,1687617746.7222831,"['£0.50', '£20.00/kg']",0.5,£20.00/kg
17640,Tesco Peppered Smoked Mackerel Fillets,https://www.tesco.com/groceries/en-GB/products/251631082,1687617746.818806,"['£3.31', '£12.50/kg']",3.31,£12.50/kg
17641,Pizza Express La Reine Classic 290G,https://www.tesco.com/groceries/en-GB/products/291358870,1687617746.890342,"['£5.50', '£1.90/100g']",5.5,£1.90/100g
17642,Tesco Hot Smoked Roasted Salmon Fillets 180G,https://www.tesco.com/groceries/en-GB/products/281693238,1687617746.963844,"['£5.50', '£3.06/100g']",5.5,£3.06/100g
17643,Tesco Whole Longlife Milk 6X1l,https://www.tesco.com/groceries/en-GB/products/260333496,1687617747.034212,"['£5.80', '£0.97/litre']",5.8,£0.97/litre
17644,Powters Newmarket Sausage 400G,https://www.tesco.com/groceries/en-GB/products/260391909,1687617747.1028962,"['£3.75', '£9.38/kg']",3.75,£9.38/kg
17645,Tesco Finest Canadian Cooked Prawns 150G,https://www.tesco.com/groceries/en-GB/products/306821384,1687617747.172208,"['£3.50', '£23.33/kg']",3.5,£23.33/kg
17646,Tesco Pork Leg Joint 1Kg,https://www.tesco.com/groceries/en-GB/products/290028259,1687617747.2425852,"['£6.40', '£6.40/kg']",6.4,£6.40/kg
17647,Pilgrims Choice Lighter Mature Cheddar Cheese 350G,https://www.tesco.com/groceries/en-GB/products/268111124,1687617747.3092842,"['£4.20', '£12.00/kg']",4.2,£12.00/kg
17648,Tesco Gammon Steak With Cheese & Pineapple 345G,https://www.tesco.com/groceries/en-GB/products/289599764,1687617747.397179,"['£4.20', '£12.17/kg']",4.2,£12.17/kg
17649,Innocent Strawberry & Banana Smoothie 750Ml,https://www.tesco.com/groceries/en-GB/products/270927464,1687617747.489932,"['£3.50', '£0.47/100ml']",3.5,£0.47/100ml
17650,For Goodness Shakes Protein Chocolate 475Ml,https://www.tesco.com/groceries/en-GB/products/279846240,1687617747.555495,"['£2.30', '£0.48/100ml']",2.3,£0.48/100ml
17651,Alpro Soya Longlife Chocolate Shakes 3X250ml,https://www.tesco.com/groceries/en-GB/products/250126054,1687617747.643487,"['£2.10', '£2.80/litre']",2.1,£2.80/litre
17652,Alpro Yogurt Alternative Blueberry 500G,https://www.tesco.com/groceries/en-GB/products/293836997,1687617747.710974,"['£2.10', '£0.42/100g']",2.1,£0.42/100g
17653,Yazoo Strawberry Milkshake 1 Litre Bottle,https://www.tesco.com/groceries/en-GB/products/258836704,1687617747.7797031,"['£2.00', '£0.20/100ml']",2.0,£0.20/100ml
17654,Tesco Pork Stir Fry 500G,https://www.tesco.com/groceries/en-GB/products/276105696,1687617747.8574631,"['£4.00', '£8.00/kg']",4.0,£8.00/kg
17655,Cully&Sully Tomato&Basil Soup 400G,https://www.tesco.com/groceries/en-GB/products/263663739,1687617747.9302132,"['£2.00', '£0.50/100g']",2.0,£0.50/100g
17656,Gosh Veggie Cocktail Sausages 216G,https://www.tesco.com/groceries/en-GB/products/314432437,1687617748.00133,"['£2.10', '£0.97/100g']",2.1,£0.97/100g
17657,Tesco Creme Brulee 2X96g,https://www.tesco.com/groceries/en-GB/products/256270878,1687617748.069469,"['£1.95', '£1.02/100g']",1.95,£1.02/100g
17658,Tesco Chicken & Bacon Sandwich Filler 450G,https://www.tesco.com/groceries/en-GB/products/307153061,1687617748.1361642,"['£3.00', '£0.67/100g']",3.0,£0.67/100g
17659,Tesco Medium Pot Curled Parsley,https://www.tesco.com/groceries/en-GB/products/256212432,1687617748.286039,"['£1.50', '£1.50/each']",1.5,£1.50/each
17660,Tesco Mousse 6X60g,https://www.tesco.com/groceries/en-GB/products/287661181,1687617748.352766,"['£1.45', '£0.40/100g']",1.45,£0.40/100g
17661,Tesco Tropical Tray 250G,https://www.tesco.com/groceries/en-GB/products/302972366,1687617748.418658,"['£2.25', '£9.00/kg']",2.25,£9.00/kg
17662,Tesco Plant Chef 4 Spicy Katsu Hot Dogs 320G,https://www.tesco.com/groceries/en-GB/products/313950404,1687617748.4878771,"['£2.00', '£6.25/kg']",2.0,£6.25/kg
17663,Tesco New York Style Pork Rib 460G,https://www.tesco.com/groceries/en-GB/products/284949802,1687617748.553053,"['£4.50', '£9.78/kg']",4.5,£9.78/kg
17664,Bernard Matthews Cooked Turkey Breast Chunks 90G,https://www.tesco.com/groceries/en-GB/products/312713601,1687617748.6420171,"['£1.20', '£1.33/100g']",1.2,£1.33/100g
17665,Deli Culture German Salami 24 Slices 250G,https://www.tesco.com/groceries/en-GB/products/307758630,1687617748.708132,"['£1.95', '£0.78/100g']",1.95,£0.78/100g
17666,Tesco Organic White Potatoes 1.5Kg,https://www.tesco.com/groceries/en-GB/products/288043116,1687617748.774625,"['£1.50', '£1.00/kg']",1.5,£1.00/kg
17667,Tesco Finest Red Leicester Truckle 200G,https://www.tesco.com/groceries/en-GB/products/304379501,1687617748.848917,"['£2.20', '£11.00/kg']",2.2,£11.00/kg
17668,Apetina Classic Block Cheese 200G,https://www.tesco.com/groceries/en-GB/products/260650327,1687617748.9381518,"['£1.80', '£9.00/kg']",1.8,£9.00/kg
17669,Tesco Tarragon 20G,https://www.tesco.com/groceries/en-GB/products/304413790,1687617749.027662,"['£0.60', '£0.30/10g']",0.6,£0.30/10g
17670,Tesco Lamb Rogan Josh With Pilau Rice 400G,https://www.tesco.com/groceries/en-GB/products/310156128,1687617749.095538,"['£3.00', '£7.50/kg']",3.0,£7.50/kg
17671,Tesco Plant Chef Red Pepper & Bean Bangers 300G,https://www.tesco.com/groceries/en-GB/products/313624584,1687617749.185952,"['£1.95', '£6.50/kg']",1.95,£6.50/kg
17672,Tesco Medjool Dates 3 Pack,https://www.tesco.com/groceries/en-GB/products/302687387,1687617749.27701,"['£0.85', '£0.28/each']",0.85,£0.28/each
17673,Tesco Plant Chef Meat-Free Korean Style Bangers 300G,https://www.tesco.com/groceries/en-GB/products/313759211,1687617749.375987,"['£1.95', '£6.50/kg']",1.95,£6.50/kg
17674,Charlie Bigham's Chicken Tikka Masala 805G,https://www.tesco.com/groceries/en-GB/products/291242200,1687617749.474972,"['£9.50', '£11.80/kg']",9.5,£11.80/kg
17675,Innocent Kids Orange Mango & Pineapple 10X150ml,https://www.tesco.com/groceries/en-GB/products/305251351,1687617749.5425,"['£7.00', '£0.47/100ml']",7.0,£0.47/100ml
17676,Tesco 2 Cooked Skinless Chicken Breast Fillets 220G,https://www.tesco.com/groceries/en-GB/products/306938004,1687617749.610083,"['£4.15', '£1.89/100g']",4.15,£1.89/100g
17677,Tesco Snack Pack Soft Apricots 50G,https://www.tesco.com/groceries/en-GB/products/302685769,1687618056.522638,"['£1.00', '£20.00/kg']",1.0,£20.00/kg
17678,Tesco Bbq Chicken Wings 750G,https://www.tesco.com/groceries/en-GB/products/309467683,1687618056.624567,"['£5.25', '£0.70/100g']",5.25,£0.70/100g
17679,Tesco Raisins And Cranberries 500G,https://www.tesco.com/groceries/en-GB/products/311807397,1687618056.69698,"['£4.00', '£0.80/100g']",4.0,£0.80/100g
17680,Tesco Finest Tomato & Burrata Ravioli 250G,https://www.tesco.com/groceries/en-GB/products/299829484,1687618056.767957,"['£3.25', '£13.00/kg']",3.25,£13.00/kg
17681,Tesco Finest Porcini & Black Truffle Mezzelune 250G,https://www.tesco.com/groceries/en-GB/products/299829501,1687618056.83804,"['£3.25', '£13.00/kg']",3.25,£13.00/kg
17682,Costa Coffee Caramel Latte Cans 4 X 250Ml,https://www.tesco.com/groceries/en-GB/products/308850651,1687618057.1186602,"['£4.50', '£0.45/100ml']",4.5,£0.45/100ml
17683,Wasabi Chicken Katsu Yakisoba 450G,https://www.tesco.com/groceries/en-GB/products/312722072,1687618057.185089,"['£4.25', '£9.44/kg']",4.25,£9.44/kg
17684,Tesco Ready To Eat 2 Lemon & Peppercorn Steamed Salmon Fillets 180G,https://www.tesco.com/groceries/en-GB/products/310689269,1687618057.251273,"['£5.50', '£3.06/100g']",5.5,£3.06/100g
17685,Bradleys Jellied Eels 200G,https://www.tesco.com/groceries/en-GB/products/252050208,1687618057.318818,"['£3.15', '£1.58/100g']",3.15,£1.58/100g
17686,Costa Coffee Late 250Ml,https://www.tesco.com/groceries/en-GB/products/304400252,1687618057.411639,"['£1.80', '£0.72/100ml']",1.8,£0.72/100ml
17687,Tarczynski Pork Kabanos & Chilli 105G,https://www.tesco.com/groceries/en-GB/products/309191985,1687618057.509543,"['£2.25', '£2.14/100g']",2.25,£2.14/100g
17688,Tesco Finest Prosciutto Cotto With Herbs 100G,https://www.tesco.com/groceries/en-GB/products/304790382,1687618057.5773308,"['£2.40', '£2.40/100g']",2.4,£2.40/100g
17689,Tesco Finest Ranch Steaks Plus Garlic & Herb & Pepper Butter 306G,https://www.tesco.com/groceries/en-GB/products/312221722,1687618057.67281,"['£6.50', '£21.24/kg']",6.5,£21.24/kg
17690,Lisner Vegetable Salad With Green Peas 500G,https://www.tesco.com/groceries/en-GB/products/291197275,1687618057.7650409,"['£2.00', '£0.40/100g']",2.0,£0.40/100g
17691,Tesco Plant Chef Alternative To Grated Mozzarella 200G,https://www.tesco.com/groceries/en-GB/products/311788640,1687618057.8342621,"['£2.20', '£11.00/kg']",2.2,£11.00/kg
17692,Beretta Antipasto 120G,https://www.tesco.com/groceries/en-GB/products/304403639,1687618057.9033878,"['£2.50', '£2.08/100g']",2.5,£2.08/100g
17693,"Tesco Salmon, Hoisin & Cucumber Mini Maki 188G",https://www.tesco.com/groceries/en-GB/products/305959925,1687618057.978178,"['£2.85', '£1.52/100g']",2.85,£1.52/100g
17694,Coca Cola Zero Cherry 500Ml,https://www.tesco.com/groceries/en-GB/products/292389520,1687618058.0686169,"['£1.59', '£0.32/100ml']",1.59,£0.32/100ml
17696,Mlekovita Butter 200G,https://www.tesco.com/groceries/en-GB/products/264205947,1687618058.247815,"['£2.20', '£11.00/kg']",2.2,£11.00/kg
17697,The Artisan Bread Company Mini Wheat Toast 90G,https://www.tesco.com/groceries/en-GB/products/309197253,1687618058.318052,"['£1.80', '£2.00/100g']",1.8,£2.00/100g
17698,Rustlers Meatless Chick Un Fillet 162G,https://www.tesco.com/groceries/en-GB/products/312559075,1687618058.45073,"['£2.00', '£12.35/kg']",2.0,£12.35/kg
17699,Tesco Calorie Controlled Chilli & Rice 380G,https://www.tesco.com/groceries/en-GB/products/312213064,1687618058.517366,"['£3.00', '£7.90/kg']",3.0,£7.90/kg
17700,Wicked Kitchen Mexican Inspired Breakfast Wrap,https://www.tesco.com/groceries/en-GB/products/308829401,1687618058.6073868,"['£3.00', '£3,000.00/kg']",3.0,"£3,000.00/kg"
17701,Rose Bouquet (Yellow),https://www.tesco.com/groceries/en-GB/products/296673026,1687618058.676203,"['£5.00', '£0.83/each']",5.0,£0.83/each
17702,Naked Blue Machine Blueberry Smoothie 300Ml,https://www.tesco.com/groceries/en-GB/products/309489582,1687618058.7481139,"['£2.60', '£0.87/100ml']",2.6,£0.87/100ml
17703,Innocent Tropical Defence Super Smoothie 300Ml,https://www.tesco.com/groceries/en-GB/products/305525264,1687618058.866715,"['£2.36', '£0.79/100ml']",2.36,£0.79/100ml
17704,Peperami Original Single 22.5G,https://www.tesco.com/groceries/en-GB/products/296526940,1687618058.9825761,"['£1.25', '£5.56/100g']",1.25,£5.56/100g
17705,Coca Cola Zero 330Ml,https://www.tesco.com/groceries/en-GB/products/273350743,1687618059.093961,"['£1.00', '£0.30/100ml']",1.0,£0.30/100ml
17706,Peperami Vegerami Smokin' Chick' Nless Bites 40G,https://www.tesco.com/groceries/en-GB/products/308107553,1687618059.2034922,"['£1.15', '£28.75/kg']",1.15,£28.75/kg
17707,Tesco Neufchatel Cheese 200G,https://www.tesco.com/groceries/en-GB/products/304786756,1687618059.2694468,"['£2.75', '£13.75/kg']",2.75,£13.75/kg
17708,Tesco Piri Piri Half Chicken 502G,https://www.tesco.com/groceries/en-GB/products/305519669,1687618059.477739,"['£5.00', '£9.96/kg']",5.0,£9.96/kg
17709,Higgidy 8 Spinach Feta & Red Pepper Lattices 160G,https://www.tesco.com/groceries/en-GB/products/314306556,1687618059.558778,"['£3.50', '£2.19/100g']",3.5,£2.19/100g
17710,Arla Bob Mature Cheddar 300G,https://www.tesco.com/groceries/en-GB/products/311257480,1687618059.634088,"['£3.25', '£10.83/kg']",3.25,£10.83/kg
17711,The City Kitchen Honey Sriracha Chicken 380G,https://www.tesco.com/groceries/en-GB/products/308117989,1687618059.70985,"['£3.80', '£10.00/kg']",3.8,£10.00/kg
17712,Finne Brogue Naked Ultimate Pork Sausage 400G,https://www.tesco.com/groceries/en-GB/products/301512084,1687618059.7923572,"['£3.50', '£8.75/kg']",3.5,£8.75/kg
17713,Tesco Feta Cubes 410G,https://www.tesco.com/groceries/en-GB/products/312098470,1687618059.873099,"['£3.00', '£20.00/kg DR.WT']",3.0,£20.00/kg DR.WT
17714,Tesco Finest Halkidiki & Kalamata Olives 160G,https://www.tesco.com/groceries/en-GB/products/304371066,1687618059.949364,"['£2.70', '£1.69/100g']",2.7,£1.69/100g
17715,Tropicana Multivitamins 300Ml,https://www.tesco.com/groceries/en-GB/products/287939251,1687618060.023982,"['£1.90', '£0.63/100ml']",1.9,£0.63/100ml
17716,Tesco Deli Roast Chicken Breast 120G,https://www.tesco.com/groceries/en-GB/products/312702643,1687618060.169023,"['£2.75', '£2.29/100g']",2.75,£2.29/100g
17717,Tesco Finest Double Stuffed Halkidiki Olives Red Pepper 160G,https://www.tesco.com/groceries/en-GB/products/308497124,1687618060.2679749,"['£2.70', '£1.69/100g']",2.7,£1.69/100g
17718,Tropicana Original Orange Juice 300Ml,https://www.tesco.com/groceries/en-GB/products/287438135,1687618060.35181,"['£1.90', '£0.63/100ml']",1.9,£0.63/100ml
17719,Tesco Coronation Chicken Sandwich,https://www.tesco.com/groceries/en-GB/products/296545962,1687618060.500677,"['£2.60', '£2.60/each']",2.6,£2.60/each
17720,Quorn Vegan Yorkshire Ham Style Slices 105G,https://www.tesco.com/groceries/en-GB/products/312347723,1687618060.656404,"['£3.00', '£28.57/kg']",3.0,£28.57/kg
17721,Elit Chicken Hot Dogs 650G,https://www.tesco.com/groceries/en-GB/products/309452372,1687618060.766735,"['£2.20', '£0.34/100g']",2.2,£0.34/100g
17722,Bol Indian Black Daal One Pot Meal 450G,https://www.tesco.com/groceries/en-GB/products/313860614,1687618061.223029,"['£2.80', '£6.22/kg']",2.8,£6.22/kg
17723,Tesco 4 British Turkey Burgers 454G,https://www.tesco.com/groceries/en-GB/products/312361256,1687618061.322016,"['£3.50', '£7.71/kg']",3.5,£7.71/kg
17724,Innocent Berry Set Go Juice 750Ml,https://www.tesco.com/groceries/en-GB/products/303415121,1687618061.396693,"['£3.80', '£0.51/100ml']",3.8,£0.51/100ml
17725,Risotto Gallo Risotto Pronto 4 Cheese 175G,https://www.tesco.com/groceries/en-GB/products/267030100,1687618067.411069,"['£2.65', '£0.02/kg']",2.65,£0.02/kg
17726,Tesco Smoked Ham & Mustard Sandwich,https://www.tesco.com/groceries/en-GB/products/274649544,1687618067.5347872,"['£2.10', '£2.10/each']",2.1,£2.10/each
17727,Wasabi Spicy Korean Chicken Wings 230G,https://www.tesco.com/groceries/en-GB/products/312834498,1687618067.704038,"['£2.75', '£11.96/kg']",2.75,£11.96/kg
17728,Tesco Beautifully Balanced Indian Inspired Onion Bhaji 255G,https://www.tesco.com/groceries/en-GB/products/308496540,1687618067.774667,"['£2.75', '£1.08/100g']",2.75,£1.08/100g
17729,Tesco Finest Matured Lancashire Cream Cheese 140G,https://www.tesco.com/groceries/en-GB/products/312091007,1687618067.863019,"['£2.80', '£20.00/kg']",2.8,£20.00/kg
17730,Tesco Tikka Chicken & Mango Chutney Sandwich,https://www.tesco.com/groceries/en-GB/products/278907435,1687618067.948651,"['£2.60', '£2.60/each']",2.6,£2.60/each
17731,Linda Mccartney Vegetarian Mini Pulled Pork Rolls 168G,https://www.tesco.com/groceries/en-GB/products/312341793,1687618068.0437891,"['£2.25', '£1.34/100g']",2.25,£1.34/100g
17732,Tesco Teriyaki Beef Brisket 370G,https://www.tesco.com/groceries/en-GB/products/311958802,1687618068.114889,"['£4.00', '£10.81/kg']",4.0,£10.81/kg
17733,Beretta Coppa 80G,https://www.tesco.com/groceries/en-GB/products/307735663,1687618068.182697,"['£2.00', '£2.50/100g']",2.0,£2.50/100g
17734,Bonne Maman Blackcurrant Mousse 2X70g,https://www.tesco.com/groceries/en-GB/products/297005990,1687618068.252169,"['£2.20', '£1.57/100g']",2.2,£1.57/100g
17735,Tesco Peas & Carrots 300G,https://www.tesco.com/groceries/en-GB/products/288458115,1687618068.353377,"['£2.25', '£7.50/kg']",2.25,£7.50/kg
17736,Tesco Potato & Egg Salad 300G,https://www.tesco.com/groceries/en-GB/products/305988003,1687618068.444215,"['£2.50', '£0.83/100g']",2.5,£0.83/100g
17737,Chop Miso Orange & Ginger Salad Dressing 120G,https://www.tesco.com/groceries/en-GB/products/311936961,1687618068.516437,"['£1.30', '£1.08/100g']",1.3,£1.08/100g
17738,Tesco Fire Pit Triple Grain Salad 450G,https://www.tesco.com/groceries/en-GB/products/308104873,1687618068.594771,"['£2.50', '£0.56/100g']",2.5,£0.56/100g
17739,Tesco Tex Mex Sticky Bbq Rib Rack 460G,https://www.tesco.com/groceries/en-GB/products/308478677,1687618068.667286,"['£4.20', '£9.13/kg']",4.2,£9.13/kg
17740,The Corner Deli Co Smoked Paprika Corn 75G,https://www.tesco.com/groceries/en-GB/products/304369012,1687618068.74316,"['£1.70', '£2.27/100g']",1.7,£2.27/100g
17741,Noel Chorizo Iberico 70G,https://www.tesco.com/groceries/en-GB/products/312699974,1687618068.835625,"['£3.00', '£4.29/100g']",3.0,£4.29/100g
17742,Tesco 2 Lemon Parsley Butterflied Sea Bass Fillets 255G,https://www.tesco.com/groceries/en-GB/products/312365943,1687618068.905904,"['£5.50', '£21.57/kg']",5.5,£21.57/kg
17743,Tesco Plant Chef Falafel & Houmous 85G,https://www.tesco.com/groceries/en-GB/products/310162307,1687618068.973289,"['£1.25', '£1.47/100g']",1.25,£1.47/100g
17744,Pukka Chicken Balti Slice 170G,https://www.tesco.com/groceries/en-GB/products/311931937,1687618069.0901,"['£1.75', '£1.03/100g']",1.75,£1.03/100g
17745,Tesco Tomato & Basil Flavoured Pulse Mix 25G,https://www.tesco.com/groceries/en-GB/products/312573322,1687618069.1790879,"['£0.75', '£3.00/100g']",0.75,£3.00/100g
17746,Charlie Bigham's Chicken & Mushroom Risotto 700G,https://www.tesco.com/groceries/en-GB/products/291243440,1687618069.2719302,"['£9.50', '£13.57/kg']",9.5,£13.57/kg
17747,Rose & Lily,https://www.tesco.com/groceries/en-GB/products/293377128,1687618069.3645499,"['£6.00', '£6.00/each']",6.0,£6.00/each
17748,Fisherman Brown Shrimp 70G,https://www.tesco.com/groceries/en-GB/products/312347700,1687618069.435766,"['£4.20', '£6.00/100g']",4.2,£6.00/100g
17749,Tesco Finest Vegetable Moussaka 800G,https://www.tesco.com/groceries/en-GB/products/313006890,1687618069.506628,"['£6.50', '£8.12/kg']",6.5,£8.12/kg
17750,Tesco Loaded Caramel & Honeycomb Cookie Dough 305G,https://www.tesco.com/groceries/en-GB/products/308477217,1687618069.603691,"['£4.00', '£1.31/100g']",4.0,£1.31/100g
17751,Higgidy 10 Bang Bang Cauliflower Vegan Dinky Rolls 170G,https://www.tesco.com/groceries/en-GB/products/312586382,1687618069.672638,"['£3.85', '£2.26/100g']",3.85,£2.26/100g
17752,Tesco Loaded Triple Chocolate Brownie 380G,https://www.tesco.com/groceries/en-GB/products/308832333,1687618069.7839801,"['£4.00', '£1.05/100g']",4.0,£1.05/100g
17753,Zott Monte Snack Pack 8X29g,https://www.tesco.com/groceries/en-GB/products/309748414,1687618069.8526862,"['£3.25', '£1.40/100g']",3.25,£1.40/100g
17754,Tesco Pesto Pasta With Semi Dried Tomatoes 225G,https://www.tesco.com/groceries/en-GB/products/283195992,1687618070.001917,"['£2.75', '£0.01/kg']",2.75,£0.01/kg
17755,The Black Farmer Spicy Jerk Chicken With Rice 400G,https://www.tesco.com/groceries/en-GB/products/312362779,1687618070.096496,"['£3.75', '£9.38/kg']",3.75,£9.38/kg
17756,Tesco Chicken In Black Bean Sauce 400G,https://www.tesco.com/groceries/en-GB/products/310664045,1687618070.165545,"['£4.00', '£10.00/kg']",4.0,£10.00/kg
17757,English Cheesecake Company Ltd Lemon & Mascarpone Cheesecake 214G,https://www.tesco.com/groceries/en-GB/products/312836536,1687618070.255529,"['£3.75', '£1.75/100g']",3.75,£1.75/100g
17758,Tesco Plant Chef Alternative To Halloumi 200G,https://www.tesco.com/groceries/en-GB/products/311687356,1687618070.347373,"['£2.30', '£11.50/kg']",2.3,£11.50/kg
17759,Elit Summer Salami 400G,https://www.tesco.com/groceries/en-GB/products/309453584,1687618070.414455,"['£2.10', '£0.52/100g']",2.1,£0.52/100g
17760,Tesco Deli Style Cheese & Pickle Sandwich,https://www.tesco.com/groceries/en-GB/products/311794528,1687618070.4832058,"['£2.60', '£2.60/each']",2.6,£2.60/each
17761,Bol Mediterranean Pesto Pasta Fresh Vegetable Pot 345G,https://www.tesco.com/groceries/en-GB/products/310166836,1687618070.572387,"['£3.45', '£10.00/kg']",3.45,£10.00/kg
17762,Jolly Hog 6 Pork & Bramley Apple Sausages 400G,https://www.tesco.com/groceries/en-GB/products/309498093,1687618070.663786,"['£3.75', '£9.38/kg']",3.75,£9.38/kg
17763,"Tesco Apple, Mango Strawberry And Raspberry 210G",https://www.tesco.com/groceries/en-GB/products/312985514,1687618070.754099,"['£2.25', '£1.07/100g']",2.25,£1.07/100g
17764,Mighty M.Lkology Semi Uht Pea Protein Drink 1 Litre,https://www.tesco.com/groceries/en-GB/products/310098749,1687618070.827905,"['£1.90', '£1.90/litre']",1.9,£1.90/litre
17765,Higgidy 10 Cheddar & Chives Dinky Rolls 170G,https://www.tesco.com/groceries/en-GB/products/305983629,1687618070.9030259,"['£3.85', '£2.26/100g']",3.85,£2.26/100g
17766,The Corner Deli Co Salted Corn & Habas Fritas 80G,https://www.tesco.com/groceries/en-GB/products/304398265,1687618071.004965,"['£1.70', '£2.12/100g']",1.7,£2.12/100g
17767,Tesco Smoky Red Pepper Dressing 175Ml,https://www.tesco.com/groceries/en-GB/products/307352476,1687618071.095401,"['£1.40', '£0.80/100ml']",1.4,£0.80/100ml
17768,Pakeeza Mango Lassi Thick Yogurt Drink 330G,https://www.tesco.com/groceries/en-GB/products/312982448,1687618071.164217,"['£1.35', '£0.41/100g']",1.35,£0.41/100g
17769,Tesco Tomato & Mozzarella Salad Bowl 220G,https://www.tesco.com/groceries/en-GB/products/308857298,1687618071.2331269,"['£2.75', '£1.25/100g']",2.75,£1.25/100g
17770,Takul Halal Kitchen Beef & Vegetable Pasty 140G,https://www.tesco.com/groceries/en-GB/products/312368306,1687618071.2996879,"['£1.50', '£1.07/100g']",1.5,£1.07/100g
17771,Nakd Cocoa Delight 35G,https://www.tesco.com/groceries/en-GB/products/278942260,1687618071.36941,"['£1.00', '£2.86/100g']",1.0,£2.86/100g
17772,Tesco Sour Cream Chive Flavoured Pulse & Nut Mix 25G,https://www.tesco.com/groceries/en-GB/products/312360107,1687618071.481544,"['£0.75', '£3.00/100g']",0.75,£3.00/100g
17773,Tesco Fresh Egg Custard Tarts 2 Pack,https://www.tesco.com/groceries/en-GB/products/257471105,1687618076.708102,"['£0.85', '£0.42/each']",0.85,£0.42/each
17774,Oggs Plant-Based Mini Chocolate Cupcakes 9 Pack 180G,https://www.tesco.com/groceries/en-GB/products/313362115,1687618076.86235,"['£3.95', '£2.19/100g']",3.95,£2.19/100g
17775,Finest Triple Chocolate Shortbread 4 Pack,https://www.tesco.com/groceries/en-GB/products/257800909,1687618077.1184058,"['£1.80', '£0.45/each']",1.8,£0.45/each
17776,Cinnamon Swirl 2 Pack,https://www.tesco.com/groceries/en-GB/products/256943223,1687618077.2134778,"['£1.70', '£0.85/each']",1.7,£0.85/each
17777,Tesco Chocolate Brownie Bites 20 Pack,https://www.tesco.com/groceries/en-GB/products/268394928,1687618077.284417,"['£2.30', '£0.12/each']",2.3,£0.12/each
17778,Paul Hollywood 4 Ready To Bake Multi-Seed Rolls,https://www.tesco.com/groceries/en-GB/products/305429741,1687618077.3799438,"['£2.00', '£0.50/each']",2.0,£0.50/each
17779,Heat & Eat White Baguette 3 Pack,https://www.tesco.com/groceries/en-GB/products/309461614,1687618077.456257,"['£1.40', '£0.47/each']",1.4,£0.47/each
17780,Tesco Pink Ring Doughnuts 4 Pack,https://www.tesco.com/groceries/en-GB/products/255874565,1687618077.533221,"['£1.30', '£0.32/each']",1.3,£0.32/each
17781,Crusty White Sandwich Loaf Sliced 800G,https://www.tesco.com/groceries/en-GB/products/258081507,1687618077.821154,"['£1.35', '£0.17/100g']",1.35,£0.17/100g
17782,Warburtons Gluten Free 4 Super Soft Sliced Square Rolls,https://www.tesco.com/groceries/en-GB/products/308494277,1687618077.8917902,"['£2.90', '£0.72/each']",2.9,£0.72/each
17783,Tesco 6 Classic Egg Waffles 250G,https://www.tesco.com/groceries/en-GB/products/310685247,1687618077.962928,"['£1.60', '£0.64/100g']",1.6,£0.64/100g
17784,Tesco Fire Pit 8 Sliced Seeded Burger Buns,https://www.tesco.com/groceries/en-GB/products/313840978,1687618078.037184,"['£1.80', '£0.22/each']",1.8,£0.22/each
17785,Warburtons Fruit Loaf With Cinnamon & Raisin 400G,https://www.tesco.com/groceries/en-GB/products/255985687,1687618078.11201,"['£1.95', '£0.49/100g']",1.95,£0.49/100g
17786,Mr Kipling 8 Angel Slices Slices,https://www.tesco.com/groceries/en-GB/products/295848853,1687618078.18379,"['£3.95', '£0.49/each']",3.95,£0.49/each
17787,Baker Street Burger Buns 6 Pack,https://www.tesco.com/groceries/en-GB/products/308463683,1687618078.278004,"['£1.60', '£0.27/each']",1.6,£0.27/each
17788,Soreen Malt Lunchbox Loaves 5 Pack,https://www.tesco.com/groceries/en-GB/products/273421003,1687618078.369659,"['£1.75', '£0.35/each']",1.75,£0.35/each
17789,Baker Street 4 Hot Dog Rolls,https://www.tesco.com/groceries/en-GB/products/308493065,1687618078.471927,"['£1.60', '£0.40/each']",1.6,£0.40/each
17790,Tesco Fire Pit 8 Sliced Brioche Burger Buns,https://www.tesco.com/groceries/en-GB/products/308475012,1687618078.5690181,"['£1.70', '£0.21/each']",1.7,£0.21/each
17791,Kingsmill Pancakes 6 Pack,https://www.tesco.com/groceries/en-GB/products/253738348,1687618078.6409311,"['£1.15', '£19.17/100g']",1.15,£19.17/100g
17792,Mr Kipling Bakewell Slice 6 Pack,https://www.tesco.com/groceries/en-GB/products/254947337,1687618078.7155368,"['£2.50', '£0.42/each']",2.5,£0.42/each
17793,Tesco 6 Sultana Scones,https://www.tesco.com/groceries/en-GB/products/279841965,1687618078.825581,"['£1.50', '£0.25/each']",1.5,£0.25/each
17794,Mcvities Jamaica Ginger Cake Each,https://www.tesco.com/groceries/en-GB/products/254946839,1687618078.899116,"['£1.50', '£1.50/each']",1.5,£1.50/each
17795,Tesco Fire Pit 6 Jumbo Brioche Hot Dog Rolls,https://www.tesco.com/groceries/en-GB/products/311216546,1687618078.966199,"['£1.60', '£0.27/each']",1.6,£0.27/each
17796,Hovis Seven Seeds Original 400G,https://www.tesco.com/groceries/en-GB/products/287424635,1687618079.039409,"['£1.30', '£0.32/100g']",1.3,£0.32/100g
17797,Jason's 4 Everyday White Rolls With Sourdough 320G,https://www.tesco.com/groceries/en-GB/products/313757553,1687618079.113137,"['£1.50', '£0.47/100g']",1.5,£0.47/100g
17798,Mr Kipling Cherry Bakewells 6 Pack,https://www.tesco.com/groceries/en-GB/products/254947838,1687618079.212532,"['£1.99', '£0.33/each']",1.99,£0.33/each
17799,Mr Kipling Angel Slice 6 Pack,https://www.tesco.com/groceries/en-GB/products/296983673,1687618079.29073,"['£2.75', '£0.46/each']",2.75,£0.46/each
17800,Tesco White Sub Rolls 4 Pack,https://www.tesco.com/groceries/en-GB/products/299598842,1687618079.384923,"['£0.95', '£0.24/each']",0.95,£0.24/each
17801,Tesco Finest Wholemeal Seeds And Grains Bread 400G,https://www.tesco.com/groceries/en-GB/products/305836218,1687618079.4647229,"['£1.00', '£0.25/100g']",1.0,£0.25/100g
17802,Tesco Assorted Jam Tarts 6 Pack,https://www.tesco.com/groceries/en-GB/products/254947936,1687618079.5627022,"['£0.99', '£0.16/each']",0.99,£0.16/each
17803,Tesco Finest 4 Mango & Passion Fruit Buttermilk Pancakes,https://www.tesco.com/groceries/en-GB/products/313734217,1687618079.645914,"['£1.50', '£0.38/each']",1.5,£0.38/each
17804,Ms Molly's 12 Iced Fairy Cakes,https://www.tesco.com/groceries/en-GB/products/300120975,1687618079.97244,"['£0.99', '£0.08/each']",0.99,£0.08/each
17805,Tgi Cupcakes Strawberry & Chocolate 6 Pack,https://www.tesco.com/groceries/en-GB/products/313610715,1687618080.056947,"['£4.50', '£0.75/each']",4.5,£0.75/each
17806,Bramley Apple Pie Each,https://www.tesco.com/groceries/en-GB/products/256859922,1687618080.126403,"['£1.90', '£1.90/each']",1.9,£1.90/each
17807,Tesco 8 Sweet Pancakes,https://www.tesco.com/groceries/en-GB/products/258296697,1687618080.192941,"['£2.85', '£0.36/each']",2.85,£0.36/each
17808,Tesco 4 Triple Chocolate Muffins,https://www.tesco.com/groceries/en-GB/products/268563873,1687618080.2604291,"['£1.80', '£0.45/each']",1.8,£0.45/each
17809,Belgian Chocolate Muffins 4 Pack,https://www.tesco.com/groceries/en-GB/products/263905005,1687618080.32637,"['£1.80', '£0.45/each']",1.8,£0.45/each
17810,Tesco White Iced Ring Doughnuts 4 Pack,https://www.tesco.com/groceries/en-GB/products/296902776,1687618080.392385,"['£1.30', '£0.32/each']",1.3,£0.32/each
17811,Whaoo! Chocolate Filled Crepes 8 Pack 256G,https://www.tesco.com/groceries/en-GB/products/309187121,1687618080.4615731,"['£2.50', '£0.98/100g']",2.5,£0.98/100g
17812,Tesco Finest 4 Belgian Sugar Waffles 200G,https://www.tesco.com/groceries/en-GB/products/311692580,1687618080.549897,"['£1.80', '£0.90/100g']",1.8,£0.90/100g
17813,Tesco White Chocolate Cookies 5 Pack,https://www.tesco.com/groceries/en-GB/products/276132127,1687618080.620916,"['£1.25', '£0.25/each']",1.25,£0.25/each
17814,Double Chocolate Cookie 5 Pack,https://www.tesco.com/groceries/en-GB/products/275156325,1687618080.692435,"['£1.25', '£0.25/each']",1.25,£0.25/each
17815,Warburtons Soft & Sliced Sesame Bagels 5 Pack,https://www.tesco.com/groceries/en-GB/products/304414570,1687618080.759414,"['£1.85', '£0.37/each']",1.85,£0.37/each
17816,Soreen Sliced Malt Loaf 290G,https://www.tesco.com/groceries/en-GB/products/305953436,1687618080.901869,"['£1.75', '£0.60/100g']",1.75,£0.60/100g
17817,Soreen 5 Apple Lunchbox Loaves 150G,https://www.tesco.com/groceries/en-GB/products/297385855,1687618080.991195,"['£1.75', '£1.17/100g']",1.75,£1.17/100g
17818,Tesco Finest Rye & Mixed Seed Sourdough 400G,https://www.tesco.com/groceries/en-GB/products/303629473,1687618081.084806,"['£1.70', '£0.42/100g']",1.7,£0.42/100g
17819,New York Bakery Red Onion & Chive Bagels 5 Pack,https://www.tesco.com/groceries/en-GB/products/292885006,1687618081.1521769,"['£1.90', '£0.38/each']",1.9,£0.38/each
17820,Tesco Finest 4 Brioche Hot Dog Rolls,https://www.tesco.com/groceries/en-GB/products/305838965,1687618081.220315,"['£1.20', '£0.30/each']",1.2,£0.30/each
17821,Tesco Celebration Cake,https://www.tesco.com/groceries/en-GB/products/264983216,1687618086.382684,"['£10.00', '£10.00/each']",10.0,£10.00/each
17822,Tesco Free From Confetti Cake,https://www.tesco.com/groceries/en-GB/products/308452137,1687618086.4599628,"['£10.00', '£10.00/each']",10.0,£10.00/each
17823,Cadbury Heroes Party Cupcakes 9 Pack,https://www.tesco.com/groceries/en-GB/products/306939527,1687618086.5475981,"['£10.00', '£1.11/each']",10.0,£1.11/each
17824,Peppa Pig Traybake,https://www.tesco.com/groceries/en-GB/products/306952522,1687618086.61584,"['£9.50', '£9.50/each']",9.5,£9.50/each
17825,Me To You Gift Cake,https://www.tesco.com/groceries/en-GB/products/277663050,1687618086.7741692,"['£5.00', '£5.00/each']",5.0,£5.00/each
17826,Thorntons Indulgent Chocolate Gift Cake,https://www.tesco.com/groceries/en-GB/products/301044637,1687618086.848099,"['£5.50', '£5.50/each']",5.5,£5.50/each
17827,Tesco Finest Chocolate & Caramel Gift Cake,https://www.tesco.com/groceries/en-GB/products/312349836,1687618086.9203908,"['£5.50', '£5.50/each']",5.5,£5.50/each
17828,Tesco Finest Cookies N' Cream Cookie Cake,https://www.tesco.com/groceries/en-GB/products/311439708,1687618086.987793,"['£1.85', '£1.85/each']",1.85,£1.85/each
17829,Tesco Finest Chocolate And Salted Caramel Cake,https://www.tesco.com/groceries/en-GB/products/312365632,1687618087.052254,"['£5.50', '£5.50/each']",5.5,£5.50/each
17830,"Tesco Finest Lemon, Lime & White Chocolate Cake",https://www.tesco.com/groceries/en-GB/products/312230930,1687618087.124769,"['£5.50', '£5.50/each']",5.5,£5.50/each
17831,Tgi Fridays Chocolate Brownie Heaven Cake,https://www.tesco.com/groceries/en-GB/products/312694196,1687618087.193185,"['£5.00', '£5.00/each']",5.0,£5.00/each
17832,Seerys Porter Cake 500G,https://www.tesco.com/groceries/en-GB/products/272228919,1687618087.281635,"['£3.30', '£0.66/100g']",3.3,£0.66/100g
17833,Oggs Vegan Chocolate Fudge Cupcakes 2 Pack 125G,https://www.tesco.com/groceries/en-GB/products/312696997,1687618087.353228,"['£2.35', '£1.86/100g']",2.35,£1.86/100g
17834,Oggs Brownie Bites 126G,https://www.tesco.com/groceries/en-GB/products/310097088,1687618087.4193542,"['£2.35', '£1.86/100g']",2.35,£1.86/100g
17835,Mars Chocolate & Caramel Cake,https://www.tesco.com/groceries/en-GB/products/313858946,1687618087.510592,"['£3.50', '£3.50/each']",3.5,£3.50/each
17836,Tesco Finest Caramelised Biscuit Bites 208G,https://www.tesco.com/groceries/en-GB/products/311212003,1687618087.5819252,"['£2.75', '£1.32/100g']",2.75,£1.32/100g
17837,Tesco Finest 2 Sticky Toffee Cupbakes,https://www.tesco.com/groceries/en-GB/products/312343324,1687618087.650112,"['£2.90', '£1.45/each']",2.9,£1.45/each
17838,Tesco Finest Jammy Cookie Cake,https://www.tesco.com/groceries/en-GB/products/312087727,1687618087.7156239,"['£1.85', '£1.85/each']",1.85,£1.85/each
17839,Tesco Rose Bouquet Cake,https://www.tesco.com/groceries/en-GB/products/285313228,1687618087.78761,"['£15.00', '£15.00/each']",15.0,£15.00/each
17840,Nickelodeon Paw Patrol Celebration Cake,https://www.tesco.com/groceries/en-GB/products/289850236,1687618087.855724,"['£15.00', '£15.00/each']",15.0,£15.00/each
17841,Tesco Finest Belgian Chocolate Cake,https://www.tesco.com/groceries/en-GB/products/305977834,1687618087.925514,"['£16.00', '£16.00/each']",16.0,£16.00/each
17842,Tesco Finest Lemon Curd Drip Cake,https://www.tesco.com/groceries/en-GB/products/308485189,1687618087.990643,"['£16.00', '£16.00/each']",16.0,£16.00/each
17843,Disney Princess Ensemble Celebration Cake,https://www.tesco.com/groceries/en-GB/products/307158954,1687618088.056156,"['£14.00', '£14.00/each']",14.0,£14.00/each
17844,Thorntons Celebration Cake Each,https://www.tesco.com/groceries/en-GB/products/272080844,1687618088.122116,"['£15.00', '£15.00/each']",15.0,£15.00/each
17845,Super Mario Celebration Cake,https://www.tesco.com/groceries/en-GB/products/305964969,1687618088.188859,"['£14.00', '£14.00/each']",14.0,£14.00/each
17846,Avengers Celebration Cake,https://www.tesco.com/groceries/en-GB/products/308490984,1687618088.257489,"['£14.00', '£14.00/each']",14.0,£14.00/each
17847,Disney Cars Lightning Mcqueen Chocolate Cake,https://www.tesco.com/groceries/en-GB/products/309748691,1687618088.324197,"['£15.00', '£15.00/each']",15.0,£15.00/each
17848,Tesco Princess Tiara Cake,https://www.tesco.com/groceries/en-GB/products/285312794,1687618088.429006,"['£14.00', '£14.00/each']",14.0,£14.00/each
17849,Tesco Finest Strawberries & Cream Cake,https://www.tesco.com/groceries/en-GB/products/305945803,1687618088.4947789,"['£16.00', '£16.00/each']",16.0,£16.00/each
17850,Tesco Finest Blonde Cake,https://www.tesco.com/groceries/en-GB/products/311275878,1687618088.5610108,"['£16.00', '£16.00/each']",16.0,£16.00/each
17851,Tesco Banoffee Celebration Cake,https://www.tesco.com/groceries/en-GB/products/312096558,1687618088.629581,"['£13.00', '£13.00/each']",13.0,£13.00/each
17852,Sonic The Hedgehog Celebration Cake,https://www.tesco.com/groceries/en-GB/products/309479968,1687618088.6954591,"['£13.00', '£13.00/each']",13.0,£13.00/each
17853,England Shirt Shaped Cake,https://www.tesco.com/groceries/en-GB/products/312367440,1687618088.7603772,"['£13.00', '£13.00/each']",13.0,£13.00/each
17854,Tesco Finest Trillionaire Cake,https://www.tesco.com/groceries/en-GB/products/309759862,1687618088.825047,"['£16.00', '£16.00/each']",16.0,£16.00/each
17855,Tesco Finest Mocha Cake,https://www.tesco.com/groceries/en-GB/products/311275170,1687618088.8902452,"['£16.00', '£16.00/each']",16.0,£16.00/each
17856,Tesco Patch The Puppy Cake,https://www.tesco.com/groceries/en-GB/products/312368519,1687618088.9616818,"['£12.00', '£12.00/each']",12.0,£12.00/each
17857,Maltesers 12 Double Choc Crunchy Munchy Cupcakes,https://www.tesco.com/groceries/en-GB/products/308494657,1687618089.0270011,"['£10.00', '£0.83/each']",10.0,£0.83/each
17858,Tesco White Chocolate Cake,https://www.tesco.com/groceries/en-GB/products/312356827,1687618089.093471,"['£13.00', '£13.00/each']",13.0,£13.00/each
17859,Tesco Tess The Tiger Cake,https://www.tesco.com/groceries/en-GB/products/311939969,1687618089.1652951,"['£12.00', '£12.00/each']",12.0,£12.00/each
17860,Tesco Finest Butterscotch Brownie Cake,https://www.tesco.com/groceries/en-GB/products/310683304,1687618089.3100789,"['£16.00', '£16.00/each']",16.0,£16.00/each
17861,Tesco Finest Lemon & White Chocolate Gift Cake,https://www.tesco.com/groceries/en-GB/products/312568945,1687618089.4143412,"['£5.50', '£5.50/each']",5.5,£5.50/each
17862,Tgi Fridays Caramel Blondie,https://www.tesco.com/groceries/en-GB/products/312699133,1687618089.482177,"['£5.00', '£5.00/each']",5.0,£5.00/each
17863,Cadbury Mini Rolls Raspberry 10 Pack,https://www.tesco.com/groceries/en-GB/products/295848818,1687618089.5722759,"['£3.95', '£0.40/each']",3.95,£0.40/each
17864,Cadbury Mini Rolls Milk Chocolate 10 Pack,https://www.tesco.com/groceries/en-GB/products/295848830,1687618089.63954,"['£3.95', '£0.40/each']",3.95,£0.40/each
17865,Thorntons Chocolate & Hazelnut Brookie Bars 4 Pack,https://www.tesco.com/groceries/en-GB/products/312720581,1687618089.707055,"['£2.25', '£0.56/each']",2.25,£0.56/each
17866,Peppa Pig Celebration Cake,https://www.tesco.com/groceries/en-GB/products/313956611,1687618089.789568,"['£12.00', '£12.00/each']",12.0,£12.00/each
17867,Tesco Finest Belgian Triple Chocolate Muffins 2 Pack,https://www.tesco.com/groceries/en-GB/products/311265533,1687618089.860539,"['£1.90', '£0.95/each']",1.9,£0.95/each
17868,Mini Danish Selection 5 Pack,https://www.tesco.com/groceries/en-GB/products/273889083,1687618089.951623,"['£1.75', '£0.35/each']",1.75,£0.35/each
17869,Tesco Chicken Korma With Pilau Rice 400G,https://www.tesco.com/groceries/en-GB/products/299917719,1687618095.275178,"['£1.75', '£4.38/kg']",1.75,£4.38/kg
17870,Tesco Casserole Beef 500G,https://www.tesco.com/groceries/en-GB/products/260067183,1687618095.352082,"['£4.50', '£9.00/kg']",4.5,£9.00/kg
17871,Ms Molly's Lemon Swirl Cheesecake 375G,https://www.tesco.com/groceries/en-GB/products/299475302,1687618095.431145,"['£0.80', '£0.21/100g']",0.8,£0.21/100g
17872,Tesco Finest 8 Mini Lobster Mac & Cheese 160G,https://www.tesco.com/groceries/en-GB/products/312231589,1687618095.502673,"['£2.25', '£1.41/100g']",2.25,£1.41/100g
17873,Tesco Basa Fillets 500G,https://www.tesco.com/groceries/en-GB/products/268228424,1687618095.593739,"['£4.00', '£8.00/kg']",4.0,£8.00/kg
17874,Goodfella's Gluten Free Margherita Pizza 328G,https://www.tesco.com/groceries/en-GB/products/288017880,1687618095.661558,"['£3.75', '£11.43/kg']",3.75,£11.43/kg
17875,Goodfella's Pepperoni Pizza Gluten Free 317G,https://www.tesco.com/groceries/en-GB/products/307340657,1687618095.732188,"['£3.75', '£1.18/100g']",3.75,£1.18/100g
17876,Tesco Steam Bags Long Grain White Rice 4 X 200G,https://www.tesco.com/groceries/en-GB/products/260409799,1687618095.804231,"['£2.50', '£3.12/kg']",2.5,£3.12/kg
17877,Tesco 4 Steam Bag Carrots Broccoli & Sweetcorn 640G,https://www.tesco.com/groceries/en-GB/products/271223759,1687618095.880928,"['£2.50', '£3.91/kg']",2.5,£3.91/kg
17878,Jus-Rol 2 Shortcrust Pastry Blocks 1Kg,https://www.tesco.com/groceries/en-GB/products/252632373,1687618095.955133,"['£2.80', '£0.28/100g']",2.8,£0.28/100g
17879,Strong Roots Oven Baked Sweet Potato Fries 500G,https://www.tesco.com/groceries/en-GB/products/292523862,1687618096.023316,"['£3.30', '£6.60/kg']",3.3,£6.60/kg
17880,Tesco Finest Raspberry & Dark Chocolate Roulade 450G,https://www.tesco.com/groceries/en-GB/products/305729766,1687618096.090454,"['£5.00', '£1.11/100g']",5.0,£1.11/100g
17881,Tesco Southern Fried Mini Chicken Breast Fillets 300G,https://www.tesco.com/groceries/en-GB/products/262083678,1687618096.158985,"['£3.00', '£10.00/kg']",3.0,£10.00/kg
17882,Tesco Mediterranean Style Roasting Vegetables 700G,https://www.tesco.com/groceries/en-GB/products/294892180,1687618096.2271419,"['£3.00', '£4.29/kg']",3.0,£4.29/kg
17883,Kelly's Cornish Vanilla Dairy Ice Cream 2 Litres,https://www.tesco.com/groceries/en-GB/products/252335598,1687618096.2928078,"['£5.00', '£0.25/100ml']",5.0,£0.25/100ml
17884,Aunt Bessie's Mashed Carrot & Swede 500G,https://www.tesco.com/groceries/en-GB/products/268323259,1687618096.364071,"['£2.50', '£5.00/kg']",2.5,£5.00/kg
17885,Birds Eye 8 Crispy Batter Fish Fingers 224G,https://www.tesco.com/groceries/en-GB/products/265536824,1687618096.431009,"['£2.00', '£8.93/kg']",2.0,£8.93/kg
17886,Tesco Diced Chicken Breast Fillets 640G,https://www.tesco.com/groceries/en-GB/products/295710820,1687618096.499394,"['£4.20', '£6.56/kg']",4.2,£6.56/kg
17887,Tesco 4 Chicken & Vegetable Pies 568G,https://www.tesco.com/groceries/en-GB/products/287490313,1687618096.567044,"['£2.50', '£0.44/100g']",2.5,£0.44/100g
17888,Zizzi Rustica Piccante Pepperoni Pizza 410G,https://www.tesco.com/groceries/en-GB/products/311253115,1687618096.6389859,"['£4.15', '£1.01/100g']",4.15,£1.01/100g
17889,Cadbury Flake 99 Ice Cream Cones 4 X 125Ml,https://www.tesco.com/groceries/en-GB/products/251821479,1687618096.7326322,"['£4.00', '£0.80/100ml']",4.0,£0.80/100ml
17890,The Real Yorkshire Pudding Co. 6 Gluten Free Yorkshire Puddings 180G,https://www.tesco.com/groceries/en-GB/products/311953427,1687618096.824142,"['£2.50', '£13.89/kg']",2.5,£13.89/kg
17891,Birds Eye Hash Brown Waffles 650G,https://www.tesco.com/groceries/en-GB/products/307358280,1687618096.8975208,"['£3.10', '£4.77/kg']",3.1,£4.77/kg
17892,Aunt Bessie's 4 Yorkshire Puddings Sea Salt & Rosemary 220G,https://www.tesco.com/groceries/en-GB/products/309742720,1687618096.998231,"['£2.00', '£9.09/kg']",2.0,£9.09/kg
17893,Tesco 4 Cheese & Bacon Breaded Chicken Kievs 500G,https://www.tesco.com/groceries/en-GB/products/293535996,1687618097.068504,"['£3.00', '£6.00/kg']",3.0,£6.00/kg
17894,Tesco 4 Chicken & Bacon Pies 568G,https://www.tesco.com/groceries/en-GB/products/287490273,1687618097.139225,"['£2.50', '£0.44/100g']",2.5,£0.44/100g
17895,Tesco Family Cottage Pie 1.4Kg,https://www.tesco.com/groceries/en-GB/products/308098942,1687618097.209429,"['£5.00', '£3.57/kg']",5.0,£3.57/kg
17896,Cadbury Dairy Milk Buttons Ice Cream Cones 4 X 100Ml,https://www.tesco.com/groceries/en-GB/products/282692727,1687618097.300805,"['£2.75', '£0.69/100ml']",2.75,£0.69/100ml
17897,Quorn 12 Sausages 504G,https://www.tesco.com/groceries/en-GB/products/281442254,1687618097.366526,"['£2.95', '£5.85/kg']",2.95,£5.85/kg
17898,Aunt Bessie's Onion Rings 375G,https://www.tesco.com/groceries/en-GB/products/268266126,1687618097.4404778,"['£2.35', '£6.27/kg']",2.35,£6.27/kg
17899,Cornetto Mint Ice Cream Cones 6 X 90Ml,https://www.tesco.com/groceries/en-GB/products/303067238,1687618097.508327,"['£3.25', '£0.60/100ml']",3.25,£0.60/100ml
17900,Birds Eye Steamfresh 4 Classic Garden Mix Vegetable 540G,https://www.tesco.com/groceries/en-GB/products/273125982,1687618097.5755851,"['£2.90', '£5.37/kg']",2.9,£5.37/kg
17901,Tesco Finest Valencia Orange Juice Lollies 4 X 73Ml,https://www.tesco.com/groceries/en-GB/products/256174211,1687618097.664779,"['£2.50', '£0.86/100ml']",2.5,£0.86/100ml
17902,Tesco Finest 4 Beef Burgers 454G,https://www.tesco.com/groceries/en-GB/products/293709025,1687618097.732138,"['£3.75', '£8.26/kg']",3.75,£8.26/kg
17903,Oreo Ice Cream Sandwich 4Pkl 55Ml,https://www.tesco.com/groceries/en-GB/products/306157202,1687618097.911341,"['£2.00', '£3.64/100ml']",2.0,£3.64/100ml
17904,Solero Exotic Ice Cream 3 X 90Ml,https://www.tesco.com/groceries/en-GB/products/291971159,1687618098.0284438,"['£2.50', '£0.93/100ml']",2.5,£0.93/100ml
17905,Tesco Sausage And Mash 400G,https://www.tesco.com/groceries/en-GB/products/303182209,1687618098.120366,"['£1.70', '£4.25/kg']",1.7,£4.25/kg
17906,Tesco 6 Dark Chocolate Ices 6X70ml,https://www.tesco.com/groceries/en-GB/products/310092600,1687618098.190788,"['£1.50', '£0.36/100ml']",1.5,£0.36/100ml
17907,Tesco White Chocolate Ice Creams 3X110ml,https://www.tesco.com/groceries/en-GB/products/303067964,1687618098.258218,"['£1.35', '£0.41/100ml']",1.35,£0.41/100ml
17908,Tesco Lamb Hotpot 400G,https://www.tesco.com/groceries/en-GB/products/303182343,1687618098.33115,"['£1.75', '£4.38/kg']",1.75,£4.38/kg
17909,Tesco Shepherds Pie 400G,https://www.tesco.com/groceries/en-GB/products/303182147,1687618098.398294,"['£1.70', '£4.25/kg']",1.7,£4.25/kg
17910,Tesco All Day Breakfast 350G,https://www.tesco.com/groceries/en-GB/products/292400397,1687618098.464179,"['£2.25', '£6.43/kg']",2.25,£6.43/kg
17911,Hearty Food Co 4 Bean & Cheese Melts 400G,https://www.tesco.com/groceries/en-GB/products/299390350,1687618098.5346072,"['£1.10', '£0.28/100g']",1.1,£0.28/100g
17912,Tesco Chicken Breast Joint 800G,https://www.tesco.com/groceries/en-GB/products/272866077,1687618098.602392,"['£5.10', '£6.38/kg']",5.1,£6.38/kg
17913,Ms Molly's Strawberry Swirl Cheesecake 375G,https://www.tesco.com/groceries/en-GB/products/299475285,1687618098.671593,"['£0.85', '£0.23/100g']",0.85,£0.23/100g
17914,Tesco 8 Mini Fish Pies 124G,https://www.tesco.com/groceries/en-GB/products/312210827,1687618098.7433212,"['£1.50', '£1.21/100g']",1.5,£1.21/100g
17915,Birds Eye 4 Large Breaded Haddock 440G,https://www.tesco.com/groceries/en-GB/products/303334280,1687618098.841423,"['£6.00', '£13.64/kg']",6.0,£13.64/kg
17916,Ben & Jerry's Cookie Dough Vanilla Ice Cream 465Ml,https://www.tesco.com/groceries/en-GB/products/305955388,1687618098.9086468,"['£5.00', '£1.08/100ml']",5.0,£1.08/100ml
17917,Tesco Beautifully Balanced Prawn & Kale Linguine 400G,https://www.tesco.com/groceries/en-GB/products/311216984,1687618105.048547,"['£2.30', '£5.75/kg']",2.3,£5.75/kg
17918,Ben & Jerry's Tony's Chocolonely Chocolate Love A Fair Ice Cream 465Ml,https://www.tesco.com/groceries/en-GB/products/312581076,1687618105.125977,"['£5.00', '£1.08/100ml']",5.0,£1.08/100ml
17919,Ben & Jerry's Cookie Dough Sandwich Up Vanilla Ice Cream 465Ml,https://www.tesco.com/groceries/en-GB/products/305736469,1687618105.220458,"['£5.00', '£1.08/100ml']",5.0,£1.08/100ml
17920,Ben & Jerry's Caramel Chew Chew Ice Cream 465Ml,https://www.tesco.com/groceries/en-GB/products/305968091,1687618105.3137212,"['£5.00', '£1.08/100ml']",5.0,£1.08/100ml
17921,Ben & Jerry's Karamel Sutra Core Ice Cream 465Ml,https://www.tesco.com/groceries/en-GB/products/305956750,1687618105.407292,"['£5.00', '£1.08/100ml']",5.0,£1.08/100ml
17922,Ben & Jerry's Peanut Butter Cup Ice Cream 465Ml,https://www.tesco.com/groceries/en-GB/products/305947489,1687618105.532633,"['£5.00', '£1.08/100ml']",5.0,£1.08/100ml
17923,Tesco Free From 4 Breaded Chicken Steaks 380G,https://www.tesco.com/groceries/en-GB/products/281865600,1687618105.626827,"['£4.15', '£10.92/kg']",4.15,£10.92/kg
17924,Goodfellas Takeaway Chicken & Bacon Bbq Pizza 549G,https://www.tesco.com/groceries/en-GB/products/308099797,1687618105.698581,"['£5.00', '£9.11/kg']",5.0,£9.11/kg
17925,Mccain Flavour Maker Smokey Bbq Fries 762G,https://www.tesco.com/groceries/en-GB/products/308112074,1687618105.7918222,"['£3.50', '£4.59/kg']",3.5,£4.59/kg
17926,Tesco Finest Chocolate Sauce 250G,https://www.tesco.com/groceries/en-GB/products/276519886,1687618105.8604958,"['£2.90', '£1.16/100g']",2.9,£1.16/100g
17927,Birds Eye Texas Style Bbq Popcorn Chicken 325G,https://www.tesco.com/groceries/en-GB/products/309746290,1687618105.952327,"['£4.10', '£12.62/kg']",4.1,£12.62/kg
17928,Crosta & Mollica Pizzeria Imperia Sourdough 419G,https://www.tesco.com/groceries/en-GB/products/308103309,1687618106.047317,"['£5.10', '£1.22/100g']",5.1,£1.22/100g
17929,Kirsty's Free From Pepperoni Pizza 325G,https://www.tesco.com/groceries/en-GB/products/304369634,1687618106.137462,"['£4.10', '£12.62/kg']",4.1,£12.62/kg
17930,Lotus Biscoff Ice Cream Sticks 3X90ml,https://www.tesco.com/groceries/en-GB/products/305977074,1687618106.223117,"['£4.50', '£1.67/100ml']",4.5,£1.67/100ml
17931,Halo Top Gooey Brownie Ice Cream 473Ml,https://www.tesco.com/groceries/en-GB/products/305830759,1687618106.328855,"['£5.25', '£1.11/100ml']",5.25,£1.11/100ml
17932,Vfc Original Recipe Vegan Crispy Chicken Tenders 200G,https://www.tesco.com/groceries/en-GB/products/312990703,1687618106.41955,"['£3.00', '£15.00/kg']",3.0,£15.00/kg
17933,Youngs Gastro 2 Extra Large Battered Cod Fillets 450G,https://www.tesco.com/groceries/en-GB/products/312579431,1687618106.525135,"['£6.00', '£13.33/kg']",6.0,£13.33/kg
17934,Ben & Jerry's Tony's Chocolonely Chocolate Love A Fair Non Dairy 465Ml,https://www.tesco.com/groceries/en-GB/products/312348031,1687618106.5933921,"['£5.00', '£1.08/100ml']",5.0,£1.08/100ml
17935,Northern Dough Co. Pizza Dough Italian Herb 2X200g,https://www.tesco.com/groceries/en-GB/products/308470426,1687618106.6707149,"['£2.60', '£0.59/100g']",2.6,£0.59/100g
17936,Gosh! Original Falafel 308G,https://www.tesco.com/groceries/en-GB/products/312853256,1687618106.741118,"['£2.50', '£8.12/kg']",2.5,£8.12/kg
17937,Strong Roots The Kale & Quinoa Burger 300G,https://www.tesco.com/groceries/en-GB/products/307359958,1687618106.830219,"['£3.30', '£11.00/kg']",3.3,£11.00/kg
17938,Little Moons Honey Roasted Pistachio Mochi Ice Cream 192G,https://www.tesco.com/groceries/en-GB/products/311217159,1687618106.899957,"['£5.00', '£2.60/100g']",5.0,£2.60/100g
17939,Little Moons Chocolate & Hazelnut Ice Cream Mochi 192G,https://www.tesco.com/groceries/en-GB/products/310123980,1687618106.9711528,"['£5.00', '£2.60/100g']",5.0,£2.60/100g
17940,Little Moons 6 Creamy Coconut Treats 192G,https://www.tesco.com/groceries/en-GB/products/307746108,1687618107.040472,"['£5.00', '£2.60/100g']",5.0,£2.60/100g
17941,Extreme Cookie Cone Caramel 4X110ml,https://www.tesco.com/groceries/en-GB/products/310663265,1687618107.112139,"['£4.25', '£0.97/100ml']",4.25,£0.97/100ml
17942,Carousel Nougat Wafers 6 Pack,https://www.tesco.com/groceries/en-GB/products/286787609,1687618107.212682,"['£2.00', '£0.33/each']",2.0,£0.33/each
17943,Tesco Free From 6 Strawberry Splits 6X70g,https://www.tesco.com/groceries/en-GB/products/306660660,1687618107.28074,"['£2.35', '£0.56/100ml']",2.35,£0.56/100ml
17944,Tesco Strawberry Cheesecake Ice Cream 480Ml,https://www.tesco.com/groceries/en-GB/products/312698497,1687618107.348452,"['£2.40', '£0.50/100ml']",2.4,£0.50/100ml
17945,Beyond Meatballs 200G,https://www.tesco.com/groceries/en-GB/products/310189057,1687618107.423216,"['£4.00', '£20.00/kg']",4.0,£20.00/kg
17946,Haagen Dazs Mango & Raspberry Ice Cream Bar 3X80ml,https://www.tesco.com/groceries/en-GB/products/295432233,1687618107.4936142,"['£4.20', '£1.75/100ml']",4.2,£1.75/100ml
17947,Wicked Kitchen Cookie Dough Ice Dream Treat 500Ml,https://www.tesco.com/groceries/en-GB/products/308117063,1687618107.560226,"['£3.00', '£0.60/100ml']",3.0,£0.60/100ml
17948,Rowntree's Fruit Blaster Ice Lollies 6X58ml,https://www.tesco.com/groceries/en-GB/products/312694187,1687618107.632084,"['£2.50', '£0.72/100ml']",2.5,£0.72/100ml
17949,Oumph! The Spiced Kebab 280G,https://www.tesco.com/groceries/en-GB/products/310650827,1687618107.7211452,"['£3.50', '£12.50/kg']",3.5,£12.50/kg
17950,Oumph! Spicy Drums 270G,https://www.tesco.com/groceries/en-GB/products/312992816,1687618107.790762,"['£3.50', '£12.96/kg']",3.5,£12.96/kg
17951,Birds Eye Green Cuisine 4 Veggie Quarter Pounders 454G,https://www.tesco.com/groceries/en-GB/products/312833672,1687618107.9264011,"['£3.00', '£6.61/kg']",3.0,£6.61/kg
17952,Mccain Street Fries Cheese & Bacon 300G,https://www.tesco.com/groceries/en-GB/products/310187120,1687618107.995917,"['£3.20', '£10.67/kg']",3.2,£10.67/kg
17953,Tesco Free From Salted Caramel Iced Dessert 900Ml,https://www.tesco.com/groceries/en-GB/products/306802580,1687618108.0647528,"['£3.00', '£0.33/100ml']",3.0,£0.33/100ml
17954,Snacksters Classic Hot Dog 135G,https://www.tesco.com/groceries/en-GB/products/311253737,1687618108.132214,"['£1.20', '£8.89/kg']",1.2,£8.89/kg
17955,Tesco Finest Canadian Cooked Prawns 225G,https://www.tesco.com/groceries/en-GB/products/305523531,1687618108.2029681,"['£5.20', '£2.31/100g']",5.2,£2.31/100g
17956,Ben & Jerry's Strawberry Cheesecake Ice Cream 465Ml,https://www.tesco.com/groceries/en-GB/products/310699919,1687618108.274077,"['£5.00', '£1.08/100ml']",5.0,£1.08/100ml
17957,Tesco Pork Shoulder In A Bbq Sauce 465G,https://www.tesco.com/groceries/en-GB/products/309207554,1687618108.364641,"['£4.40', '£9.46/kg']",4.4,£9.46/kg
17958,Mccain Takeaway Salt & Pepper Fries 762G,https://www.tesco.com/groceries/en-GB/products/312104429,1687618108.4390771,"['£3.50', '£4.59/kg']",3.5,£4.59/kg
17959,Hollands Potato & Meat Family Pie,https://www.tesco.com/groceries/en-GB/products/307745812,1687618108.506277,"['£4.40', '£4.40/each']",4.4,£4.40/each
17960,Kirsty's Free From Margherita Pizza 315G,https://www.tesco.com/groceries/en-GB/products/301810497,1687618108.597871,"['£4.10', '£1.30/100g']",4.1,£1.30/100g
17961,Tesco Easy Fill Ice Cube Tray,https://www.tesco.com/groceries/en-GB/products/307394725,1687618108.708073,"['£3.25', '£3.25/each']",3.25,£3.25/each
17962,Pret Greens Smoothie Mix 400G,https://www.tesco.com/groceries/en-GB/products/312708118,1687618108.783155,"['£3.50', '£8.75/kg']",3.5,£8.75/kg
17963,Nuii Coconut & Indian Mango Ice Cream 3X90ml,https://www.tesco.com/groceries/en-GB/products/305981172,1687618108.856473,"['£4.00', '£1.48/100ml']",4.0,£1.48/100ml
17964,Halo Top Sea Salt Caramel Ice Cream 473Ml,https://www.tesco.com/groceries/en-GB/products/299443317,1687618108.947028,"['£5.25', '£1.11/100ml']",5.25,£1.11/100ml
17965,Tesco Butter Mintoes 200G,https://www.tesco.com/groceries/en-GB/products/268378378,1687618115.1014981,"['£1.10', '£0.55/100g']",1.1,£0.55/100g
17966,Werther's Original Butter Candies 135G,https://www.tesco.com/groceries/en-GB/products/266403370,1687618115.1817448,"['£1.22', '£0.90/100g']",1.22,£0.90/100g
17967,Tesco Cosmic Whip Chocolate Bars Multipack 8 X 22g,https://www.tesco.com/groceries/en-GB/products/300876950,1687618115.268724,"['£1.30', '£0.74/100g']",1.3,£0.74/100g
17968,Skittles Fruits Sweets Pouch 152G,https://www.tesco.com/groceries/en-GB/products/311259685,1687618115.344405,"['£0.99', '£0.65/100g']",0.99,£0.65/100g
17969,Tesco Milk Chocolate Butter Biscuits 125G,https://www.tesco.com/groceries/en-GB/products/309167479,1687618115.414874,"['£1.00', '£0.80/100g']",1.0,£0.80/100g
17970,Tesco Meaty Variety Crisps 6X25g,https://www.tesco.com/groceries/en-GB/products/268396241,1687618115.4864151,"['£1.10', '£0.73/100g']",1.1,£0.73/100g
17971,Mars Bounty Chocolate Bars Multipack 4 X 57g,https://www.tesco.com/groceries/en-GB/products/272431350,1687618115.553736,"['£1.65', '£0.72/100g']",1.65,£0.72/100g
17972,Maltesers Milk Chocolate Bag 102G,https://www.tesco.com/groceries/en-GB/products/305829106,1687618115.6204212,"['£1.50', '£1.47/100g']",1.5,£1.47/100g
17973,Stockwell & Co. Variety Pack Crisps 6X25g,https://www.tesco.com/groceries/en-GB/products/306653529,1687618115.690908,"['£0.85', '£0.57/100g']",0.85,£0.57/100g
17974,Tesco Cranberries 200G,https://www.tesco.com/groceries/en-GB/products/271074203,1687618115.7712379,"['£2.60', '£13.00/kg']",2.6,£13.00/kg
17975,Tesco Cashew Nuts 200G,https://www.tesco.com/groceries/en-GB/products/266376222,1687618115.840617,"['£3.30', '£16.50/kg']",3.3,£16.50/kg
17976,Kp Dry Roasted Peanuts 250G,https://www.tesco.com/groceries/en-GB/products/299581619,1687618115.909122,"['£3.00', '£12.00/kg']",3.0,£12.00/kg
17977,Sensations Onion & Balsamic Vinegar 150G,https://www.tesco.com/groceries/en-GB/products/267349622,1687618115.982281,"['£2.50', '£1.67/100g']",2.5,£1.67/100g
17978,Tesco Unsalted Mixed Nuts 200G,https://www.tesco.com/groceries/en-GB/products/268419141,1687618116.052613,"['£2.20', '£11.00/kg']",2.2,£11.00/kg
17979,Sensations Mango & Chilli Chutney Poppadoms 82.5G,https://www.tesco.com/groceries/en-GB/products/296801901,1687618116.121251,"['£2.50', '£3.03/100g']",2.5,£3.03/100g
17980,Bear Strawberry Yoyo Multipack 5X20g,https://www.tesco.com/groceries/en-GB/products/271189177,1687618116.188489,"['£2.85', '£2.85/100g']",2.85,£2.85/100g
17981,Jacobs Cream Crackers 300G,https://www.tesco.com/groceries/en-GB/products/254925029,1687618116.284697,"['£1.70', '£0.57/100g']",1.7,£0.57/100g
17982,Butterkist Toffee Popcorn 170G,https://www.tesco.com/groceries/en-GB/products/295649616,1687618116.355343,"['£2.00', '£1.18/100g']",2.0,£1.18/100g
17983,Walkers Meaty Variety Crisps 12X25g,https://www.tesco.com/groceries/en-GB/products/305042316,1687618116.448477,"['£3.25', '£1.08/100g']",3.25,£1.08/100g
17984,Mccoy's Thai Sweet Chicken Ridge Cut Crisps 6X25g,https://www.tesco.com/groceries/en-GB/products/309760940,1687618116.5196319,"['£2.25', '£1.50/100g']",2.25,£1.50/100g
17985,Walkers Sunbites Sour Cream & Black Pepper 6X25g,https://www.tesco.com/groceries/en-GB/products/264127141,1687618116.588948,"['£1.95', '£1.30/100g']",1.95,£1.30/100g
17986,Mcvities Chocolate Hobnobs 262G,https://www.tesco.com/groceries/en-GB/products/278371514,1687618116.658165,"['£1.90', '£0.72/100g']",1.9,£0.72/100g
17987,Dairylea Cheese Spread 270G,https://www.tesco.com/groceries/en-GB/products/285140562,1687618116.727146,"['£2.40', '£8.89/kg']",2.4,£8.89/kg
17988,Soreen Malt Lunchbox Loaves 5 Pack,https://www.tesco.com/groceries/en-GB/products/273421003,1687618116.833762,"['£1.75', '£0.35/each']",1.75,£0.35/each
17989,Tesco Dry Roasted Peanuts 550G,https://www.tesco.com/groceries/en-GB/products/297512061,1687618116.926616,"['£2.00', '£3.64/kg']",2.0,£3.64/kg
17990,Go Ahead Apple Bakes 6X35g,https://www.tesco.com/groceries/en-GB/products/251232560,1687618117.000003,"['£1.85', '£0.88/100g']",1.85,£0.88/100g
17991,Mr Kipling Bakewell Slice 6 Pack,https://www.tesco.com/groceries/en-GB/products/254947337,1687618117.067801,"['£2.50', '£0.42/each']",2.5,£0.42/each
17992,Kp Hula Hoops Salt & Vinegar 6X24g,https://www.tesco.com/groceries/en-GB/products/287135827,1687618117.161333,"['£2.25', '£1.56/100g']",2.25,£1.56/100g
17993,Kellogg's Rice Krispie Squares Caramel 4 X 36G,https://www.tesco.com/groceries/en-GB/products/250202816,1687618117.258749,"['£2.00', '£1.39/100g']",2.0,£1.39/100g
17994,Pringles Salt & Vinegar Crisps 165G,https://www.tesco.com/groceries/en-GB/products/308832114,1687618117.327532,"['£1.95', '£1.18/100g']",1.95,£1.18/100g
17995,Philadelphia Garlic & Herbs Soft Cheese 165G,https://www.tesco.com/groceries/en-GB/products/311794004,1687618117.4041338,"['£2.20', '£13.33/kg']",2.2,£13.33/kg
17996,Jacobs Baked Cheddar Biscuits Cheese 150G,https://www.tesco.com/groceries/en-GB/products/254925467,1687618117.5149078,"['£1.20', '£0.80/100g']",1.2,£0.80/100g
17997,Tesco Scottish Rough Oatcakes 250G,https://www.tesco.com/groceries/en-GB/products/251373824,1687618117.5917299,"['£1.00', '£0.40/100g']",1.0,£0.40/100g
17998,Rowntrees Vegan Fruit Pastilles 143G,https://www.tesco.com/groceries/en-GB/products/308473498,1687618117.7439392,"['£1.25', '£0.87/100g']",1.25,£0.87/100g
17999,Pom Bear Cheese & Onion Crisps 6 Pack 6 X 13G,https://www.tesco.com/groceries/en-GB/products/302293599,1687618117.825331,"['£1.50', '£1.92/100g']",1.5,£1.92/100g
18000,Smiths Chipstick Salt & Vinegar Snack 6 X17g,https://www.tesco.com/groceries/en-GB/products/310185963,1687618117.9045,"['£1.49', '£1.46/100g']",1.49,£1.46/100g
18001,Tesco Oat & Honey Granola Bars 6 Pack 180G,https://www.tesco.com/groceries/en-GB/products/301466944,1687618117.9879549,"['£1.25', '£0.69/100g']",1.25,£0.69/100g
18002,Tesco Soft Apricots 250G,https://www.tesco.com/groceries/en-GB/products/258057537,1687618118.0627398,"['£2.00', '£8.00/kg']",2.0,£8.00/kg
18003,Jacobs Hovis Digestives 250G,https://www.tesco.com/groceries/en-GB/products/254922706,1687618118.136815,"['£1.50', '£0.60/100g']",1.5,£0.60/100g
18004,Tesco Meaty Variety Crisps 30X25g,https://www.tesco.com/groceries/en-GB/products/286717509,1687618118.2174091,"['£4.20', '£0.56/100g']",4.2,£0.56/100g
18005,Cadbury Brunch Bar Raisin 5X32g,https://www.tesco.com/groceries/en-GB/products/309464219,1687618118.287852,"['£1.15', '£0.72/100g']",1.15,£0.72/100g
18006,Oreo Vanilla 154G,https://www.tesco.com/groceries/en-GB/products/264375347,1687618118.35801,"['£1.10', '£0.71/100g']",1.1,£0.71/100g
18007,Wagon Wheels Jammie 6 Pack,https://www.tesco.com/groceries/en-GB/products/257595546,1687618118.484206,"['£1.15', '£0.50/100g']",1.15,£0.50/100g
18008,Tesco Assorted Jam Tarts 6 Pack,https://www.tesco.com/groceries/en-GB/products/254947936,1687618118.663521,"['£0.99', '£0.16/each']",0.99,£0.16/each
18009,Kinder Chocolate Bars Multipack 8 X 12.5g,https://www.tesco.com/groceries/en-GB/products/254891246,1687618118.751586,"['£1.30', '£1.30/100g']",1.3,£1.30/100g
18010,Tesco Chocolate Chip Cookies 250G,https://www.tesco.com/groceries/en-GB/products/258025719,1687618118.8280692,"['£0.85', '£0.34/100g']",0.85,£0.34/100g
18011,Cadbury Chocolate Eclairs 166G,https://www.tesco.com/groceries/en-GB/products/289149439,1687618118.898964,"['£1.00', '£0.60/100g']",1.0,£0.60/100g
18013,Milkybar White Chocolate Pouch 94G,https://www.tesco.com/groceries/en-GB/products/308468129,1687618125.3915808,"['£1.35', '£1.44/100g']",1.35,£1.44/100g
18014,Haribo Jelly Babies Double Trouble 175G,https://www.tesco.com/groceries/en-GB/products/307733642,1687618125.576682,"['£1.25', '£0.71/100g']",1.25,£0.71/100g
18015,Walkers Max Paprika Crisps 50G,https://www.tesco.com/groceries/en-GB/products/290572748,1687618125.6577878,"['£0.95', '£1.90/100g']",0.95,£1.90/100g
18016,Cadbury Crunchie Rocks 110G,https://www.tesco.com/groceries/en-GB/products/285332960,1687618125.8063412,"['£1.35', '£1.23/100g']",1.35,£1.23/100g
18018,Cadbury Dairy Milk Whole Nut Chocolate Bar 120G,https://www.tesco.com/groceries/en-GB/products/275523231,1687618126.1015859,"['£1.35', '£1.12/100g']",1.35,£1.12/100g
18019,The Skinny Cracker Co Rosemary Crackers 185G,https://www.tesco.com/groceries/en-GB/products/311938642,1687618126.169631,"['£1.00', '£0.54/100g']",1.0,£0.54/100g
18020,Properchips Salt & Vinegar Lentil Chips 85G,https://www.tesco.com/groceries/en-GB/products/305736014,1687618126.2371001,"['£2.00', '£2.35/100g']",2.0,£2.35/100g
18021,Proper Chips 85G Bbq,https://www.tesco.com/groceries/en-GB/products/305846270,1687618126.512675,"['£2.00', '£2.35/100g']",2.0,£2.35/100g
18022,Tesco Dark Chocolate Butter Biscuits 125G,https://www.tesco.com/groceries/en-GB/products/309175953,1687618126.5795252,"['£1.00', '£0.80/100g']",1.0,£0.80/100g
18023,M&M's Crispy Chocolate Pouch 107G,https://www.tesco.com/groceries/en-GB/products/303670704,1687618126.649133,"['£1.50', '£1.40/100g']",1.5,£1.40/100g
18024,Tesco 10 Chocolate Cake Bars,https://www.tesco.com/groceries/en-GB/products/306926577,1687618126.722393,"['£1.45', '£0.14/each']",1.45,£0.14/each
18025,Tesco Shortbread Petticoat Tails 450G,https://www.tesco.com/groceries/en-GB/products/293574661,1687618126.791393,"['£2.25', '£0.50/100g']",2.25,£0.50/100g
18026,Tesco Cherry Bakewell Tarts 6 Pack,https://www.tesco.com/groceries/en-GB/products/268405088,1687618126.8603,"['£1.19', '£0.20/each']",1.19,£0.20/each
18027,Lindt Lindor Milk Chocolate Truffles Carton 337G,https://www.tesco.com/groceries/en-GB/products/259183944,1687618126.931991,"['£9.50', '£2.82/100g']",9.5,£2.82/100g
18028,Tesco Finest Ice Cream Madagascan Vanilla 480Ml,https://www.tesco.com/groceries/en-GB/products/303007679,1687618126.998654,"['£3.00', '£0.62/100ml']",3.0,£0.62/100ml
18029,Belvita Milk & Cereal Biscuits 12 Pack 540G,https://www.tesco.com/groceries/en-GB/products/297544535,1687618127.067594,"['£2.90', '£0.54/100g']",2.9,£0.54/100g
18030,Organix 12 Month Strawberry Cereal Bar 6X30g,https://www.tesco.com/groceries/en-GB/products/278233874,1687618127.150669,"['£3.00', '£1.67/100g']",3.0,£1.67/100g
18031,Border Biscuits Sharing Pack 400G,https://www.tesco.com/groceries/en-GB/products/290392552,1687618127.217962,"['£3.75', '£0.94/100g']",3.75,£0.94/100g
18032,Tyrrells Mixed Root Vegetable Crisps 125G,https://www.tesco.com/groceries/en-GB/products/298179879,1687618127.284877,"['£2.75', '£2.20/100g']",2.75,£2.20/100g
18033,Organix 12 Month Goodies Carrot Cake Bar 6X30g,https://www.tesco.com/groceries/en-GB/products/261476025,1687618127.3531342,"['£3.00', '£1.67/100g']",3.0,£1.67/100g
18034,Tyrrells Mediterranean Herb Crisps 150G,https://www.tesco.com/groceries/en-GB/products/310668375,1687618127.4235368,"['£2.50', '£1.67/100g']",2.5,£1.67/100g
18035,Green & Blacks Organic Milk Chocolate 90G,https://www.tesco.com/groceries/en-GB/products/303670290,1687618127.55438,"['£2.45', '£2.72/100g']",2.45,£2.72/100g
18036,Fox's Golden Crunch Cream Biscuit Twin Pack 2X200g,https://www.tesco.com/groceries/en-GB/products/310111504,1687618127.6274402,"['£1.95', '£0.49/100g']",1.95,£0.49/100g
18037,Graze Protein Oat Boosts Lemon Blueberry 4X 30G,https://www.tesco.com/groceries/en-GB/products/312367434,1687618127.6991842,"['£1.99', '£1.66/100g']",1.99,£1.66/100g
18038,Jacobs Twiglets Snacks 6X24g,https://www.tesco.com/groceries/en-GB/products/273813634,1687618127.770498,"['£2.00', '£1.39/100g']",2.0,£1.39/100g
18039,Tesco Sesame Seeds 100G,https://www.tesco.com/groceries/en-GB/products/259652136,1687618127.838748,"['£1.15', '£11.50/kg']",1.15,£11.50/kg
18040,Nairns Stem Ginger Oat Biscuits 200G,https://www.tesco.com/groceries/en-GB/products/257859333,1687618127.9050272,"['£1.60', '£0.80/100g']",1.6,£0.80/100g
18041,Kellogg's Nutri-Grain Raisin 6 X 45G,https://www.tesco.com/groceries/en-GB/products/262103796,1687618127.972467,"['£2.50', '£0.93/100g']",2.5,£0.93/100g
18042,Mcvities Dark Chocolate Hobnob 262G,https://www.tesco.com/groceries/en-GB/products/278370924,1687618128.06158,"['£1.90', '£0.72/100g']",1.9,£0.72/100g
18043,Tesco Party Cake Selection 12 Pack,https://www.tesco.com/groceries/en-GB/products/267207059,1687618128.1351418,"['£3.00', '£0.25/each']",3.0,£0.25/each
18044,Nature Valley Sweet & Salty Nut Peanut Bars 4X30g,https://www.tesco.com/groceries/en-GB/products/304374230,1687618128.225211,"['£1.75', '£1.46/100g']",1.75,£1.46/100g
18045,Mr Kipling Almond Slices 6 Pack,https://www.tesco.com/groceries/en-GB/products/254947308,1687618128.295082,"['£2.50', '£0.42/each']",2.5,£0.42/each
18046,Galaxy Milk Chocolate Bar 200G,https://www.tesco.com/groceries/en-GB/products/268549827,1687618128.389983,"['£2.00', '£1.00/100g']",2.0,£1.00/100g
18047,Walkers Wotsits Giants Flamin' Hot Snacks 130G,https://www.tesco.com/groceries/en-GB/products/305955307,1687618128.45579,"['£2.50', '£1.92/100g']",2.5,£1.92/100g
18048,Ryvita Sesame Crisp Bread 250G,https://www.tesco.com/groceries/en-GB/products/254926420,1687618128.636907,"['£1.60', '£0.64/100g']",1.6,£0.64/100g
18049,Bassetts Liquorice Allsorts 190G,https://www.tesco.com/groceries/en-GB/products/272492835,1687618128.7034519,"['£1.50', '£0.79/100g']",1.5,£0.79/100g
18050,Maynards Wine Gums 190G,https://www.tesco.com/groceries/en-GB/products/272493080,1687618128.768512,"['£1.50', '£0.79/100g']",1.5,£0.79/100g
18051,Proper Chips Bbq Lentil Chips 5X14g,https://www.tesco.com/groceries/en-GB/products/310111579,1687618128.835179,"['£1.90', '£2.71/100g']",1.9,£2.71/100g
18052,Nairn's Super Seeded Oatcakes 200G,https://www.tesco.com/groceries/en-GB/products/290089232,1687618128.904692,"['£1.40', '£0.70/100g']",1.4,£0.70/100g
18053,Nestle Kit Kat Chunky Peanut Butter Chocolate Bars Multipack 4 X 34g,https://www.tesco.com/groceries/en-GB/products/310654103,1687618128.9744508,"['£1.50', '£1.10/100g']",1.5,£1.10/100g
18054,Nestle Kit Kat Chunky White Chocolate Bars Multipack 4 X 40g,https://www.tesco.com/groceries/en-GB/products/306832307,1687618129.042443,"['£1.50', '£0.94/100g']",1.5,£0.94/100g
18055,Maoam 8 Pack Bloxx Chewy Sweets 176G,https://www.tesco.com/groceries/en-GB/products/303861876,1687618129.114049,"['£1.25', '£0.71/100g']",1.25,£0.71/100g
18056,Smarties Pouch 105G,https://www.tesco.com/groceries/en-GB/products/308833384,1687618129.183788,"['£1.35', '£1.29/100g']",1.35,£1.29/100g
18057,Haribo Fruitilicious Fruit Gums 150G,https://www.tesco.com/groceries/en-GB/products/308491637,1687618129.261037,"['£1.25', '£0.83/100g']",1.25,£0.83/100g
18058,Tesco 10 Reduced Fat Mild Slices 200G,https://www.tesco.com/groceries/en-GB/products/263277540,1687618129.337835,"['£1.30', '£6.50/kg']",1.3,£6.50/kg
18059,Tesco Mini Jelly Beans 85G,https://www.tesco.com/groceries/en-GB/products/255906264,1687618129.407347,"['£0.70', '£0.82/100g']",0.7,£0.82/100g
18060,Bahlsen Pick Up! Minis Milk Chocolate 10.6Gx10,https://www.tesco.com/groceries/en-GB/products/293226763,1687618129.475677,"['£1.00', '£0.94/100g']",1.0,£0.94/100g
18061,Ferrero Collection 30 Pieces Assorted Chocolates 324G,https://www.tesco.com/groceries/en-GB/products/306808487,1687618134.5397289,"['£11.50', '£3.55/100g']",11.5,£3.55/100g
18062,Tesco Walnut Halves 250G,https://www.tesco.com/groceries/en-GB/products/256514378,1687618134.690909,"['£3.60', '£14.40/kg']",3.6,£14.40/kg
18063,Ben & Jerry's Oh My Banoffee Pie Ice Cream 427Ml,https://www.tesco.com/groceries/en-GB/products/310184584,1687618134.835881,"['£5.40', '£1.26/100ml']",5.4,£1.26/100ml
18064,Tesco Sesame Seeds 300G,https://www.tesco.com/groceries/en-GB/products/260259682,1687618134.926985,"['£2.50', '£8.33/kg']",2.5,£8.33/kg
18065,Tesco Organic Soft Figs 200G,https://www.tesco.com/groceries/en-GB/products/309465748,1687618134.993397,"['£2.80', '£14.00/kg']",2.8,£14.00/kg
18066,Tesco Finest 4 Millionaire Shortbread Slices,https://www.tesco.com/groceries/en-GB/products/305834981,1687618135.0636659,"['£2.70', '£2.70/each']",2.7,£2.70/each
18067,Tesco Peanuts And Raisins 300G,https://www.tesco.com/groceries/en-GB/products/276377586,1687618135.138547,"['£2.10', '£7.00/kg']",2.1,£7.00/kg
18068,Taste Inc 100% Chargrilled Chicken Fillets Bbq 175G,https://www.tesco.com/groceries/en-GB/products/302530095,1687618135.208092,"['£2.75', '£1.57/100g']",2.75,£1.57/100g
18069,Haagen-Dazs Cookies & Cream Ice Cream 460Ml,https://www.tesco.com/groceries/en-GB/products/300111358,1687618135.279723,"['£5.15', '£1.12/100ml']",5.15,£1.12/100ml
18070,Organix Carrot Stix Multi Pack 4X15g,https://www.tesco.com/groceries/en-GB/products/260827874,1687618135.348144,"['£2.30', '£3.83/100g']",2.3,£3.83/100g
18071,Organix Noughts & Crosses 4X15g,https://www.tesco.com/groceries/en-GB/products/271646161,1687618135.418004,"['£2.30', '£3.83/100g']",2.3,£3.83/100g
18072,Haribo Share The Happy Fizzy & Fruit Gums 352G,https://www.tesco.com/groceries/en-GB/products/308497889,1687618135.486814,"['£3.00', '£0.85/100g']",3.0,£0.85/100g
18073,Cadbury Caramel Ice Cream 480Ml,https://www.tesco.com/groceries/en-GB/products/305735919,1687618135.557854,"['£3.50', '£0.73/100ml']",3.5,£0.73/100ml
18074,Kp Salted Peanuts Snack Packs 5 X 30G,https://www.tesco.com/groceries/en-GB/products/310129639,1687618135.648609,"['£3.25', '£2.17/100g']",3.25,£2.17/100g
18075,Itsu Seaweed Sweet Soy Multipack 3X5g,https://www.tesco.com/groceries/en-GB/products/301518792,1687618135.748849,"['£2.15', '£14.33/100g']",2.15,£14.33/100g
18077,Lindt Excellence Milk Sea Salt Caramel Chocolate 100G,https://www.tesco.com/groceries/en-GB/products/304411947,1687618135.911786,"['£2.45', '£2.45/100g']",2.45,£2.45/100g
18078,Haribo Starmix 400G,https://www.tesco.com/groceries/en-GB/products/296527402,1687618136.0013728,"['£2.50', '£0.62/100g']",2.5,£0.62/100g
18079,Walkers Max Strong Hot Sauce Blaze Crisps 6X27g,https://www.tesco.com/groceries/en-GB/products/312083723,1687618136.068614,"['£1.95', '£1.20/100g']",1.95,£1.20/100g
18080,Mcvities Jaffa Cakes Cake Bars 5 Pack,https://www.tesco.com/groceries/en-GB/products/258871840,1687618136.166304,"['£1.90', '£0.38/each']",1.9,£0.38/each
18081,Loacker Napolitaner Wafer 90G,https://www.tesco.com/groceries/en-GB/products/277552596,1687618136.2331572,"['£1.10', '£1.22/100g']",1.1,£1.22/100g
18082,Bakery Delights Crisp Bakes 125G,https://www.tesco.com/groceries/en-GB/products/313182299,1687618136.308244,"['£1.10', '£0.88/100g']",1.1,£0.88/100g
18083,Mccoy's Cheddar & Onion Grab Bag Crisps 45G,https://www.tesco.com/groceries/en-GB/products/311258375,1687618136.376213,"['£1.00', '£2.22/100g']",1.0,£2.22/100g
18084,Galaxy Cookie Crumble Chocolate Bar 114G,https://www.tesco.com/groceries/en-GB/products/279934913,1687618136.4897752,"['£1.50', '£1.32/100g']",1.5,£1.32/100g
18085,Cadbury Raspberry Mini Roll 5 Pack,https://www.tesco.com/groceries/en-GB/products/287504132,1687618136.595629,"['£2.35', '£0.47/each']",2.35,£0.47/each
18086,Bahlsen Leibniz Orange 125G,https://www.tesco.com/groceries/en-GB/products/295065644,1687618136.686929,"['£1.60', '£1.28/100g']",1.6,£1.28/100g
18087,Mcvities Jaffa Cake Bars 10 Pack,https://www.tesco.com/groceries/en-GB/products/284508478,1687618136.777122,"['£2.80', '£0.28/each']",2.8,£0.28/each
18088,Extra White Bubblemint Gum 10 Pieces,https://www.tesco.com/groceries/en-GB/products/277491120,1687618136.847357,"['£0.70', '£5.00/100g']",0.7,£5.00/100g
18089,Wicked Kitchen Salt & Vinegar Squares 85G,https://www.tesco.com/groceries/en-GB/products/309173327,1687618136.91602,"['£1.10', '£1.29/100g']",1.1,£1.29/100g
18090,Cadbury Caramilk Chocolate Bar 90G,https://www.tesco.com/groceries/en-GB/products/309765480,1687618136.981571,"['£1.35', '£1.50/100g']",1.35,£1.50/100g
18091,Cadbury Dairy Milk Marvellous Creations Jelly Candy Bar 47G,https://www.tesco.com/groceries/en-GB/products/277746822,1687618137.053944,"['£0.75', '£1.60/100g']",0.75,£1.60/100g
18092,Snickers Creamy Peanut Butter Chocolate Trio Bar 3 X 18.25G,https://www.tesco.com/groceries/en-GB/products/306651256,1687618137.1660109,"['£0.95', '£1.74/100g']",0.95,£1.74/100g
18093,Skittles Fruit Bag 45G,https://www.tesco.com/groceries/en-GB/products/303836629,1687618137.2777238,"['£0.65', '£1.44/100g']",0.65,£1.44/100g
18094,Cadbury Wispa Chocolate Duo Bar 47.4G,https://www.tesco.com/groceries/en-GB/products/309452032,1687618137.389429,"['£0.90', '£1.90/100g']",0.9,£1.90/100g
18095,M&M's Crispy Chocolate More To Share Pouch 213G,https://www.tesco.com/groceries/en-GB/products/311686259,1687618137.4996538,"['£2.49', '£1.17/100g']",2.49,£1.17/100g
18096,Tesco Mixed Berries 25G,https://www.tesco.com/groceries/en-GB/products/299497719,1687618137.610135,"['£0.50', '£20.00/kg']",0.5,£20.00/kg
18097,Guylian Seashells 500G Box,https://www.tesco.com/groceries/en-GB/products/258195592,1687618137.7766988,"['£10.00', '£2.00/100g']",10.0,£2.00/100g
18098,Ben & Jerry's Caramel Brownie Party Ice Cream 465Ml,https://www.tesco.com/groceries/en-GB/products/310144275,1687618137.843322,"['£5.00', '£1.08/100ml']",5.0,£1.08/100ml
18099,Tesco Finest Cornish Sea Salted Caramel Ice Cream 480Ml,https://www.tesco.com/groceries/en-GB/products/303007691,1687618137.936651,"['£3.00', '£0.62/100ml']",3.0,£0.62/100ml
18100,Tesco Organic Fair Trade Cashew Nuts 150G,https://www.tesco.com/groceries/en-GB/products/260942646,1687618138.009367,"['£3.20', '£21.33/kg']",3.2,£21.33/kg
18101,Thorntons Pearls Salted Caramel Chocolate 167G,https://www.tesco.com/groceries/en-GB/products/309183252,1687618138.092195,"['£4.50', '£2.70/100g']",4.5,£2.70/100g
18102,Tesco 16 Chocolate Chip Madeleines 400G,https://www.tesco.com/groceries/en-GB/products/282979202,1687618138.162316,"['£2.85', '£0.71/100g']",2.85,£0.71/100g
18103,Wrigley's Extra Ice Peppermint 6X10 Pieces 84G,https://www.tesco.com/groceries/en-GB/products/302312912,1687618138.232478,"['£2.75', '£3.27/100g']",2.75,£3.27/100g
18104,Urban Fruit Dried Mango Slices 100G,https://www.tesco.com/groceries/en-GB/products/262929382,1687618138.299266,"['£2.60', '£26.00/kg']",2.6,£26.00/kg
18105,Nakd Cocoa Delight Bars 4 Pack 140G,https://www.tesco.com/groceries/en-GB/products/278339174,1687618138.402234,"['£3.00', '£2.14/100g']",3.0,£2.14/100g
18106,Lindt Excellence Caramelised Hazelnut Dark Chocolate 100G,https://www.tesco.com/groceries/en-GB/products/310683615,1687618138.492906,"['£2.45', '£2.45/100g']",2.45,£2.45/100g
18107,Tesco Strawberry & Banana Bars 5X30g,https://www.tesco.com/groceries/en-GB/products/301576635,1687618138.5824158,"['£2.00', '£1.33/100g']",2.0,£1.33/100g
18108,Tesco Poppy Seeds 100G,https://www.tesco.com/groceries/en-GB/products/271090212,1687618138.654191,"['£1.15', '£11.50/kg']",1.15,£11.50/kg
18109,Thorntons Chocolate & Hazelnut Brookie Bars 4 Pack,https://www.tesco.com/groceries/en-GB/products/312720581,1687618144.408894,"['£2.25', '£0.56/each']",2.25,£0.56/each
18110,Urban Fruit Wellness Strength 85G,https://www.tesco.com/groceries/en-GB/products/309455674,1687618144.4838731,"['£3.00', '£35.29/kg']",3.0,£35.29/kg
18111,Urban Fruit Wellness Immune 85G,https://www.tesco.com/groceries/en-GB/products/309467654,1687618144.578787,"['£3.00', '£35.29/kg']",3.0,£35.29/kg
18112,Urban Fruit Wellness Glow 85G,https://www.tesco.com/groceries/en-GB/products/309496589,1687618144.67853,"['£3.00', '£35.29/kg']",3.0,£35.29/kg
18113,Tesco Nutty Bites Mocha Flavour 45G,https://www.tesco.com/groceries/en-GB/products/311685214,1687618144.783251,"['£1.00', '£22.22/kg']",1.0,£22.22/kg
18114,Ben & Jerry's Lighten Up Chocolate Cookie Dough 465Ml,https://www.tesco.com/groceries/en-GB/products/313613127,1687618144.8588932,"['£5.00', '£1.08/100ml']",5.0,£1.08/100ml
18115,Bolands Lemon Puff 200G,https://www.tesco.com/groceries/en-GB/products/272323138,1687618144.92697,"['£1.50', '£0.75/100g']",1.5,£0.75/100g
18116,Tesco Poppy & Sesame Thins 150G,https://www.tesco.com/groceries/en-GB/products/254925346,1687618144.99598,"['£1.10', '£0.73/100g']",1.1,£0.73/100g
18119,Maryland Chocolate Orange Mini Cookies 6Pack 118.8G,https://www.tesco.com/groceries/en-GB/products/309169673,1687618145.2206972,"['£1.25', '£1.05/100g']",1.25,£1.05/100g
18120,Maryland Caramel Crisp Mini Cookies 6 Pack 118.8G,https://www.tesco.com/groceries/en-GB/products/311669050,1687618145.3206542,"['£1.25', '£1.05/100g']",1.25,£1.05/100g
18121,Tesco Cheese Thins 150G,https://www.tesco.com/groceries/en-GB/products/265201247,1687618145.424664,"['£1.10', '£0.73/100g']",1.1,£0.73/100g
18122,Tesco Fire Pit 10 Peri Peri Flavoured Cheesy Slices 200G,https://www.tesco.com/groceries/en-GB/products/311421026,1687618145.503177,"['£1.30', '£6.50/kg']",1.3,£6.50/kg
18123,Tesco Triple Chocolate Cook 200G,https://www.tesco.com/groceries/en-GB/products/301052380,1687618145.5747998,"['£1.20', '£0.60/100g']",1.2,£0.60/100g
18124,Tesco Dark Chocolate Digestives 300G,https://www.tesco.com/groceries/en-GB/products/273420511,1687618145.6502059,"['£0.85', '£0.28/100g']",0.85,£0.28/100g
18125,The Skinny Cookie Sugar Free Chocolate Chip Cookies 200G,https://www.tesco.com/groceries/en-GB/products/311952250,1687618145.730911,"['£0.90', '£0.45/100g']",0.9,£0.45/100g
18126,Capsicana Full-On Feisty Salsa 285G,https://www.tesco.com/groceries/en-GB/products/313182869,1687618145.8059509,"['£2.85', '£1.00/100g']",2.85,£1.00/100g
18127,Lazyday 4 Vegan & Free From Belgian Chocolate Cake Bars 120G,https://www.tesco.com/groceries/en-GB/products/311421942,1687618145.879356,"['£2.45', '£2.04/100g']",2.45,£2.04/100g
18128,Tesco Finest Salted Caramel Truffles 140G,https://www.tesco.com/groceries/en-GB/products/278557727,1687618145.953129,"['£6.75', '£4.82/100g']",6.75,£4.82/100g
18129,Tesco Finest Marc De Champagne Boxed Truffles 140G,https://www.tesco.com/groceries/en-GB/products/278558029,1687618146.04862,"['£6.75', '£4.82/100g']",6.75,£4.82/100g
18130,Lazyday Salted Caramel Crispies 5 Slices 150G,https://www.tesco.com/groceries/en-GB/products/312716137,1687618146.1388822,"['£2.45', '£1.63/100g']",2.45,£1.63/100g
18131,Jacobs Butter Puffs 200G,https://www.tesco.com/groceries/en-GB/products/254925219,1687618146.281085,"['£2.00', '£1.00/100g']",2.0,£1.00/100g
18132,Jacobs High Fibre Cream Crackers 200G,https://www.tesco.com/groceries/en-GB/products/259031923,1687618146.385021,"['£1.70', '£0.85/100g']",1.7,£0.85/100g
18133,Cadbury Dairy Milk Fruitier & Nuttier Orange Trail Mix 100G,https://www.tesco.com/groceries/en-GB/products/313950773,1687618146.546734,"['£2.50', '£2.50/100g']",2.5,£2.50/100g
18134,Cadbury Dairy Milk Fruitier & Nuttier Trail Mix 100G,https://www.tesco.com/groceries/en-GB/products/314108416,1687618146.697984,"['£2.50', '£2.50/100g']",2.5,£2.50/100g
18135,Kit Kat 4 Finger Vegan Chocolate Bar 41.5G,https://www.tesco.com/groceries/en-GB/products/312984193,1687618146.774411,"['£1.00', '£2.41/100g']",1.0,£2.41/100g
18136,Mcvities Digestives Original Twin Pack 2 X 360G,https://www.tesco.com/groceries/en-GB/products/313848238,1687618146.8919182,"['£2.30', '£3.19/kg']",2.3,£3.19/kg
18137,Jacobs Cream Crackers 2X300g,https://www.tesco.com/groceries/en-GB/products/307743519,1687618146.967233,"['£2.70', '£0.45/100g']",2.7,£0.45/100g
18138,Doritos Flamegrilled Whopper Tortilla Chips 180G,https://www.tesco.com/groceries/en-GB/products/313861348,1687618147.0339992,"['£2.10', '£1.17/100g']",2.1,£1.17/100g
18139,Tesco Finest Dark Chocolate Ginger Cookies 200G,https://www.tesco.com/groceries/en-GB/products/270916621,1687618147.122388,"['£2.00', '£1.00/100g']",2.0,£1.00/100g
18140,Mcvitie's Digestive Original 360G,https://www.tesco.com/groceries/en-GB/products/313832055,1687618147.305311,"['£1.60', '£4.44/kg']",1.6,£4.44/kg
18141,Mr Kipling Gooey Brownie Bites Salted Caramel 10 Pack,https://www.tesco.com/groceries/en-GB/products/312983712,1687618147.376794,"['£2.25', '£0.22/each']",2.25,£0.22/each
18142,Go Ahead Yogurt Breaks Strawberry 4Pack 142G,https://www.tesco.com/groceries/en-GB/products/313382051,1687618147.467674,"['£1.75', '£12.32/kg']",1.75,£12.32/kg
18143,Go Ahead Yogurt Break Forest Fruit 4 Pack 142G,https://www.tesco.com/groceries/en-GB/products/313842423,1687618147.562641,"['£1.75', '£12.32/kg']",1.75,£12.32/kg
18144,Popworks Sweet Bbq Popped Crisps 85G,https://www.tesco.com/groceries/en-GB/products/312097471,1687618147.653153,"['£2.25', '£2.65/100g']",2.25,£2.65/100g
18145,Maltesers Orange Cake Bars 5 Pack,https://www.tesco.com/groceries/en-GB/products/313510131,1687618147.7452438,"['£2.00', '£0.40/each']",2.0,£0.40/each
18146,Mcvitie's Digestive The Light One 250G,https://www.tesco.com/groceries/en-GB/products/313750952,1687618147.813304,"['£1.50', '£6.00/kg']",1.5,£6.00/kg
18147,Cadbury Twirl Xtra Chocolate Duo Bars 54G,https://www.tesco.com/groceries/en-GB/products/313507268,1687618147.906497,"['£0.90', '£1.67/100g']",0.9,£1.67/100g
18148,Cadbury Dairy Milk Brwnie Bites X14,https://www.tesco.com/groceries/en-GB/products/313513738,1687618148.022492,"['£2.30', '£0.16/each']",2.3,£0.16/each
18149,Kit Kat Chunky Lotus Biscoff White Chocolate 42G,https://www.tesco.com/groceries/en-GB/products/313733339,1687618148.096415,"['£0.70', '£1.67/100g']",0.7,£1.67/100g
18150,Kit Kat 4 Finger Caramel Milk Chocolate Bar 41.5G,https://www.tesco.com/groceries/en-GB/products/313744332,1687618148.226271,"['£0.70', '£1.69/100g']",0.7,£1.69/100g
18151,Capsicana Mexican Guacamole Mix 25G,https://www.tesco.com/groceries/en-GB/products/313172651,1687618148.390075,"['£0.75', '£3.00/100g']",0.75,£3.00/100g
18152,Cadbury Dairy Milk Cornflake Cluster Bites X14,https://www.tesco.com/groceries/en-GB/products/313735844,1687618148.4578078,"['£2.30', '£0.16/each']",2.3,£0.16/each
18153,Cadbury Milk Tray Boxed Chocolates 360G,https://www.tesco.com/groceries/en-GB/products/290504888,1687618148.527547,"['£4.00', '£1.11/100g']",4.0,£1.11/100g
18154,Tesco Cream Crackers 300G,https://www.tesco.com/groceries/en-GB/products/300112569,1687618148.6009622,"['£0.52', '£0.17/100g']",0.52,£0.17/100g
18155,Ben & Jerrys Cookies & Brownies Ice Cream 4X100ml,https://www.tesco.com/groceries/en-GB/products/313516793,1687618148.66996,"['£5.35', '£1.34/100ml']",5.35,£1.34/100ml
18156,Ben & Jerry's Cookie Dulce Dough Ice Cream 4 X 100Ml,https://www.tesco.com/groceries/en-GB/products/313623147,1687618148.7410948,"['£5.35', '£1.34/100ml']",5.35,£1.34/100ml
18157,Surya Crushed Ginger 400g,https://www.tesco.com/groceries/en-GB/products/314698816,1687618154.829921,"['£1.00', '£2.50/kg']",1.0,£2.50/kg
18158,Sweet Zone Halal Mighty Mallows 140G,https://www.tesco.com/groceries/en-GB/products/282264630,1687618154.909378,"['£1.10', '£0.79/100g']",1.1,£0.79/100g
18159,Surya Crushed Garlic & Ginger 400g,https://www.tesco.com/groceries/en-GB/products/314695860,1687618154.9872372,"['£1.00', '£2.50/kg']",1.0,£2.50/kg
18160,Heinz Baked Beans In Tomato Sauce 150G,https://www.tesco.com/groceries/en-GB/products/254876294,1687618155.059051,"['£0.65', '£4.33/kg']",0.65,£4.33/kg
18161,Tesco Mandarin Segments In Juice 298G,https://www.tesco.com/groceries/en-GB/products/254901000,1687618155.131094,"['£0.90', '£5.14/kg DR.WT']",0.9,£5.14/kg DR.WT
18162,Tesco Linguine Pasta 500G,https://www.tesco.com/groceries/en-GB/products/257798842,1687618155.200895,"['£0.80', '£1.60/kg']",0.8,£1.60/kg
18163,Tesco Bolognese Pasta Sauce Smooth 500G,https://www.tesco.com/groceries/en-GB/products/282594567,1687618155.268611,"['£0.95', '£0.19/100g']",0.95,£0.19/100g
18164,Tesco Cream Of Mushroom Soup 400G,https://www.tesco.com/groceries/en-GB/products/250412579,1687618155.34247,"['£0.75', '£0.19/100g']",0.75,£0.19/100g
18165,Tesco Minestrone Soup 400G,https://www.tesco.com/groceries/en-GB/products/250412470,1687618155.411034,"['£0.75', '£0.19/100g']",0.75,£0.19/100g
18166,Tesco Milk Chocolate Chips 100G,https://www.tesco.com/groceries/en-GB/products/278244694,1687618155.478763,"['£0.69', '£0.69/100g']",0.69,£0.69/100g
18167,Heinz Spaghetti Hoops In Tomato Sauce 205G,https://www.tesco.com/groceries/en-GB/products/252750146,1687618155.5508978,"['£0.75', '£3.66/kg']",0.75,£3.66/kg
18168,Tesco Spirali Pasta 500G,https://www.tesco.com/groceries/en-GB/products/277016742,1687618155.623332,"['£0.80', '£1.60/kg']",0.8,£1.60/kg
18169,Tesco All Butter Shortbread Fingers 210G,https://www.tesco.com/groceries/en-GB/products/313731687,1687618155.6970701,"['£1.00', '£0.48/100g']",1.0,£0.48/100g
18170,Ms Molly's Digestive 400G,https://www.tesco.com/groceries/en-GB/products/300410563,1687618155.775882,"['£0.55', '£0.14/100g']",0.55,£0.14/100g
18171,Tesco Lasagne Pasta 500G,https://www.tesco.com/groceries/en-GB/products/250211327,1687618155.845803,"['£0.80', '£1.60/kg']",0.8,£1.60/kg
18172,Growers Harvest British Mushy Peas 300G,https://www.tesco.com/groceries/en-GB/products/300594632,1687618155.915027,"['£0.32', '£1.07/kg']",0.32,£1.07/kg
18173,Tesco Pillows With Milk Chocolate Filling 375G,https://www.tesco.com/groceries/en-GB/products/292975954,1687618155.986395,"['£1.00', '£0.27/100g']",1.0,£0.27/100g
18174,Quality Street Matchmakers Zingy Orange Chocolate Box 120G,https://www.tesco.com/groceries/en-GB/products/301736850,1687618156.054351,"['£1.25', '£1.04/100g']",1.25,£1.04/100g
18175,Hearty Food Co. Tomato & Herb Pasta Sauce 440G,https://www.tesco.com/groceries/en-GB/products/297844094,1687618156.124578,"['£0.47', '£0.11/100g']",0.47,£0.11/100g
18176,Tesco Distilled Vinegar 568Ml,https://www.tesco.com/groceries/en-GB/products/261781314,1687618156.1980429,"['£0.29', '£0.05/100ml']",0.29,£0.05/100ml
18177,Alpro Oat No Sugars Long Life Drink 1L,https://www.tesco.com/groceries/en-GB/products/304792587,1687618156.2708778,"['£2.10', '£2.10/litre']",2.1,£2.10/litre
18178,Bisto Best Beef Gravy 230G,https://www.tesco.com/groceries/en-GB/products/311795683,1687618156.375509,"['£4.00', '£1.74/100g']",4.0,£1.74/100g
18179,Princes Tuna Chunks In Spring Water 4X145g,https://www.tesco.com/groceries/en-GB/products/302197264,1687618156.4462059,"['£3.99', '£0.98/100g DR.WT']",3.99,£0.98/100g DR.WT
18180,Heinz Top Down Squeezy Tomato Ketchup Sauce 700G,https://www.tesco.com/groceries/en-GB/products/250181618,1687618156.525645,"['£3.90', '£0.56/100g']",3.9,£0.56/100g
18181,Kp Original Salted Peanuts 250G,https://www.tesco.com/groceries/en-GB/products/299577245,1687618156.618492,"['£3.00', '£12.00/kg']",3.0,£12.00/kg
18182,Hula Hoops Variety Pack 12X24g,https://www.tesco.com/groceries/en-GB/products/302036830,1687618156.686423,"['£3.50', '£1.22/100g']",3.5,£1.22/100g
18183,Alpro Almond No Sugars Long Life Drink 1 Litre,https://www.tesco.com/groceries/en-GB/products/276761995,1687618156.757997,"['£2.10', '£2.10/litre']",2.1,£2.10/litre
18184,Sensations Lime & Coriander Chutney Poppadoms 82.5G,https://www.tesco.com/groceries/en-GB/products/264339339,1687618156.824498,"['£2.50', '£3.03/100g']",2.5,£3.03/100g
18185,Tesco Cooking Salt 1.5Kg,https://www.tesco.com/groceries/en-GB/products/258030678,1687618156.8920262,"['£1.75', '£1.17/kg']",1.75,£1.17/kg
18186,Ferrero Rocher 16 Pieces Boxed Chocolates 200G,https://www.tesco.com/groceries/en-GB/products/254896546,1687618157.0237398,"['£5.75', '£2.88/100g']",5.75,£2.88/100g
18187,Lindt Excellence Dark 70% Cocoa Chocolate Bar 100G,https://www.tesco.com/groceries/en-GB/products/259301725,1687618157.090601,"['£2.45', '£2.45/100g']",2.45,£2.45/100g
18188,Mcvitie's Milk Chocolate Digestive Biscuit 2 X 266G,https://www.tesco.com/groceries/en-GB/products/313008974,1687618157.180655,"['£2.65', '£0.50/100g']",2.65,£0.50/100g
18189,Tesco Biscuits For Cheese 500G,https://www.tesco.com/groceries/en-GB/products/254926040,1687618157.2497878,"['£3.65', '£0.73/100g']",3.65,£0.73/100g
18190,East End Coriander Whole 100G,https://www.tesco.com/groceries/en-GB/products/260739402,1687618157.3178298,"['£1.20', '£0.12/10g']",1.2,£0.12/10g
18191,East End Mustard Seeds Black 100G,https://www.tesco.com/groceries/en-GB/products/260752604,1687618157.389605,"['£1.20', '£0.12/10g']",1.2,£0.12/10g
18192,Knorr Rich Beef Stock Pot 4 X 28G,https://www.tesco.com/groceries/en-GB/products/273952198,1687618157.540988,"['£1.90', '£1.70/100g']",1.9,£1.70/100g
18193,Haribo Halal Tropifrutti 100G,https://www.tesco.com/groceries/en-GB/products/308471729,1687618157.610281,"['£1.25', '£1.25/100g']",1.25,£1.25/100g
18194,Haribo Halal Happy Peaches 100G,https://www.tesco.com/groceries/en-GB/products/308462989,1687618157.678237,"['£1.25', '£1.25/100g']",1.25,£1.25/100g
18195,Branston Small Chunk Pickle 360G,https://www.tesco.com/groceries/en-GB/products/256633210,1687618157.7465339,"['£1.75', '£0.49/100g']",1.75,£0.49/100g
18196,East End Ginger Powder 100G,https://www.tesco.com/groceries/en-GB/products/260739362,1687618157.8153112,"['£1.20', '£0.12/10g']",1.2,£0.12/10g
18197,Tesco Strawberry Seedless Jam 454G,https://www.tesco.com/groceries/en-GB/products/301323296,1687618157.883643,"['£1.15', '£0.25/100g']",1.15,£0.25/100g
18198,Tesco Instant Oats Porridge Pot Apple & Blueberry 55G,https://www.tesco.com/groceries/en-GB/products/292991312,1687618157.956793,"['£0.45', '£0.82/100g']",0.45,£0.82/100g
18199,Tesco Light Coconut Milk 400Ml,https://www.tesco.com/groceries/en-GB/products/289660616,1687618158.023765,"['£0.85', '£2.12/litre']",0.85,£2.12/litre
18200,Laila Mini Poppadoms Mango Chutney 75g,https://www.tesco.com/groceries/en-GB/products/313732006,1687618158.103434,"['£0.80', '£1.07/100g']",0.8,£1.07/100g
18201,"Laila Mini Poppadoms, Yoghurt, Mint & Coriander 75g",https://www.tesco.com/groceries/en-GB/products/313848941,1687618158.183318,"['£0.80', '£1.07/100g']",0.8,£1.07/100g
18202,Laila Plain Mini Poppadoms 75g,https://www.tesco.com/groceries/en-GB/products/313860073,1687618158.2517178,"['£0.80', '£1.07/100g']",0.8,£1.07/100g
18203,Tesco Cheese Savouries Snacks 250G,https://www.tesco.com/groceries/en-GB/products/250089080,1687618158.3242502,"['£1.00', '£0.40/100g']",1.0,£0.40/100g
18204,Cadbury Animals With Freddo 7 Pack 139.3G,https://www.tesco.com/groceries/en-GB/products/304783949,1687618158.396424,"['£0.95', '£0.68/100g']",0.95,£0.68/100g
18205,Tesco Drained Tuna Steak In Brine 110G,https://www.tesco.com/groceries/en-GB/products/300991951,1687618164.683177,"['£1.20', '£0.01/kg']",1.2,£0.01/kg
18206,Cadbury Brunch Bar Raisin 5X32g,https://www.tesco.com/groceries/en-GB/products/309464219,1687618164.7953868,"['£1.15', '£0.72/100g']",1.15,£0.72/100g
18207,Oreo Vanilla 154G,https://www.tesco.com/groceries/en-GB/products/264375347,1687618164.8664188,"['£1.10', '£0.71/100g']",1.1,£0.71/100g
18208,Wagon Wheels Jammie 6 Pack,https://www.tesco.com/groceries/en-GB/products/257595546,1687618164.956408,"['£1.15', '£0.50/100g']",1.15,£0.50/100g
18209,Kinder Chocolate Bars Multipack 8 X 12.5g,https://www.tesco.com/groceries/en-GB/products/254891246,1687618165.046412,"['£1.30', '£1.30/100g']",1.3,£1.30/100g
18210,Tesco Chocolate Chip Cookies 250G,https://www.tesco.com/groceries/en-GB/products/258025719,1687618165.117559,"['£0.85', '£0.34/100g']",0.85,£0.34/100g
18211,Cadbury Chocolate Eclairs 166G,https://www.tesco.com/groceries/en-GB/products/289149439,1687618165.183966,"['£1.00', '£0.60/100g']",1.0,£0.60/100g
18213,Tesco Mixed Baked Beans 415G,https://www.tesco.com/groceries/en-GB/products/276975828,1687618165.324576,"['£0.75', '£1.81/kg']",0.75,£1.81/kg
18214,Tesco White Chocolate Chips 100G,https://www.tesco.com/groceries/en-GB/products/278235814,1687618165.3932412,"['£0.69', '£0.69/100g']",0.69,£0.69/100g
18215,Tesco Spaghetti Rings & Sausages 410G,https://www.tesco.com/groceries/en-GB/products/289055642,1687618165.465833,"['£0.95', '£2.32/kg']",0.95,£2.32/kg
18216,Kingsfood 8 Hot Dog Sausages,https://www.tesco.com/groceries/en-GB/products/257350462,1687618165.5394828,"['£0.70', '£0.38/100g DR.WT']",0.7,£0.38/100g DR.WT
18217,Stockwell & Co Salmon Paste 75G,https://www.tesco.com/groceries/en-GB/products/300535156,1687618165.6088681,"['£0.49', '£0.65/100g']",0.49,£0.65/100g
18218,Tesco Broccoli And Stilton Soup 400G,https://www.tesco.com/groceries/en-GB/products/251108973,1687618165.67603,"['£0.75', '£0.19/100g']",0.75,£0.19/100g
18219,Tesco Pasta Bake Creamy Tomato & Herb 500G,https://www.tesco.com/groceries/en-GB/products/264691387,1687618165.7520251,"['£0.95', '£0.19/100g']",0.95,£0.19/100g
18220,Tesco Sour Cream & Chive Combo Mix 150G,https://www.tesco.com/groceries/en-GB/products/297348923,1687618165.819155,"['£1.20', '£0.80/100g']",1.2,£0.80/100g
18221,Tesco Cranberries 200G,https://www.tesco.com/groceries/en-GB/products/271074203,1687618165.885695,"['£2.60', '£13.00/kg']",2.6,£13.00/kg
18222,Tiptree Caramelised Red Onion Chutney 220G,https://www.tesco.com/groceries/en-GB/products/287873903,1687618165.952998,"['£2.65', '£1.20/100g']",2.65,£1.20/100g
18223,Dolmio Creamy White Lasagne Sauce 470G,https://www.tesco.com/groceries/en-GB/products/250410132,1687618166.022184,"['£2.50', '£0.53/100g']",2.5,£0.53/100g
18224,Graze Salt & Vinegar Crunch 100G,https://www.tesco.com/groceries/en-GB/products/312842160,1687618166.092365,"['£2.50', '£25.00/kg']",2.5,£25.00/kg
18225,Graze Sweet Chilli Crunch 100G,https://www.tesco.com/groceries/en-GB/products/313373148,1687618166.164371,"['£2.50', '£25.00/kg']",2.5,£25.00/kg
18226,Graze Peri Peri Crunch 100G,https://www.tesco.com/groceries/en-GB/products/313369897,1687618166.242321,"['£2.50', '£25.00/kg']",2.5,£25.00/kg
18227,Graze Smoky Barbecue Crunch 100G,https://www.tesco.com/groceries/en-GB/products/313370900,1687618166.32675,"['£2.50', '£25.00/kg']",2.5,£25.00/kg
18228,Tesco Dark Soft Brown Sugar 500G,https://www.tesco.com/groceries/en-GB/products/254917477,1687618166.395481,"['£1.55', '£3.10/kg']",1.55,£3.10/kg
18230,Tesco Unsalted Mixed Nuts 200G,https://www.tesco.com/groceries/en-GB/products/268419141,1687618166.544271,"['£2.20', '£11.00/kg']",2.2,£11.00/kg
18231,Knorr Vegetable Stock Pot 8'S 224G,https://www.tesco.com/groceries/en-GB/products/273967169,1687618166.61784,"['£2.80', '£1.25/100g']",2.8,£1.25/100g
18232,Graze Honey Roast Crunch 100G,https://www.tesco.com/groceries/en-GB/products/313942754,1687618166.695223,"['£2.50', '£25.00/kg']",2.5,£25.00/kg
18233,Graze Sea Salt & Pepper Veggie Protein Nuts 100G,https://www.tesco.com/groceries/en-GB/products/313361456,1687618166.7624261,"['£2.50', '£25.00/kg']",2.5,£25.00/kg
18234,Tesco Chocolate Spread 400G,https://www.tesco.com/groceries/en-GB/products/251170920,1687618166.8291142,"['£1.70', '£0.42/100g']",1.7,£0.42/100g
18235,Frylight Olive Oil Spray 190Ml,https://www.tesco.com/groceries/en-GB/products/274089279,1687618166.8967402,"['£2.75', '£1.45/100ml']",2.75,£1.45/100ml
18236,Tesco Finest Beef Gravy 350Ml,https://www.tesco.com/groceries/en-GB/products/280517456,1687618166.964181,"['£2.00', '£0.57/100ml']",2.0,£0.57/100ml
18237,Graze Chilli & Lime Protein Crunchy Nuts 100G,https://www.tesco.com/groceries/en-GB/products/313730481,1687618167.0350451,"['£2.50', '£25.00/kg']",2.5,£25.00/kg
18238,Walkers Sunbites Sour Cream & Black Pepper 6X25g,https://www.tesco.com/groceries/en-GB/products/264127141,1687618167.167093,"['£1.95', '£1.30/100g']",1.95,£1.30/100g
18239,Nutella B-Ready 6 X 22G,https://www.tesco.com/groceries/en-GB/products/297543012,1687618167.232547,"['£2.25', '£1.70/100g']",2.25,£1.70/100g
18240,Heinz Big Soup Steak & Potato 400G,https://www.tesco.com/groceries/en-GB/products/307337414,1687618167.337395,"['£2.00', '£0.50/100g']",2.0,£0.50/100g
18241,Mackays Scottish Strawberry Preserve 340G,https://www.tesco.com/groceries/en-GB/products/261843674,1687618167.428776,"['£1.50', '£0.44/100g']",1.5,£0.44/100g
18242,Tesco Fruit & Nut Granola 1Kg,https://www.tesco.com/groceries/en-GB/products/262580101,1687618167.499361,"['£2.25', '£0.22/100g']",2.25,£0.22/100g
18243,Love Corn Salt & Vinegar 115G,https://www.tesco.com/groceries/en-GB/products/314102843,1687618167.570237,"['£2.20', '£1.91/100g']",2.2,£1.91/100g
18244,Tesco White Mini Marshmallows 100G,https://www.tesco.com/groceries/en-GB/products/304381175,1687618167.653619,"['£1.00', '£1.00/100g']",1.0,£1.00/100g
18245,Batchelors Cup A Soup Chicken 81G,https://www.tesco.com/groceries/en-GB/products/270974142,1687618167.72694,"['£1.50', '£1.85/100g']",1.5,£1.85/100g
18246,Lea & Perrins Worcestershire Sauce 150Ml,https://www.tesco.com/groceries/en-GB/products/250179532,1687618167.810747,"['£1.70', '£1.13/100ml']",1.7,£1.13/100ml
18247,Tesco Ground Cumin 43G,https://www.tesco.com/groceries/en-GB/products/256150470,1687618167.8993149,"['£0.90', '£0.21/10g']",0.9,£0.21/10g
18248,Cadbury Dairy Milk Fruit & Nut Chocolate 180G,https://www.tesco.com/groceries/en-GB/products/311433867,1687618167.9761128,"['£2.00', '£1.11/100g']",2.0,£1.11/100g
18249,Ambrosia Devon Custard 500G,https://www.tesco.com/groceries/en-GB/products/309468935,1687618168.048523,"['£1.60', '£0.32/100g']",1.6,£0.32/100g
18250,Aleyna Sliced Green Jalapeno Peppers 480G,https://www.tesco.com/groceries/en-GB/products/278831443,1687618168.125616,"['£1.15', '£0.48/100g DR.WT']",1.15,£0.48/100g DR.WT
18251,Jacobs Baked Cheddar Biscuits Cheese 150G,https://www.tesco.com/groceries/en-GB/products/254925467,1687618168.200893,"['£1.20', '£0.80/100g']",1.2,£0.80/100g
18252,Tesco Finest All Butter Cheese Straws 100G,https://www.tesco.com/groceries/en-GB/products/312207953,1687618168.2886028,"['£1.85', '£1.85/100g']",1.85,£1.85/100g
18253,Tesco Reduced Fat Rich Tea Biscuits 300G,https://www.tesco.com/groceries/en-GB/products/254766453,1687618175.282423,"['£0.70', '£0.23/100g']",0.7,£0.23/100g
18254,Alpen Strawberry & Yogurt Cereal Bars 5X29g,https://www.tesco.com/groceries/en-GB/products/264351180,1687618175.3667462,"['£1.00', '£0.69/100g']",1.0,£0.69/100g
18255,Angel Delight Chocolate 59G,https://www.tesco.com/groceries/en-GB/products/271247155,1687618175.44138,"['£0.90', '£1.52/100g']",0.9,£1.52/100g
18256,Giant New Refresher Chew Bar (C),https://www.tesco.com/groceries/en-GB/products/256407784,1687618175.511578,"['£0.10', '£0.56/100g']",0.1,£0.56/100g
18257,Galaxy Minstrels Chocolate Pouch 125G,https://www.tesco.com/groceries/en-GB/products/305730775,1687618175.581735,"['£1.50', '£1.20/100g']",1.5,£1.20/100g
18258,Thorntons Continental Collection Boxed Chocolate 264G,https://www.tesco.com/groceries/en-GB/products/309162346,1687618175.6550772,"['£10.00', '£3.79/100g']",10.0,£3.79/100g
18259,Bisto Gravy Granules 350G,https://www.tesco.com/groceries/en-GB/products/296383605,1687618175.723805,"['£3.50', '£1.00/100g']",3.5,£1.00/100g
18260,Tesco Olive Oil 500Ml,https://www.tesco.com/groceries/en-GB/products/254918418,1687618175.799548,"['£4.15', '£0.83/100ml']",4.15,£0.83/100ml
18261,Spam Chopped Pork & Ham 340G,https://www.tesco.com/groceries/en-GB/products/255206418,1687618175.869896,"['£3.40', '£1.00/100g']",3.4,£1.00/100g
18262,Wrigleys Extra Peppermint Gum Bottle 60 Pieces,https://www.tesco.com/groceries/en-GB/products/279782677,1687618175.950229,"['£2.75', '£3.27/100g']",2.75,£3.27/100g
18263,Tesco Organic Porridge Oats 750G,https://www.tesco.com/groceries/en-GB/products/256039303,1687618176.0263429,"['£2.15', '£0.29/100g']",2.15,£0.29/100g
18264,Wholefood Dried Mango 100G,https://www.tesco.com/groceries/en-GB/products/260733201,1687618176.102865,"['£2.00', '£20.00/kg']",2.0,£20.00/kg
18265,Tidmans Natural Rock Salt 500G,https://www.tesco.com/groceries/en-GB/products/253729822,1687618176.177512,"['£1.70', '£3.40/kg']",1.7,£3.40/kg
18266,Hartleys Multi No Added Sugar Strawberry Jelly 6 X 115G,https://www.tesco.com/groceries/en-GB/products/293031935,1687618176.250994,"['£2.25', '£0.33/100g']",2.25,£0.33/100g
18267,Loyd Grossman Smoky Bacon Pasta Sauce 350G,https://www.tesco.com/groceries/en-GB/products/250567240,1687618176.32114,"['£3.00', '£0.86/100g']",3.0,£0.86/100g
18268,Knorr Vegetable Stock Pot 4 X 28G,https://www.tesco.com/groceries/en-GB/products/259339243,1687618176.420835,"['£1.90', '£1.70/100g']",1.9,£1.70/100g
18269,Tesco Finest Cantabrian Anchovy Fillets 50G,https://www.tesco.com/groceries/en-GB/products/306930957,1687618176.488856,"['£1.65', '£5.50/100g DR.WT']",1.65,£5.50/100g DR.WT
18270,Snack A Jacks Jumbo Chocolate Chip 180G,https://www.tesco.com/groceries/en-GB/products/264786293,1687618176.573801,"['£2.25', '£1.25/100g']",2.25,£1.25/100g
18271,Trebor Extra Strong P/Mints 7 Rolls 289.1G,https://www.tesco.com/groceries/en-GB/products/268045899,1687618176.648315,"['£2.00', '£0.69/100g']",2.0,£0.69/100g
18272,Tesco Red Wine Stock Pots 4 Pack 112G,https://www.tesco.com/groceries/en-GB/products/289037439,1687618176.72353,"['£1.40', '£1.25/100g']",1.4,£1.25/100g
18273,Tesco Dried Parsley 11G Jar,https://www.tesco.com/groceries/en-GB/products/256146844,1687618176.811247,"['£0.90', '£0.82/10g']",0.9,£0.82/10g
18274,Barilla Penne Rigate 500G,https://www.tesco.com/groceries/en-GB/products/283223142,1687618176.886245,"['£1.40', '£2.80/kg']",1.4,£2.80/kg
18275,Tesco Dried Sage 12G,https://www.tesco.com/groceries/en-GB/products/268595414,1687618176.974205,"['£0.90', '£0.75/10g']",0.9,£0.75/10g
18276,Tesco Dried Rosemary 27G Jar,https://www.tesco.com/groceries/en-GB/products/256149680,1687618177.0687318,"['£0.90', '£0.33/10g']",0.9,£0.33/10g
18277,Tesco Tuscan Inspired Bean Soup 400G,https://www.tesco.com/groceries/en-GB/products/255951566,1687618177.204631,"['£1.10', '£0.28/100g']",1.1,£0.28/100g
18278,Princes Strawberries In Light Syrup 410G,https://www.tesco.com/groceries/en-GB/products/305054331,1687618177.379337,"['£1.30', '£3.17/kg DR.WT']",1.3,£3.17/kg DR.WT
18279,Popchips Sea Salt & Vinegar Chips 85G,https://www.tesco.com/groceries/en-GB/products/275236674,1687618177.449711,"['£2.25', '£2.65/100g']",2.25,£2.65/100g
18280,Tesco Red Wine Vinegar 350Ml,https://www.tesco.com/groceries/en-GB/products/260511660,1687618177.519507,"['£1.30', '£0.37/100ml']",1.3,£0.37/100ml
18281,Tesco Bbq Flavoured Coated Peanuts 200G,https://www.tesco.com/groceries/en-GB/products/268345256,1687618177.587569,"['£1.30', '£6.50/kg']",1.3,£6.50/kg
18282,Mcvities Milk Chocolate Digestive 266G,https://www.tesco.com/groceries/en-GB/products/300917252,1687618177.659001,"['£1.75', '£0.66/100g']",1.75,£0.66/100g
18283,Tesco Pecan Nuts 100G,https://www.tesco.com/groceries/en-GB/products/266375275,1687618177.918601,"['£2.25', '£22.50/kg']",2.25,£22.50/kg
18284,Real Foods Original Corn Thins 150G,https://www.tesco.com/groceries/en-GB/products/250137778,1687618177.985392,"['£1.25', '£0.83/100g']",1.25,£0.83/100g
18285,Del Monte Fruit Cocktail In Syrup 420G,https://www.tesco.com/groceries/en-GB/products/254901478,1687618178.0626938,"['£1.20', '£4.80/kg DR.WT']",1.2,£4.80/kg DR.WT
18286,Hartleys Ready To Eat Jelly Strawberry 125G,https://www.tesco.com/groceries/en-GB/products/252468628,1687618178.131812,"['£0.80', '£0.64/100g']",0.8,£0.64/100g
18287,Schwartz Hollandaise Sauce 25G,https://www.tesco.com/groceries/en-GB/products/253209545,1687618178.227031,"['£0.95', '£3.80/100g']",0.95,£3.80/100g
18288,Del Monte Pear Halves In Juice 415G,https://www.tesco.com/groceries/en-GB/products/254900709,1687618178.3193889,"['£1.20', '£5.22/kg DR.WT']",1.2,£5.22/kg DR.WT
18289,Nestle Aero Milk Chocolate Bars Multipack 4 X 27g,https://www.tesco.com/groceries/en-GB/products/265046131,1687618178.3864,"['£1.50', '£1.39/100g']",1.5,£1.39/100g
18290,Blue Dragon Sweet Chilli & Garlic Stir Fry Sauce 120G,https://www.tesco.com/groceries/en-GB/products/295871818,1687618178.4553752,"['£0.95', '£0.79/100g']",0.95,£0.79/100g
18291,Tesco Petits Pois & Baby Carrot In Water 200G,https://www.tesco.com/groceries/en-GB/products/264166324,1687618178.5434291,"['£0.80', '£6.15/kg DR.WT']",0.8,£6.15/kg DR.WT
18292,Tesco Mini Gems 200G,https://www.tesco.com/groceries/en-GB/products/271373598,1687618178.6118112,"['£1.10', '£0.55/100g']",1.1,£0.55/100g
18293,Snack Organisation Crackers Lightly Salted 100G,https://www.tesco.com/groceries/en-GB/products/287733661,1687618178.677713,"['£1.00', '£1.00/100g']",1.0,£1.00/100g
18294,Tesco Raspberry Mushrooms 75G,https://www.tesco.com/groceries/en-GB/products/284181880,1687618178.750763,"['£0.70', '£0.93/100g']",0.7,£0.93/100g
18295,Hartleys Best Raspberry Jam Seedless 340G,https://www.tesco.com/groceries/en-GB/products/253736836,1687618178.837278,"['£1.95', '£0.57/100g']",1.95,£0.57/100g
18296,Tesco Lemon & Coriander Cous Cous 110G,https://www.tesco.com/groceries/en-GB/products/253748586,1687618178.910263,"['£0.55', '£5.00/kg']",0.55,£5.00/kg
18297,Tesco Chicken Paste 75G,https://www.tesco.com/groceries/en-GB/products/254851605,1687618178.982431,"['£0.55', '£0.73/100g']",0.55,£0.73/100g
18298,Tesco Fruit Shortcake Biscuits 200G,https://www.tesco.com/groceries/en-GB/products/290329053,1687618179.0484412,"['£0.65', '£0.32/100g']",0.65,£0.32/100g
18299,Tesco Lentil Curls Sour Cream & Chive 6 Pack 120G,https://www.tesco.com/groceries/en-GB/products/297348860,1687618179.119137,"['£1.15', '£0.96/100g']",1.15,£0.96/100g
18300,Galaxy Minstrels Large Pouch 240G,https://www.tesco.com/groceries/en-GB/products/303667790,1687618179.1885152,"['£2.25', '£0.94/100g']",2.25,£0.94/100g
18301,Tesco Turkish Delight Bar 150G,https://www.tesco.com/groceries/en-GB/products/300809449,1687618184.360385,"['£1.20', '£0.80/100g']",1.2,£0.80/100g
18302,Tesco Mild Chilli Powder 50G,https://www.tesco.com/groceries/en-GB/products/251994901,1687618184.465973,"['£0.90', '£0.18/10g']",0.9,£0.18/10g
18303,Naked Rice Japanese Chicken Katsu Curry 78G,https://www.tesco.com/groceries/en-GB/products/300497183,1687618184.730176,"['£1.20', '£15.38/kg']",1.2,£15.38/kg
18304,Hartleys Ready To Eat Jelly Lemon & Lime 125G,https://www.tesco.com/groceries/en-GB/products/252465758,1687618184.798732,"['£0.80', '£0.64/100g']",0.8,£0.64/100g
18305,Naked Noodle Thai Green Curry Pot 78G,https://www.tesco.com/groceries/en-GB/products/297172796,1687618184.889118,"['£1.20', '£15.38/kg']",1.2,£15.38/kg
18306,E.Wedel Aha! Sezamki Bar 27.2G,https://www.tesco.com/groceries/en-GB/products/271681089,1687618184.9607239,"['£0.35', '£1.29/100g']",0.35,£1.29/100g
18307,Crosse And Blackwell Best Of British Roast Chicken & Vegetable Soup 400G,https://www.tesco.com/groceries/en-GB/products/274246877,1687618185.028362,"['£1.25', '£0.31/100g']",1.25,£0.31/100g
18308,Tesco Liquorice Allsorts 250G,https://www.tesco.com/groceries/en-GB/products/256582436,1687618185.1065989,"['£1.10', '£0.44/100g']",1.1,£0.44/100g
18309,Tesco Low Fat Tomato Soup 400G,https://www.tesco.com/groceries/en-GB/products/300524048,1687618185.173503,"['£0.75', '£0.19/100g']",0.75,£0.19/100g
18310,Tesco Whole Cloves 30G,https://www.tesco.com/groceries/en-GB/products/268595570,1687618185.2395608,"['£0.90', '£0.30/10g']",0.9,£0.30/10g
18311,Tesco Peanut Munch Bar 6 Pack 192G,https://www.tesco.com/groceries/en-GB/products/255526391,1687618185.309516,"['£1.10', '£0.57/100g']",1.1,£0.57/100g
18312,Maggi Juicy Chicken Mexican 38g,https://www.tesco.com/groceries/en-GB/products/314114057,1687618185.376915,"['£0.70', '£1.84/100g']",0.7,£1.84/100g
18313,Tesco Chocolate Eclairs 175G,https://www.tesco.com/groceries/en-GB/products/306666072,1687618185.445361,"['£1.10', '£0.63/100g']",1.1,£0.63/100g
18314,Tesco Sundried Tomato Antipasti 535G,https://www.tesco.com/groceries/en-GB/products/268569072,1687618185.517542,"['£4.15', '£0.02/kg DR.WT']",4.15,£0.02/kg DR.WT
18315,Tesco Light Brown Soft Sugar 1Kg Pack,https://www.tesco.com/groceries/en-GB/products/256775623,1687618185.5841,"['£3.00', '£3.00/kg']",3.0,£3.00/kg
18316,Bear Pure Fruit Yoyo Strawberry 9X20g,https://www.tesco.com/groceries/en-GB/products/286782799,1687618185.6517482,"['£4.45', '£2.47/100g']",4.45,£2.47/100g
18317,Butterkist Microwave Popcorn Sweet & Salted 3X60g,https://www.tesco.com/groceries/en-GB/products/303543078,1687618185.7194612,"['£2.50', '£1.39/100g']",2.5,£1.39/100g
18318,Tesco Light In Colour Olive Oil 1Ltr,https://www.tesco.com/groceries/en-GB/products/259045325,1687618185.787679,"['£5.80', '£0.58/100ml']",5.8,£0.58/100ml
18319,Jordans Simply Granola 750G,https://www.tesco.com/groceries/en-GB/products/285398720,1687618185.8602219,"['£3.60', '£0.48/100g']",3.6,£0.48/100g
18320,Bonne Maman Orange Fine Shred Marmalade 370G,https://www.tesco.com/groceries/en-GB/products/252780755,1687618185.932925,"['£3.25', '£0.88/100g']",3.25,£0.88/100g
18321,Dolmio Light Creamy Sauce For Lasagne 470G,https://www.tesco.com/groceries/en-GB/products/277006339,1687618186.023233,"['£2.50', '£0.53/100g']",2.5,£0.53/100g
18322,Princes Mackerel Fillets Olive Oil 125G,https://www.tesco.com/groceries/en-GB/products/311788692,1687618186.131007,"['£1.60', '£1.95/100g DR.WT']",1.6,£1.95/100g DR.WT
18323,Robertsons Golden Shred Marmalade 454G,https://www.tesco.com/groceries/en-GB/products/254850658,1687618186.1985228,"['£2.10', '£0.46/100g']",2.1,£0.46/100g
18324,Nuts About Nature Peanut Butter Smooth 340G,https://www.tesco.com/groceries/en-GB/products/307157609,1687618186.270834,"['£2.10', '£0.62/100g']",2.1,£0.62/100g
18325,Kp Honey Roast Peanuts 225G,https://www.tesco.com/groceries/en-GB/products/297385515,1687618186.338926,"['£3.00', '£13.33/kg']",3.0,£13.33/kg
18326,Fruit Factory Multi Fruit Strings 5X 20G,https://www.tesco.com/groceries/en-GB/products/265285233,1687618186.4352589,"['£2.35', '£2.35/100g']",2.35,£2.35/100g
18327,Mama Vermicelli Noodles 225G,https://www.tesco.com/groceries/en-GB/products/272673304,1687618186.52388,"['£1.85', '£8.22/kg']",1.85,£8.22/kg
18328,Lindt Excellence Extra Creamy Milk Chocolate Bar 100G,https://www.tesco.com/groceries/en-GB/products/251277783,1687618186.5949981,"['£2.45', '£2.45/100g']",2.45,£2.45/100g
18329,Lindt Excellence Dark Orange Intense Chocolate Bar 100G,https://www.tesco.com/groceries/en-GB/products/256363293,1687618186.688986,"['£2.45', '£2.45/100g']",2.45,£2.45/100g
18330,Rochelle Crispy Onions 100G,https://www.tesco.com/groceries/en-GB/products/296361856,1687618186.8878741,"['£1.45', '£1.45/100g']",1.45,£1.45/100g
18331,Walkers Variety Ready Salted &Vngr Crisps 12X25g,https://www.tesco.com/groceries/en-GB/products/309195900,1687618186.954762,"['£3.25', '£1.08/100g']",3.25,£1.08/100g
18332,Tabasco Original Red Hot Pepper Sauce 57Ml,https://www.tesco.com/groceries/en-GB/products/254886967,1687618187.0238872,"['£1.99', '£3.49/100ml']",1.99,£3.49/100ml
18333,Tesco Organic Baked Beans 420G,https://www.tesco.com/groceries/en-GB/products/276778394,1687618187.092447,"['£1.00', '£2.38/kg']",1.0,£2.38/kg
18334,Tesco Yogurt Coated Rice Cakes 105G,https://www.tesco.com/groceries/en-GB/products/308828886,1687618187.202176,"['£1.30', '£1.24/100g']",1.3,£1.24/100g
18335,Tesco Irish Stew 392G,https://www.tesco.com/groceries/en-GB/products/307734693,1687618187.268538,"['£2.40', '£6.12/kg']",2.4,£6.12/kg
18336,Princes Tuna Chunks In Spring Water 145G,https://www.tesco.com/groceries/en-GB/products/302291238,1687618187.3353221,"['£1.75', '£1.72/100g DR.WT']",1.75,£1.72/100g DR.WT
18337,Polo Sugar Free Tube Multipack 4 X 33.4G,https://www.tesco.com/groceries/en-GB/products/288953750,1687618187.403033,"['£1.75', '£1.31/100g']",1.75,£1.31/100g
18338,Wholefood Roasted Monkey Nuts 250G,https://www.tesco.com/groceries/en-GB/products/256056991,1687618187.475041,"['£1.30', '£5.20/kg']",1.3,£5.20/kg
18339,Tesco Italian Seasoning 18G ..,https://www.tesco.com/groceries/en-GB/products/300456422,1687618187.543083,"['£0.90', '£0.50/10g']",0.9,£0.50/10g
18340,Nature Valley Sweet & Salty Dark Chocolate With Nuts 120G,https://www.tesco.com/groceries/en-GB/products/304792132,1687618187.61167,"['£1.75', '£1.46/100g']",1.75,£1.46/100g
18341,Tesco Crushed Chillies 28G,https://www.tesco.com/groceries/en-GB/products/251620901,1687618187.6812952,"['£0.90', '£0.32/10g']",0.9,£0.32/10g
18342,Trebor Softmints Peppermint 4Roll,https://www.tesco.com/groceries/en-GB/products/268046374,1687618187.763576,"['£1.35', '£0.75/100g']",1.35,£0.75/100g
18343,Ryvita Multiseed Thins 125G,https://www.tesco.com/groceries/en-GB/products/263831587,1687618187.834174,"['£2.20', '£1.76/100g']",2.2,£1.76/100g
18344,Tesco Chocolate Chip Cookie 2 X 250G,https://www.tesco.com/groceries/en-GB/products/290359230,1687618187.926174,"['£1.60', '£0.32/100g']",1.6,£0.32/100g
18345,Tesco Ploughmans Plum Chutney 295G,https://www.tesco.com/groceries/en-GB/products/300413116,1687618187.991668,"['£1.30', '£0.44/100g']",1.3,£0.44/100g
18346,Mugshot Tomato & Herb Pasta 64G,https://www.tesco.com/groceries/en-GB/products/251171838,1687618188.05863,"['£1.00', '£15.62/kg']",1.0,£15.62/kg
18347,Blue Dragon Black Bean Stir Fry Sauce 120G,https://www.tesco.com/groceries/en-GB/products/295871778,1687618188.150059,"['£0.95', '£0.79/100g']",0.95,£0.79/100g
18348,Kallo Very Low Salt Vegetable Stock Cube 60G,https://www.tesco.com/groceries/en-GB/products/255325148,1687618188.2390609,"['£1.90', '£3.17/100g']",1.9,£3.17/100g
18349,Old El Paso Refried Beans 435G,https://www.tesco.com/groceries/en-GB/products/253836073,1687618194.664036,"['£1.95', '£0.45/100g']",1.95,£0.45/100g
18350,Nestle Nesquik Cereal 375G,https://www.tesco.com/groceries/en-GB/products/276973594,1687618194.745901,"['£2.75', '£0.73/100g']",2.75,£0.73/100g
18351,Bear Blackcurrant Yoyo Multipack 5X20g,https://www.tesco.com/groceries/en-GB/products/282614122,1687618194.818742,"['£2.85', '£2.85/100g']",2.85,£2.85/100g
18352,Pizza Express House Light Salad Dressing 235Ml,https://www.tesco.com/groceries/en-GB/products/254849578,1687618194.917813,"['£2.30', '£0.98/100ml']",2.3,£0.98/100ml
18353,Nature Valley Protein Salted Caramel Nut Bars 4X40g,https://www.tesco.com/groceries/en-GB/products/293837316,1687618195.0102232,"['£3.00', '£1.88/100g']",3.0,£1.88/100g
18354,Tesco Milled Flax Seed Mix 175G,https://www.tesco.com/groceries/en-GB/products/302677255,1687618195.1005492,"['£1.85', '£10.57/kg']",1.85,£10.57/kg
18355,Ben's Original Classic Wholegrain Microwave Rice 220G,https://www.tesco.com/groceries/en-GB/products/313170935,1687618195.1696599,"['£0.99', '£4.50/kg']",0.99,£4.50/kg
18356,Tesco Finest Rye Sour Dough Cracker 130G,https://www.tesco.com/groceries/en-GB/products/304408559,1687618195.23913,"['£2.15', '£1.65/100g']",2.15,£1.65/100g
18357,Lindt Lindor Milk Chocolate Bar 100G,https://www.tesco.com/groceries/en-GB/products/268370997,1687618195.305342,"['£2.35', '£2.35/100g']",2.35,£2.35/100g
18358,Tesco Organic Medjool Dates 200G,https://www.tesco.com/groceries/en-GB/products/250281502,1687618195.3943129,"['£2.50', '£12.50/kg']",2.5,£12.50/kg
18359,Nissin Wok Style Soba Noodles Classic 109G,https://www.tesco.com/groceries/en-GB/products/306955818,1687618195.464468,"['£1.20', '£11.01/kg']",1.2,£11.01/kg
18360,De Cecco Linguine 500G,https://www.tesco.com/groceries/en-GB/products/250646417,1687618195.533698,"['£2.00', '£4.00/kg']",2.0,£4.00/kg
18361,Chop Garlic Puree 75G,https://www.tesco.com/groceries/en-GB/products/303823191,1687618195.628727,"['£1.30', '£0.17/10g']",1.3,£0.17/10g
18362,Tesco Finest British Beef & Red Onion Gravy Granules 200G,https://www.tesco.com/groceries/en-GB/products/307733544,1687618195.697376,"['£1.90', '£0.95/100g']",1.9,£0.95/100g
18363,Kingfisher Bamboo Shoots In Water 225G,https://www.tesco.com/groceries/en-GB/products/265819146,1687618195.774076,"['£1.15', '£0.96/100g DR.WT']",1.15,£0.96/100g DR.WT
18364,Stockwell & Co Chicken Curry 392G,https://www.tesco.com/groceries/en-GB/products/300535719,1687618195.844502,"['£1.49', '£3.80/kg']",1.49,£3.80/kg
18365,Tesco Reduced Fat Rice Pudding 400G,https://www.tesco.com/groceries/en-GB/products/311227527,1687618195.910631,"['£0.90', '£0.22/100g']",0.9,£0.22/100g
18366,Pataks Tikka Masala Paste Pots 2X70g,https://www.tesco.com/groceries/en-GB/products/293134261,1687618195.977637,"['£1.49', '£1.06/100g']",1.49,£1.06/100g
18367,Lu Petit Beurre Salted Butter Biscuit 167G,https://www.tesco.com/groceries/en-GB/products/309197155,1687618196.047672,"['£1.50', '£0.90/100g']",1.5,£0.90/100g
18368,Princes Mackerel Fillets In Tomato Sauce 125G,https://www.tesco.com/groceries/en-GB/products/254864066,1687618196.1560252,"['£1.60', '£1.28/100g']",1.6,£1.28/100g
18369,Tesco Tomato & Chilli Pesto 190G,https://www.tesco.com/groceries/en-GB/products/268675677,1687618196.225396,"['£1.25', '£0.66/100g']",1.25,£0.66/100g
18370,Tilda Microwave Katsu Curry Jasmine Rice 250G,https://www.tesco.com/groceries/en-GB/products/310657676,1687618196.2938821,"['£1.25', '£5.00/kg']",1.25,£5.00/kg
18371,Doves Farm Gluten Free Self Raising 1Kg,https://www.tesco.com/groceries/en-GB/products/264177046,1687618196.360735,"['£1.95', '£1.95/kg']",1.95,£1.95/kg
18372,Swizzels Scrumptious Sweets 173G,https://www.tesco.com/groceries/en-GB/products/311427757,1687618196.431139,"['£1.15', '£0.66/100g']",1.15,£0.66/100g
18373,Cadbury Dairy Milk Caramel Chocolate Bar 180G,https://www.tesco.com/groceries/en-GB/products/311268242,1687618196.502524,"['£2.00', '£1.11/100g']",2.0,£1.11/100g
18374,Takul Halal Kitchen Poultry Bacon 80G,https://www.tesco.com/groceries/en-GB/products/311220483,1687618196.575608,"['£1.05', '£13.12/kg']",1.05,£13.12/kg
18375,Naked Noodle Chow Mein 78G,https://www.tesco.com/groceries/en-GB/products/289537873,1687618196.6443222,"['£1.20', '£15.38/kg']",1.2,£15.38/kg
18376,Tesco Free From Stem Ginger Cookie 150G,https://www.tesco.com/groceries/en-GB/products/300832622,1687618196.711755,"['£1.50', '£1.00/100g']",1.5,£1.00/100g
18377,Tesco Fizzy Multicolour Sweet Belt 75G,https://www.tesco.com/groceries/en-GB/products/255259088,1687618196.7786481,"['£0.70', '£0.93/100g']",0.7,£0.93/100g
18378,Batchelors Pasta & Sauce Low Fat Tomato Onion & Herb 99G,https://www.tesco.com/groceries/en-GB/products/306930525,1687618196.844529,"['£1.00', '£10.10/kg']",1.0,£10.10/kg
18379,Tesco Fruit & Nut Snack Pot 55G,https://www.tesco.com/groceries/en-GB/products/302677353,1687618196.9336011,"['£1.00', '£1.82/100g']",1.0,£1.82/100g
18380,Drumstick Chew Bar Bubblegum 18G,https://www.tesco.com/groceries/en-GB/products/303177119,1687618197.027116,"['£0.10', '£0.56/100g']",0.1,£0.56/100g
18381,Cadbury Freddo 18G,https://www.tesco.com/groceries/en-GB/products/275341411,1687618197.0936902,"['£0.25', '£1.39/100g']",0.25,£1.39/100g
18382,Tesco Brazil Nuts Snack Pack 60G,https://www.tesco.com/groceries/en-GB/products/283111885,1687618197.163344,"['£1.00', '£1.67/100g']",1.0,£1.67/100g
18383,Bisto Best Lamb Gravy 230G,https://www.tesco.com/groceries/en-GB/products/312217895,1687618197.3182201,"['£4.00', '£1.74/100g']",4.0,£1.74/100g
18384,Aasani Almonds 500G,https://www.tesco.com/groceries/en-GB/products/289206165,1687618197.385184,"['£4.40', '£8.80/kg']",4.4,£8.80/kg
18385,Tesco Flame Raisins 500G,https://www.tesco.com/groceries/en-GB/products/271063268,1687618197.452805,"['£3.10', '£6.20/kg']",3.1,£6.20/kg
18386,Gressingham Duck Fat 250G,https://www.tesco.com/groceries/en-GB/products/271754096,1687618197.518741,"['£3.15', '£12.60/kg']",3.15,£12.60/kg
18387,Maille Wholegrain Mustard 210G,https://www.tesco.com/groceries/en-GB/products/250859033,1687618197.586611,"['£2.65', '£1.26/100g']",2.65,£1.26/100g
18388,Oxo Reduced Salt Vegetable Stock Cubes 12 Pack 71G,https://www.tesco.com/groceries/en-GB/products/272080228,1687618197.657213,"['£2.40', '£3.38/100g']",2.4,£3.38/100g
18389,Tesco Easy Cook Rice 2Kg,https://www.tesco.com/groceries/en-GB/products/254877362,1687618197.753922,"['£3.10', '£1.55/kg']",3.1,£1.55/kg
18390,Tesco Nuts And Seeds Muesli 750G,https://www.tesco.com/groceries/en-GB/products/292990601,1687618197.841511,"['£2.60', '£0.35/100g']",2.6,£0.35/100g
18391,Itsu Crispy Seaweed Thins Multipack 3X5g,https://www.tesco.com/groceries/en-GB/products/301518779,1687618197.9117582,"['£2.15', '£14.33/100g']",2.15,£14.33/100g
18392,Tesco Bulgur Wheat 500G,https://www.tesco.com/groceries/en-GB/products/256533144,1687618197.987881,"['£1.70', '£3.40/kg']",1.7,£3.40/kg
18393,Trek Flapjack Cocoa Oat 50G 3 Pack,https://www.tesco.com/groceries/en-GB/products/291558943,1687618198.071682,"['£3.00', '£2.00/100g']",3.0,£2.00/100g
18394,Grace Green Plantain Chips Salted 85G,https://www.tesco.com/groceries/en-GB/products/285097892,1687618198.179154,"['£1.05', '£1.24/100g']",1.05,£1.24/100g
18395,Loyd Grossman No Added Sugar Tomato & Chilli Sauce 350G,https://www.tesco.com/groceries/en-GB/products/301324076,1687618198.253491,"['£3.00', '£0.86/100g']",3.0,£0.86/100g
18396,Nandos Squeezy Perinaise 265G,https://www.tesco.com/groceries/en-GB/products/292200236,1687618198.348258,"['£2.25', '£0.85/100g']",2.25,£0.85/100g
18397,Tesco Low Fat Chicken & Sweetcorn Soup 400G,https://www.tesco.com/groceries/en-GB/products/300524060,1687618205.159457,"['£0.75', '£0.19/100g']",0.75,£0.19/100g
18398,Cirio Peeled Plum Tomatoes 4X400g,https://www.tesco.com/groceries/en-GB/products/255836513,1687618205.242433,"['£4.20', '£2.62/kg DR.WT']",4.2,£2.62/kg DR.WT
18399,Lily O'brien's Desserts Collection 210G,https://www.tesco.com/groceries/en-GB/products/311782519,1687618205.337197,"['£7.00', '£3.33/100g']",7.0,£3.33/100g
18400,Lotus Biscuit Spread Crunchy 380G,https://www.tesco.com/groceries/en-GB/products/281928141,1687618205.471168,"['£3.20', '£0.84/100g']",3.2,£0.84/100g
18401,Dorset Cereal Pecan & Almond Muesli Crunch 400G,https://www.tesco.com/groceries/en-GB/products/312096345,1687618205.541003,"['£4.00', '£1.00/100g']",4.0,£1.00/100g
18402,Tesco Mint Jelly 340G,https://www.tesco.com/groceries/en-GB/products/265305729,1687618205.628974,"['£1.70', '£0.50/100g']",1.7,£0.50/100g
18403,Billington's Golden Granulated Sugar 1Kg,https://www.tesco.com/groceries/en-GB/products/254917120,1687618205.708361,"['£2.30', '£2.30/kg']",2.3,£2.30/kg
18404,Tesco Free From 5 Angel Slices,https://www.tesco.com/groceries/en-GB/products/303127531,1687618205.77526,"['£2.50', '£0.50/each']",2.5,£0.50/each
18405,Bear Bites Strawberry & Butternut Squash 5 Pack,https://www.tesco.com/groceries/en-GB/products/306942056,1687618205.840317,"['£2.85', '£3.17/100g']",2.85,£3.17/100g
18406,Kuchnia Polska Sour Cucumber 700G,https://www.tesco.com/groceries/en-GB/products/281343475,1687618205.930232,"['£2.00', '£0.50/100g']",2.0,£0.50/100g
18407,Mr Kipling Sponge Pudding Lemon 2X95g,https://www.tesco.com/groceries/en-GB/products/282663751,1687618206.001462,"['£2.35', '£1.24/100g']",2.35,£1.24/100g
18408,Schar Gluten Free Curvies Original 170G,https://www.tesco.com/groceries/en-GB/products/304791663,1687618206.082772,"['£2.70', '£1.59/100g']",2.7,£1.59/100g
18409,Kellogg's Hot Fudge Sundae Pop Tarts 8X48g,https://www.tesco.com/groceries/en-GB/products/311673467,1687618206.150371,"['£2.99', '£0.78/100g']",2.99,£0.78/100g
18410,Wrigley's Extra White Bubblemint 6X10 Pieces 84G,https://www.tesco.com/groceries/en-GB/products/302312676,1687618206.2187562,"['£2.75', '£3.27/100g']",2.75,£3.27/100g
18411,Alpen No Added Sugar Swiss Style Muesli 550G,https://www.tesco.com/groceries/en-GB/products/305987407,1687618206.284262,"['£2.70', '£0.49/100g']",2.7,£0.49/100g
18412,Eat Natural Bars Maple Syrup Pecan & Peanut 45G,https://www.tesco.com/groceries/en-GB/products/291399819,1687618206.349907,"['£2.40', '£1.78/100g']",2.4,£1.78/100g
18413,Fibre One Cake Bar Triple Chocolate 4 X 25G,https://www.tesco.com/groceries/en-GB/products/301692219,1687618206.418746,"['£2.90', '£2.90/100g']",2.9,£2.90/100g
18414,Whitworths Extra Juicy Sultanas 325G,https://www.tesco.com/groceries/en-GB/products/280484355,1687618206.494754,"['£2.00', '£6.15/kg']",2.0,£6.15/kg
18415,Lindt Classic Recipe Milk Chocolate Bar 125G,https://www.tesco.com/groceries/en-GB/products/309481095,1687618206.5944479,"['£2.10', '£1.68/100g']",2.1,£1.68/100g
18416,Franks Red Hot Original Cayenne Pepper Sauce 148Ml,https://www.tesco.com/groceries/en-GB/products/264147746,1687618206.705118,"['£2.20', '£1.49/100ml']",2.2,£1.49/100ml
18417,Ferrero Rocher Original Milk Chocolate Bar 90G,https://www.tesco.com/groceries/en-GB/products/309481164,1687618206.797046,"['£2.20', '£2.44/100g']",2.2,£2.44/100g
18418,Butterkist Sweet & Salted Popcorn 100G,https://www.tesco.com/groceries/en-GB/products/285117870,1687618206.8888042,"['£2.00', '£2.00/100g']",2.0,£2.00/100g
18419,Nestle Toffee Crisp Chocolate Bars Multipack 9 X 31g,https://www.tesco.com/groceries/en-GB/products/297315939,1687618206.979533,"['£2.50', '£0.90/100g']",2.5,£0.90/100g
18420,Pringles Sizzl'n Kickin Sour Cream Crisps 180G,https://www.tesco.com/groceries/en-GB/products/308117339,1687618207.047912,"['£1.85', '£1.03/100g']",1.85,£1.03/100g
18421,Pringles Multigrain Less Salt Sour Cream & Chilli 166G,https://www.tesco.com/groceries/en-GB/products/312700236,1687618207.117973,"['£2.00', '£1.20/100g']",2.0,£1.20/100g
18422,Princes Mackerel Fillets In Spicy Tomato Sauce 125G,https://www.tesco.com/groceries/en-GB/products/255737763,1687618207.209089,"['£1.60', '£1.28/100g']",1.6,£1.28/100g
18423,Mentos Mint Chewy Sweets 5 X 38G,https://www.tesco.com/groceries/en-GB/products/307743647,1687618207.2754078,"['£1.80', '£0.95/100g']",1.8,£0.95/100g
18424,Pataks Medium Hot Rogan Josh Sauce 450G,https://www.tesco.com/groceries/en-GB/products/274747958,1687618207.348159,"['£2.00', '£0.44/100g']",2.0,£0.44/100g
18425,Askeys Round Icecream Cones 21Pk,https://www.tesco.com/groceries/en-GB/products/255569783,1687618207.41802,"['£1.20', '£0.06/each']",1.2,£0.06/each
18426,Grace Pumpkin Soup Mix 50G,https://www.tesco.com/groceries/en-GB/products/271762074,1687618207.5683331,"['£0.75', '£15.00/kg']",0.75,£15.00/kg
18427,Mugshot Thai Style Noodles 55G,https://www.tesco.com/groceries/en-GB/products/260636986,1687618207.6367922,"['£1.00', '£18.18/kg']",1.0,£18.18/kg
18428,Maynards Bassetts Wine Gums Tangy 165G,https://www.tesco.com/groceries/en-GB/products/295703374,1687618207.7104828,"['£1.25', '£0.76/100g']",1.25,£0.76/100g
18429,Maynards Reds & Blacks 165G,https://www.tesco.com/groceries/en-GB/products/290330995,1687618207.779549,"['£1.25', '£0.76/100g']",1.25,£0.76/100g
18430,Schwartz Authentic Bombay Potatoes 33G,https://www.tesco.com/groceries/en-GB/products/259420342,1687618207.851398,"['£0.95', '£2.88/100g']",0.95,£2.88/100g
18431,Walkers Prawn Cocktail Crisps 45G,https://www.tesco.com/groceries/en-GB/products/308455848,1687618207.942142,"['£1.00', '£2.22/100g']",1.0,£2.22/100g
18432,Schwartz Creamy Chicken & Leek Bake 35G,https://www.tesco.com/groceries/en-GB/products/285779431,1687618208.053735,"['£0.95', '£2.71/100g']",0.95,£2.71/100g
18433,Chewits Strawberry Single 30G,https://www.tesco.com/groceries/en-GB/products/253273191,1687618208.142275,"['£0.40', '£1.33/100g']",0.4,£1.33/100g
18434,Tesco Mild Guacamole Topping 285G,https://www.tesco.com/groceries/en-GB/products/272492265,1687618208.208999,"['£1.50', '£0.53/100g']",1.5,£0.53/100g
18435,Skittles Crazy Sours Pouch 152G,https://www.tesco.com/groceries/en-GB/products/310844466,1687618208.2852852,"['£0.99', '£0.65/100g']",0.99,£0.65/100g
18436,Island Sun Coconut Milk 400Ml,https://www.tesco.com/groceries/en-GB/products/259214581,1687618208.362514,"['£1.00', '£2.50/litre']",1.0,£2.50/litre
18437,Maltesers Kingsize 58.5G,https://www.tesco.com/groceries/en-GB/products/252944332,1687618208.430528,"['£0.90', '£1.54/100g']",0.9,£1.54/100g
18439,Hermesetas Mini Sweeteners 800 Pack,https://www.tesco.com/groceries/en-GB/products/259247714,1687618208.610385,"['£3.30', '£0.00/kg']",3.3,£0.00/kg
18440,Tesco Hazelnuts 250G,https://www.tesco.com/groceries/en-GB/products/271074088,1687618208.684105,"['£3.50', '£14.00/kg']",3.5,£14.00/kg
18441,Tesco Carnaroli Risotto Rice 500G,https://www.tesco.com/groceries/en-GB/products/260343576,1687618208.769481,"['£3.20', '£6.40/kg']",3.2,£6.40/kg
18442,Pataks 10 Papadums Plain 100G,https://www.tesco.com/groceries/en-GB/products/253804451,1687618208.8364632,"['£2.30', '£2.30/100g']",2.3,£2.30/100g
18443,Hellmann's Vegan Mayonnaise 430Ml,https://www.tesco.com/groceries/en-GB/products/305944637,1687618208.902144,"['£3.40', '£0.79/100ml']",3.4,£0.79/100ml
18444,Yarden Houmous Extra 250G,https://www.tesco.com/groceries/en-GB/products/251117841,1687618208.97078,"['£2.65', '£1.06/100g']",2.65,£1.06/100g
18445,Tesco Chia Seeds 100G,https://www.tesco.com/groceries/en-GB/products/309470252,1687618215.617536,"['£1.00', '£10.00/kg']",1.0,£10.00/kg
18446,Jacob's Cheddars Red Leicester 150G,https://www.tesco.com/groceries/en-GB/products/312100255,1687618215.718612,"['£1.20', '£0.80/100g']",1.2,£0.80/100g
18447,Batchelors Big Super Noodles Bbq Beef Flavoured 100G,https://www.tesco.com/groceries/en-GB/products/306931490,1687618215.858242,"['£1.20', '£12.00/kg']",1.2,£12.00/kg
18448,Aero Milk Chocolate Peppermint Bubbles 92G,https://www.tesco.com/groceries/en-GB/products/308085560,1687618215.93058,"['£1.35', '£1.47/100g']",1.35,£1.47/100g
18449,Nik Naks Nice 'N' Spicy Grab Bag Crisps 45G,https://www.tesco.com/groceries/en-GB/products/311442168,1687618216.001169,"['£1.00', '£2.22/100g']",1.0,£2.22/100g
18450,Mccoy's Salt & Vinegar Grab Bag Crisps 45G,https://www.tesco.com/groceries/en-GB/products/311263224,1687618216.117367,"['£1.00', '£2.22/100g']",1.0,£2.22/100g
18451,Jammin Sparkling Fruit Punch Drink 2 Litres,https://www.tesco.com/groceries/en-GB/products/267778766,1687618216.226953,"['£0.95', '£0.05/100ml']",0.95,£0.05/100ml
18452,Tesco Viennese Swirl Carton 125G,https://www.tesco.com/groceries/en-GB/products/294779613,1687618216.293864,"['£1.15', '£0.92/100g']",1.15,£0.92/100g
18453,Tesco Salt & Vinegar Flavoured Mini Rice & Corn Cakes 4X25g,https://www.tesco.com/groceries/en-GB/products/311680588,1687618216.3595688,"['£1.25', '£1.25/100g']",1.25,£1.25/100g
18454,Tesco Free From Cheese Flavour Balls 150G,https://www.tesco.com/groceries/en-GB/products/304389996,1687618216.426986,"['£1.10', '£0.73/100g']",1.1,£0.73/100g
18455,Schwartz Slow Cookers Chicken In Red Wine 35G,https://www.tesco.com/groceries/en-GB/products/268004390,1687618216.496863,"['£0.95', '£2.71/100g']",0.95,£2.71/100g
18456,Birds Whisk & Serve Semolina 98G Packet,https://www.tesco.com/groceries/en-GB/products/259066536,1687618216.587971,"['£1.05', '£1.07/100g']",1.05,£1.07/100g
18457,M&M's Brownie Chocolate Bag 102G,https://www.tesco.com/groceries/en-GB/products/308475496,1687618216.665998,"['£1.50', '£1.47/100g']",1.5,£1.47/100g
18458,Tesco Chocolate Fruit & Nut Mix Snack Pack 60G,https://www.tesco.com/groceries/en-GB/products/283112187,1687618216.733566,"['£1.00', '£16.67/kg']",1.0,£16.67/kg
18459,Laila Basmati Rice 10Kg,https://www.tesco.com/groceries/en-GB/products/256171675,1687618216.823467,"['£19.00', '£1.90/kg']",19.0,£1.90/kg
18460,Blue Dragon Pad Thai Noodles Kit 265G,https://www.tesco.com/groceries/en-GB/products/301803759,1687618216.9180439,"['£3.10', '£1.17/100g']",3.1,£1.17/100g
18461,Napolina Light & Mild Olive Oil 500Ml,https://www.tesco.com/groceries/en-GB/products/255592950,1687618216.986154,"['£5.10', '£1.02/100ml']",5.1,£1.02/100ml
18462,Sacla Vegan Basil Pesto 190G,https://www.tesco.com/groceries/en-GB/products/283949873,1687618217.055578,"['£3.10', '£1.63/100g']",3.1,£1.63/100g
18463,Filippo Berio Balsamic Vinegar 250Ml,https://www.tesco.com/groceries/en-GB/products/279684661,1687618217.170746,"['£3.25', '£1.30/100ml']",3.25,£1.30/100ml
18464,Green And Blacks Classic Minis 180G,https://www.tesco.com/groceries/en-GB/products/285131570,1687618217.238464,"['£6.00', '£3.33/100g']",6.0,£3.33/100g
18465,Tesco Gingerbread Mix 225G,https://www.tesco.com/groceries/en-GB/products/289573832,1687618217.330069,"['£1.80', '£0.80/100g']",1.8,£0.80/100g
18466,Nestle Go Free Honey Nut Flakes Gluten Free 350G,https://www.tesco.com/groceries/en-GB/products/314310927,1687618217.398271,"['£2.40', '£0.69/100g']",2.4,£0.69/100g
18467,Morliny Frankfurters 350G,https://www.tesco.com/groceries/en-GB/products/302010175,1687618217.469813,"['£2.45', '£0.70/100g']",2.45,£0.70/100g
18468,Opies Lemon Slices 350G,https://www.tesco.com/groceries/en-GB/products/256017387,1687618217.538908,"['£1.95', '£1.15/100g DR.WT']",1.95,£1.15/100g DR.WT
18469,Bisto Gluten Free Gravy Granules 175G,https://www.tesco.com/groceries/en-GB/products/297609736,1687618217.6116679,"['£3.80', '£2.17/100g']",3.8,£2.17/100g
18470,Grace 100% Halal Corned Beef 340G,https://www.tesco.com/groceries/en-GB/products/272109404,1687618217.680507,"['£4.00', '£11.76/kg']",4.0,£11.76/kg
18471,Kubus Apple Banana Carrot & Strawberry Mousse 100G,https://www.tesco.com/groceries/en-GB/products/279842342,1687618217.746485,"['£0.85', '£0.85/100g']",0.85,£0.85/100g
18472,Encona Scotch Bonnet Pepper Extra Hot Sauce 220Ml,https://www.tesco.com/groceries/en-GB/products/305247506,1687618217.8162692,"['£1.70', '£0.77/100ml']",1.7,£0.77/100ml
18473,Nairns Gluten Free Ginger Biscuit Break 160G,https://www.tesco.com/groceries/en-GB/products/296384345,1687618217.8850691,"['£2.00', '£1.25/100g']",2.0,£1.25/100g
18474,Kp Flavour Kravers Flamegrilled Steak Flavour Peanut 140G,https://www.tesco.com/groceries/en-GB/products/310165889,1687618217.95095,"['£3.00', '£2.14/100g']",3.0,£2.14/100g
18475,Loyd Grossman No Added Sugar Bolognese 350G,https://www.tesco.com/groceries/en-GB/products/302278543,1687618218.102378,"['£3.00', '£0.86/100g']",3.0,£0.86/100g
18476,Extra White Gum Bottle 46 Pieces64g,https://www.tesco.com/groceries/en-GB/products/276579024,1687618218.23088,"['£1.99', '£3.11/100g']",1.99,£3.11/100g
18477,Tesco Finest Free From Dark Chocolate Ginger Cookies 150G,https://www.tesco.com/groceries/en-GB/products/278437236,1687618218.300361,"['£2.35', '£1.57/100g']",2.35,£1.57/100g
18478,Tulip Pork Luncheon Meat 250G,https://www.tesco.com/groceries/en-GB/products/292341443,1687618218.369665,"['£1.70', '£0.68/100g']",1.7,£0.68/100g
18479,Propercorn Lightly Sea Salted 70G,https://www.tesco.com/groceries/en-GB/products/278170199,1687618218.43782,"['£1.90', '£2.71/100g']",1.9,£2.71/100g
18480,Streamline Reduced Sugar Strawberry Jam 340G,https://www.tesco.com/groceries/en-GB/products/282487470,1687618218.5041668,"['£1.60', '£0.47/100g']",1.6,£0.47/100g
18481,Winiary Mayonnaise 400Ml,https://www.tesco.com/groceries/en-GB/products/262110048,1687618218.573995,"['£2.00', '£0.50/100ml']",2.0,£0.50/100ml
18482,Princes Mackerel Fillets In Mustard Sauce 125G,https://www.tesco.com/groceries/en-GB/products/259395428,1687618218.644534,"['£1.60', '£1.28/100g']",1.6,£1.28/100g
18483,Tesco Vegetable Stockpot 4 Pack 112G,https://www.tesco.com/groceries/en-GB/products/289036918,1687618218.7118452,"['£1.20', '£1.07/100g']",1.2,£1.07/100g
18484,Dunns River Creamed Coconut 200G,https://www.tesco.com/groceries/en-GB/products/271761473,1687618218.781494,"['£1.20', '£0.60/100g']",1.2,£0.60/100g
18485,Maynards Bassetts Wine Gums Juicies 130G,https://www.tesco.com/groceries/en-GB/products/312089417,1687618218.862761,"['£1.25', '£0.96/100g']",1.25,£0.96/100g
18486,Mugshot Chinese Noodle 45G,https://www.tesco.com/groceries/en-GB/products/268691070,1687618218.931604,"['£1.00', '£22.22/kg']",1.0,£22.22/kg
18487,Squashies Drumstick Bubblegum 160G,https://www.tesco.com/groceries/en-GB/products/285000846,1687618219.0014741,"['£1.15', '£0.72/100g']",1.15,£0.72/100g
18488,Tesco Free From Batter Mix 100G,https://www.tesco.com/groceries/en-GB/products/300962433,1687618219.068406,"['£0.75', '£7.50/kg']",0.75,£7.50/kg
18489,Mccoy's Epic Eats Spicy Salsa Crisps 45G,https://www.tesco.com/groceries/en-GB/products/313519337,1687618219.1344252,"['£0.90', '£2.00/100g']",0.9,£2.00/100g
18490,Mccoy's Epic Eats Nacho Cheese Crisps 45G,https://www.tesco.com/groceries/en-GB/products/313744597,1687618219.261633,"['£0.90', '£2.00/100g']",0.9,£2.00/100g
18491,Tesco Sweet & Spicy Noodle Soup In A Mug 5 Pack 115G,https://www.tesco.com/groceries/en-GB/products/297132160,1687618219.380874,"['£0.90', '£0.01/kg']",0.9,£0.01/kg
18492,Walkers Quavers Bbq Sauce Snacks 34G,https://www.tesco.com/groceries/en-GB/products/313848313,1687618219.447702,"['£1.00', '£2.94/100g']",1.0,£2.94/100g
18493,Guylian Seashells 500G Box,https://www.tesco.com/groceries/en-GB/products/258195592,1687618226.419472,"['£10.00', '£2.00/100g']",10.0,£2.00/100g
18494,Truvia Sweetener From Stevia Leaf Extract 270G,https://www.tesco.com/groceries/en-GB/products/272063451,1687618226.493391,"['£5.50', '£20.37/kg']",5.5,£20.37/kg
18495,Betty Crocker Chocolate Fudge Brownie Mix 415G,https://www.tesco.com/groceries/en-GB/products/253175998,1687618226.564233,"['£3.00', '£7.23/kg']",3.0,£7.23/kg
18496,Fragata Capers 240G,https://www.tesco.com/groceries/en-GB/products/255100975,1687618226.6339378,"['£2.50', '£1.85/100g DR.WT']",2.5,£1.85/100g DR.WT
18497,Schwartz Parsley 3G,https://www.tesco.com/groceries/en-GB/products/254919066,1687618226.7018828,"['£2.00', '£6.67/10g']",2.0,£6.67/10g
18498,Cypressa Tahini 300G,https://www.tesco.com/groceries/en-GB/products/279768919,1687618226.7925298,"['£2.90', '£0.97/100g']",2.9,£0.97/100g
18499,Tiptree Mango Chutney 220G,https://www.tesco.com/groceries/en-GB/products/302290889,1687618226.8917298,"['£2.65', '£1.20/100g']",2.65,£1.20/100g
18500,Bonne Maman Intense Raspberry Jam 335G,https://www.tesco.com/groceries/en-GB/products/303879746,1687618226.963993,"['£3.80', '£1.13/100g']",3.8,£1.13/100g
18501,Supermalt Ginger Beer 4X330ml,https://www.tesco.com/groceries/en-GB/products/304780313,1687618227.032355,"['£3.50', '£0.26/100ml']",3.5,£0.26/100ml
18502,Schwartz Ground Cumin 37G,https://www.tesco.com/groceries/en-GB/products/301392414,1687618227.1023738,"['£2.00', '£54.05/kg']",2.0,£54.05/kg
18503,Tesco Organic Fair Trade Cashew Nuts 150G,https://www.tesco.com/groceries/en-GB/products/260942646,1687618227.2023199,"['£3.20', '£21.33/kg']",3.2,£21.33/kg
18504,Tesco Free From 6 Scotch Pancakes,https://www.tesco.com/groceries/en-GB/products/306497571,1687618227.2693188,"['£2.20', '£0.37/each']",2.2,£0.37/each
18505,Urban Fruit Dried Mango Slices 100G,https://www.tesco.com/groceries/en-GB/products/262929382,1687618227.338222,"['£2.60', '£26.00/kg']",2.6,£26.00/kg
18506,Pizza Express House Salad Dressing 235Ml,https://www.tesco.com/groceries/en-GB/products/252756439,1687618227.433046,"['£2.30', '£0.98/100ml']",2.3,£0.98/100ml
18507,Nakd Cocoa Delight Bars 4 Pack 140G,https://www.tesco.com/groceries/en-GB/products/278339174,1687618227.52102,"['£3.00', '£2.14/100g']",3.0,£2.14/100g
18508,Najma Spanish Turkey Salami 80G,https://www.tesco.com/groceries/en-GB/products/297762616,1687618227.6102452,"['£1.70', '£2.12/100g']",1.7,£2.12/100g
18509,Tesco Strawberry & Banana Bars 5X30g,https://www.tesco.com/groceries/en-GB/products/301576635,1687618227.679667,"['£2.00', '£1.33/100g']",2.0,£1.33/100g
18510,Laciate Milk 2% 1 Litre,https://www.tesco.com/groceries/en-GB/products/263294438,1687618227.753061,"['£1.20', '£1.20/litre']",1.2,£1.20/litre
18511,Natures Finest Tropical Fruit Salad In Juice 700G,https://www.tesco.com/groceries/en-GB/products/283996378,1687618227.822276,"['£2.75', '£7.33/kg DR.WT']",2.75,£7.33/kg DR.WT
18512,Mr Freeze Jubbly Jubbly Cola 8X62ml,https://www.tesco.com/groceries/en-GB/products/272478231,1687618227.895848,"['£1.65', '£0.33/100ml']",1.65,£0.33/100ml
18513,Eat Real Quinoa Chips Sour Cream & Chive 80G,https://www.tesco.com/groceries/en-GB/products/297904064,1687618227.964117,"['£2.00', '£2.50/100g']",2.0,£2.50/100g
18514,Tesco Poppy Seeds 100G,https://www.tesco.com/groceries/en-GB/products/271090212,1687618228.031531,"['£1.15', '£11.50/kg']",1.15,£11.50/kg
18515,Tesco Finest Free From Oat & Raisin Cookies 150G,https://www.tesco.com/groceries/en-GB/products/282622351,1687618228.099593,"['£2.35', '£1.57/100g']",2.35,£1.57/100g
18516,Mcvities Gluten Free Chocolate Hobnobs 150G,https://www.tesco.com/groceries/en-GB/products/293354392,1687618228.1678562,"['£2.30', '£1.53/100g']",2.3,£1.53/100g
18517,Tulip Premium Cured Chicken Breast 200G,https://www.tesco.com/groceries/en-GB/products/280469086,1687618228.236676,"['£2.00', '£1.00/100g']",2.0,£1.00/100g
18518,Maggi Liquid Seasoning Hot 100Ml,https://www.tesco.com/groceries/en-GB/products/266258944,1687618228.3151848,"['£1.40', '£1.40/100ml']",1.4,£1.40/100ml
18519,Kellogg's Fruit Winders Mango 5 X 17G,https://www.tesco.com/groceries/en-GB/products/312211705,1687618228.39556,"['£1.50', '£17.65/kg']",1.5,£17.65/kg
18520,Sarsons Gravy Browning 150Ml,https://www.tesco.com/groceries/en-GB/products/274753098,1687618228.464536,"['£1.00', '£0.67/100ml']",1.0,£0.67/100ml
18521,Tesco Seedless Raisins 1Kg,https://www.tesco.com/groceries/en-GB/products/254915370,1687618228.54126,"['£2.45', '£2.45/kg']",2.45,£2.45/kg
18522,Rubicon Guava Juice Drink 1 Litre,https://www.tesco.com/groceries/en-GB/products/265415651,1687618228.6185448,"['£1.70', '£0.17/100ml']",1.7,£0.17/100ml
18523,Tesco Original Rye Crisp Bread 250G,https://www.tesco.com/groceries/en-GB/products/294706637,1687618228.714179,"['£1.10', '£0.44/100g']",1.1,£0.44/100g
18524,Tesco Peach In Mango Flavoured Jelly 4X120g,https://www.tesco.com/groceries/en-GB/products/276186011,1687618228.87362,"['£1.75', '£0.36/100g']",1.75,£0.36/100g
18525,Tesco Free From Custard Creams 125G,https://www.tesco.com/groceries/en-GB/products/308083896,1687618228.952477,"['£1.30', '£1.04/100g']",1.3,£1.04/100g
18526,Tesco Free From Gingerbread Men 154G,https://www.tesco.com/groceries/en-GB/products/304392571,1687618229.032701,"['£1.70', '£1.10/100g']",1.7,£1.10/100g
18527,Tesco Free From Cookies & Cream Biscuits 160G,https://www.tesco.com/groceries/en-GB/products/301210003,1687618229.1056771,"['£1.60', '£1.00/100g']",1.6,£1.00/100g
18528,Mcvitie's Jaffa Cakes Cherry Flavoured Biscuits 10 Pack,https://www.tesco.com/groceries/en-GB/products/307750857,1687618229.183786,"['£1.25', '£0.12/each']",1.25,£0.12/each
18529,Tesco Free From Curry Noodle Pot 74G,https://www.tesco.com/groceries/en-GB/products/293171901,1687618229.282295,"['£1.35', '£1.82/100g']",1.35,£1.82/100g
18530,Guylian Seashells Boxed Chocolates 65G,https://www.tesco.com/groceries/en-GB/products/260704812,1687618229.366262,"['£1.60', '£2.46/100g']",1.6,£2.46/100g
18531,Tesco Ras El Hanout Seasoning 50G,https://www.tesco.com/groceries/en-GB/products/292974310,1687618229.433897,"['£0.90', '£18.00/kg']",0.9,£18.00/kg
18532,Cofresh Spicy Balti Mix 325G,https://www.tesco.com/groceries/en-GB/products/287547708,1687618229.50997,"['£1.00', '£0.31/100g']",1.0,£0.31/100g
18533,Tesco Ginger Preserve 340G,https://www.tesco.com/groceries/en-GB/products/280879009,1687618229.6967008,"['£1.00', '£0.29/100g']",1.0,£0.29/100g
18535,Twix White Chocolate Extra Single Twin 75G,https://www.tesco.com/groceries/en-GB/products/303836573,1687618229.8359702,"['£0.90', '£1.20/100g']",0.9,£1.20/100g
18536,Tesco Finest Acacia Honey 340G,https://www.tesco.com/groceries/en-GB/products/264660996,1687618229.9503539,"['£4.35', '£1.28/100g']",4.35,£1.28/100g
18537,Dr Oetker Fine Dark Cocoa Powder Tub 190G,https://www.tesco.com/groceries/en-GB/products/296457140,1687618230.018815,"['£3.15', '£1.66/100g']",3.15,£1.66/100g
18538,Lizi's Low Sugar Maple & Pecan Granola 500G,https://www.tesco.com/groceries/en-GB/products/312091727,1687618230.0973508,"['£4.00', '£0.80/100g']",4.0,£0.80/100g
18539,Dorset Cereals Honey Granola 500G,https://www.tesco.com/groceries/en-GB/products/297237375,1687618230.164823,"['£4.30', '£0.86/100g']",4.3,£0.86/100g
18540,Bonne Maman Wild Blueberry Conserve 370G,https://www.tesco.com/groceries/en-GB/products/250782975,1687618230.2312021,"['£3.60', '£0.97/100g']",3.6,£0.97/100g
18541,Lee Kum Kee Teriyaki Sauce 200G,https://www.tesco.com/groceries/en-GB/products/276761603,1687618236.220094,"['£2.10', '£1.05/100g']",2.1,£1.05/100g
18542,Create A Cake Rainbow Muffin Cases 100,https://www.tesco.com/groceries/en-GB/products/309781673,1687618236.294559,"['£1.90', '£0.02/each']",1.9,£0.02/each
18543,Satono Yuki Tofu 300G,https://www.tesco.com/groceries/en-GB/products/276785903,1687618236.3707478,"['£1.90', '£6.33/kg']",1.9,£6.33/kg
18544,Baxters Pea Broccoli & Basil Pesto Soup 400G,https://www.tesco.com/groceries/en-GB/products/301442074,1687618236.442184,"['£2.20', '£0.55/100g']",2.2,£0.55/100g
18545,Baxters Root Vegetable Turmeric Soup 400G,https://www.tesco.com/groceries/en-GB/products/297597875,1687618236.510068,"['£2.20', '£0.55/100g']",2.2,£0.55/100g
18546,Mamade Prepared Seville Oranges Thin Cut 850G,https://www.tesco.com/groceries/en-GB/products/254850756,1687618236.580954,"['£2.30', '£0.27/100g']",2.3,£0.27/100g
18547,Hartleys Strawberry 10Cal Multipack 6X175g,https://www.tesco.com/groceries/en-GB/products/297519347,1687618236.678685,"['£2.99', '£0.28/100g']",2.99,£0.28/100g
18548,Biona Organic Chick Peas 400G,https://www.tesco.com/groceries/en-GB/products/306799283,1687618236.751275,"['£1.60', '£6.67/kg DR.WT']",1.6,£6.67/kg DR.WT
18549,Tesco Pistachios Roasted Salted Kernels 100G,https://www.tesco.com/groceries/en-GB/products/297348629,1687618236.8236768,"['£3.30', '£3.30/100g']",3.3,£3.30/100g
18550,Morliny Berlinki Hot Dog With Cheese 250G,https://www.tesco.com/groceries/en-GB/products/290240905,1687618236.9025211,"['£1.60', '£0.64/100g']",1.6,£0.64/100g
18551,Grace Mackerel Tomato Sauce Hot & Spicy 425G,https://www.tesco.com/groceries/en-GB/products/301555447,1687618236.973284,"['£2.00', '£0.47/100g']",2.0,£0.47/100g
18552,Tarczynski Kabanos Gryzzale Chicken 90G,https://www.tesco.com/groceries/en-GB/products/309201369,1687618237.042516,"['£2.10', '£2.33/100g']",2.1,£2.33/100g
18553,Tesco Hot Fajita Seasoning 30G,https://www.tesco.com/groceries/en-GB/products/292761880,1687618237.111747,"['£0.85', '£0.28/10g']",0.85,£0.28/10g
18554,Tymbark Apple Watermelon Drink 250Ml,https://www.tesco.com/groceries/en-GB/products/271636167,1687618237.181508,"['£0.70', '£0.28/100ml']",0.7,£0.28/100ml
18555,Pimlico Vegetarian Fizzy Fruit Flavoured Jelly Sweets 450G,https://www.tesco.com/groceries/en-GB/products/287508992,1687618237.2511868,"['£2.50', '£0.56/100g']",2.5,£0.56/100g
18556,Tesco Ready To Roll Icing Green 250G,https://www.tesco.com/groceries/en-GB/products/284952291,1687618237.321949,"['£1.80', '£0.72/100g']",1.8,£0.72/100g
18557,Tesco Brown Flaxseeds 250G,https://www.tesco.com/groceries/en-GB/products/260259912,1687618237.39462,"['£1.20', '£4.80/kg']",1.2,£4.80/kg
18558,Nissin Big Soba Wok Style Cup Noodles Classic 113G,https://www.tesco.com/groceries/en-GB/products/313729996,1687618237.464104,"['£1.99', '£17.61/kg']",1.99,£17.61/kg
18559,Colman's Salt & Pepper Chicken Recipe Mix 23G,https://www.tesco.com/groceries/en-GB/products/311672039,1687618237.532526,"['£1.00', '£4.35/100g']",1.0,£4.35/100g
18560,Sharwoods Stir Fry Sauce 30% Less Sugar Sweet & Sour 120G,https://www.tesco.com/groceries/en-GB/products/307748947,1687618237.60257,"['£1.20', '£1.00/100g']",1.2,£1.00/100g
18561,Quaker Porridge To Go Cinnamon Bar 2X55g,https://www.tesco.com/groceries/en-GB/products/301467718,1687618237.7275178,"['£1.75', '£1.59/100g']",1.75,£1.59/100g
18563,Rubicon Sparklng Passion Juice Drink 2 Litre,https://www.tesco.com/groceries/en-GB/products/275454836,1687618237.917165,"['£1.80', '£0.09/100ml']",1.8,£0.09/100ml
18564,Nestle Kit Kat Chunky Caramel Snack Size Chocolate Bars Multipack 4 X 35g,https://www.tesco.com/groceries/en-GB/products/311444903,1687618237.9877381,"['£1.50', '£1.07/100g']",1.5,£1.07/100g
18565,Jutrzenka Familijne Cream Wafers 180G,https://www.tesco.com/groceries/en-GB/products/262287529,1687618238.058984,"['£0.95', '£0.53/100g']",0.95,£0.53/100g
18566,Tesco Makrut Lime Leaves 1G ..,https://www.tesco.com/groceries/en-GB/products/300456105,1687618238.1283572,"['£0.90', '£9.00/10g']",0.9,£9.00/10g
18567,Schwartz Wrap It Takeaway Kebab 30G,https://www.tesco.com/groceries/en-GB/products/308091759,1687618238.1975229,"['£0.95', '£3.17/100g']",0.95,£3.17/100g
18568,Tesco Free From 4 Chocolate Cupcakes,https://www.tesco.com/groceries/en-GB/products/308109689,1687618238.2893848,"['£2.50', '£0.62/each']",2.5,£0.62/each
18569,Tesco Whole Wheat Cous Cous 500G,https://www.tesco.com/groceries/en-GB/products/262365915,1687618238.365935,"['£1.15', '£2.30/kg']",1.15,£2.30/kg
18570,Meridian 100% Almond Butter Smooth 470G,https://www.tesco.com/groceries/en-GB/products/308455179,1687618238.4486558,"['£7.35', '£1.56/100g']",7.35,£1.56/100g
18571,Pure Via Sweet Granules With Stevia Leaf 250G,https://www.tesco.com/groceries/en-GB/products/304116992,1687618238.524255,"['£4.60', '£18.40/kg']",4.6,£18.40/kg
18572,Tesco Fruit & Nut Mix With Cranberry 300G,https://www.tesco.com/groceries/en-GB/products/271074589,1687618238.678838,"['£3.60', '£12.00/kg']",3.6,£12.00/kg
18573,Fulfil Salted Caramel Vitamin Protein Bar 55G,https://www.tesco.com/groceries/en-GB/products/302088255,1687618238.757042,"['£2.70', '£4.91/100g']",2.7,£4.91/100g
18574,Cadbury Chocolate Icing 400G,https://www.tesco.com/groceries/en-GB/products/304373381,1687618238.8350499,"['£3.00', '£0.01/kg']",3.0,£0.01/kg
18575,Ben's Original Boil In Bag Wholegrain Rice 4 Pack 500G,https://www.tesco.com/groceries/en-GB/products/309189793,1687618238.908978,"['£3.15', '£6.30/kg']",3.15,£6.30/kg
18576,Kikkoman Soy Sauce Less Salt 150Ml,https://www.tesco.com/groceries/en-GB/products/262284763,1687618238.978123,"['£3.00', '£2.00/100ml']",3.0,£2.00/100ml
18577,Tesco Almonds 250G,https://www.tesco.com/groceries/en-GB/products/271074330,1687618239.059687,"['£2.75', '£11.00/kg']",2.75,£11.00/kg
18578,Filippo Berio Sundried Tomato Pesto 190G,https://www.tesco.com/groceries/en-GB/products/283222342,1687618239.134662,"['£2.80', '£1.47/100g']",2.8,£1.47/100g
18579,Fruit Bowl Unicorn Fruit Flakes 5X18g,https://www.tesco.com/groceries/en-GB/products/304371671,1687618239.208527,"['£2.25', '£2.50/100g']",2.25,£2.50/100g
18580,Schwartz Clasic Bbq Seasoning 44G,https://www.tesco.com/groceries/en-GB/products/254777561,1687618239.281941,"['£2.00', '£45.46/kg']",2.0,£45.46/kg
18582,Wild West Original Beef Jerky 60G,https://www.tesco.com/groceries/en-GB/products/312339923,1687618239.621972,"['£3.00', '£50.00/kg']",3.0,£50.00/kg
18583,Whitworths Protein By Nature Indian Lentil Dhal 250G,https://www.tesco.com/groceries/en-GB/products/307745265,1687618239.696238,"['£2.30', '£9.20/kg']",2.3,£9.20/kg
18584,Tesco Finest Fruit Nut & Seed Muesli 500G,https://www.tesco.com/groceries/en-GB/products/300455544,1687618239.773972,"['£2.80', '£0.56/100g']",2.8,£0.56/100g
18585,Whitworths Protein Mexican Spicy Grains 250G,https://www.tesco.com/groceries/en-GB/products/307757527,1687618239.844277,"['£2.30', '£9.20/kg']",2.3,£9.20/kg
18586,Dr. Oetker Decorating Icing White 50G,https://www.tesco.com/groceries/en-GB/products/307143758,1687618239.9125178,"['£1.60', '£3.20/100g']",1.6,£3.20/100g
18587,Marigold Organic Vegetable Vegan Bouillon Powder 140G,https://www.tesco.com/groceries/en-GB/products/305051236,1687618239.986464,"['£2.50', '£1.79/100g']",2.5,£1.79/100g
18588,Bisto Microwave Ready Gravy Pots 2X100g,https://www.tesco.com/groceries/en-GB/products/307359083,1687618240.055392,"['£2.50', '£1.25/100g']",2.5,£1.25/100g
18589,Black Energy Drink 250Ml,https://www.tesco.com/groceries/en-GB/products/262194368,1687618246.190068,"['£0.75', '£0.30/100ml']",0.75,£0.30/100ml
18590,Wicked Kitchen Late Night Noodles 90G,https://www.tesco.com/groceries/en-GB/products/307349158,1687618246.2792718,"['£1.30', '£14.44/kg']",1.3,£14.44/kg
18591,Cofresh Hot Chilli Potato Crinkles 80G,https://www.tesco.com/groceries/en-GB/products/287593497,1687618246.3613818,"['£0.70', '£0.88/100g']",0.7,£0.88/100g
18592,Tesco Silverskin Pearl Onions 340G,https://www.tesco.com/groceries/en-GB/products/300238364,1687618246.488679,"['£0.90', '£0.44/100g DR.WT']",0.9,£0.44/100g DR.WT
18593,Mazola Pure Corn Oil 1L,https://www.tesco.com/groceries/en-GB/products/261111227,1687618246.5585122,"['£4.00', '£0.40/100ml']",4.0,£0.40/100ml
18594,Biona Organic Kimchi 350G,https://www.tesco.com/groceries/en-GB/products/301957087,1687618246.6602318,"['£4.75', '£2.16/100g DR.WT']",4.75,£2.16/100g DR.WT
18595,Bonne Maman Cherry Compote 385G,https://www.tesco.com/groceries/en-GB/products/302513352,1687618246.749928,"['£3.75', '£0.97/100g']",3.75,£0.97/100g
18596,Mary Berrys Salad Dressing 235Ml,https://www.tesco.com/groceries/en-GB/products/263979084,1687618246.816778,"['£3.45', '£1.47/100ml']",3.45,£1.47/100ml
18597,Filippo Berio Tomato & Ricotta Pesto 190G,https://www.tesco.com/groceries/en-GB/products/312090645,1687618246.8871338,"['£2.80', '£1.47/100g']",2.8,£1.47/100g
18598,Betty Crocker Cream Cheese Icing 400G,https://www.tesco.com/groceries/en-GB/products/288730449,1687618246.954675,"['£3.00', '£0.75/100g']",3.0,£0.75/100g
18599,Gilberts Chopped Liver 450G,https://www.tesco.com/groceries/en-GB/products/256934620,1687618247.045695,"['£6.50', '£1.44/100g']",6.5,£1.44/100g
18600,Old El Paso Mild Smoky Bbq Tortilla Pockets Kit 380G,https://www.tesco.com/groceries/en-GB/products/309166479,1687618247.113931,"['£3.03', '£0.80/100g']",3.03,£0.80/100g
18601,Yutaka Japanese Rice Vinegar 150Ml,https://www.tesco.com/groceries/en-GB/products/309480142,1687618247.193556,"['£2.10', '£1.40/100ml']",2.1,£1.40/100ml
18602,Encona Original Hot Pepper Sauce 285Ml,https://www.tesco.com/groceries/en-GB/products/254851818,1687618247.2627041,"['£2.15', '£0.75/100ml']",2.15,£0.75/100ml
18603,Lindt Classic Recipe Vegan Hazelnut Chocolate 100G,https://www.tesco.com/groceries/en-GB/products/310655816,1687618247.3288078,"['£3.20', '£3.20/100g']",3.2,£3.20/100g
18604,Pizza Express Vegan House Light Dressing 235Ml,https://www.tesco.com/groceries/en-GB/products/303719469,1687618247.418539,"['£2.30', '£0.98/100ml']",2.3,£0.98/100ml
18605,Wicked Kitchen Jackfruit Dhal & Rice 300G,https://www.tesco.com/groceries/en-GB/products/308080093,1687618247.514035,"['£2.30', '£7.67/kg']",2.3,£7.67/kg
18606,Rajah Jeera Ground Cumin 400G,https://www.tesco.com/groceries/en-GB/products/297569500,1687618247.580426,"['£2.00', '£0.05/10g']",2.0,£0.05/10g
18607,Wright's Baking Ginger Cake Mix 500G,https://www.tesco.com/groceries/en-GB/products/304413087,1687618247.652997,"['£2.40', '£4.80/kg']",2.4,£4.80/kg
18608,Tesco Free From 5 Oaty Bakes 150G,https://www.tesco.com/groceries/en-GB/products/308495472,1687618247.728158,"['£2.00', '£1.33/100g']",2.0,£1.33/100g
18609,Tymbark Multifruit Drink 2 Litre,https://www.tesco.com/groceries/en-GB/products/260861417,1687618247.793764,"['£2.55', '£0.13/100ml']",2.55,£0.13/100ml
18610,Prewetts Gluten Free Jammy Wheel 160G,https://www.tesco.com/groceries/en-GB/products/293506933,1687618247.86015,"['£2.00', '£1.25/100g']",2.0,£1.25/100g
18611,Heinz Turkish Style Garlic Sauce 420G,https://www.tesco.com/groceries/en-GB/products/311793535,1687618247.92751,"['£2.50', '£0.60/100g']",2.5,£0.60/100g
18612,Create A Cake Classic Cupcake Cases 50S,https://www.tesco.com/groceries/en-GB/products/305048045,1687618247.997532,"['£1.50', '£0.03/each']",1.5,£0.03/each
18613,Passage To Asia Satay Chicken Stir Fry Sauce 200G,https://www.tesco.com/groceries/en-GB/products/301374091,1687618248.072969,"['£2.30', '£1.15/100g']",2.3,£1.15/100g
18614,Mallow & Marsh Vanilla Marshmallow Milk Chocolate 100G,https://www.tesco.com/groceries/en-GB/products/309494108,1687618248.1414568,"['£2.50', '£2.50/100g']",2.5,£2.50/100g
18615,Graal Mackerel Fillets In Tomato 170G,https://www.tesco.com/groceries/en-GB/products/297490062,1687618248.2154539,"['£1.55', '£0.91/100g']",1.55,£0.91/100g
18616,Tabasco Mild Green Pepper Sauce 57Ml,https://www.tesco.com/groceries/en-GB/products/251310502,1687618248.2837949,"['£1.99', '£3.49/100ml']",1.99,£3.49/100ml
18617,Phd Smart Bar Chocolate Peanut Butter 64G,https://www.tesco.com/groceries/en-GB/products/297813851,1687618248.351011,"['£2.25', '£3.52/100g']",2.25,£3.52/100g
18618,Dr Witt Multivitamins Metabolism Drink 1 Litre,https://www.tesco.com/groceries/en-GB/products/280845706,1687618248.4411678,"['£1.75', '£0.18/100ml']",1.75,£0.18/100ml
18619,Urban Fruit Snack Pack Strawberry 35G,https://www.tesco.com/groceries/en-GB/products/292559860,1687618248.508043,"['£1.10', '£3.14/100g']",1.1,£3.14/100g
18620,Walkers Monster Munch Mega Roast Beef Snack 40G,https://www.tesco.com/groceries/en-GB/products/264443123,1687618248.743774,"['£1.00', '£2.50/100g']",1.0,£2.50/100g
18621,Boromir Buzau Pretzels 250G,https://www.tesco.com/groceries/en-GB/products/282027186,1687618248.8563468,"['£1.70', '£0.68/100g']",1.7,£0.68/100g
18622,Schwartz Spicy Cajun Chicken Mix 30G,https://www.tesco.com/groceries/en-GB/products/301556509,1687618248.92332,"['£0.95', '£3.17/100g']",0.95,£3.17/100g
18623,Cofresh Corn Flake Mix 325G,https://www.tesco.com/groceries/en-GB/products/287549038,1687618249.0112588,"['£1.00', '£0.31/100g']",1.0,£0.31/100g
18624,Milka Bubbly Milk&White 95G,https://www.tesco.com/groceries/en-GB/products/301578079,1687618249.081106,"['£1.20', '£1.26/100g']",1.2,£1.26/100g
18625,Milka Oreo Chocolate Bar 100G,https://www.tesco.com/groceries/en-GB/products/309197472,1687618249.148034,"['£1.20', '£1.20/100g']",1.2,£1.20/100g
18626,Nestle Cerelac Honey & Wheat Baby Food 1Kg,https://www.tesco.com/groceries/en-GB/products/272191886,1687618249.2138722,"['£9.50', '£0.95/100g']",9.5,£0.95/100g
18627,"Linwoods Milled Flax, Nuts & Q10 360G",https://www.tesco.com/groceries/en-GB/products/284459086,1687618249.285455,"['£5.80', '£16.11/kg']",5.8,£16.11/kg
18628,Skinny Brands Lager 4X330ml,https://www.tesco.com/groceries/en-GB/products/297686430,1687618249.373764,"['£5.75', '£4.36/litre']",5.75,£4.36/litre
18629,Tesco Smoky Bbq Fajita Kit 475G,https://www.tesco.com/groceries/en-GB/products/301419729,1687618249.443886,"['£2.60', '£5.47/kg']",2.6,£5.47/kg
18630,Tesco Finest Makhani Curry Sauce 340G,https://www.tesco.com/groceries/en-GB/products/311214116,1687618249.51298,"['£2.50', '£0.74/100g']",2.5,£0.74/100g
18631,Yutaka Natural Sushi Ginger 120G,https://www.tesco.com/groceries/en-GB/products/296869141,1687618249.579805,"['£2.15', '£1.79/100g']",2.15,£1.79/100g
18632,Mentos Gum Pure Fresh Freshmint Bottle 50Pc 100G,https://www.tesco.com/groceries/en-GB/products/285420101,1687618249.651135,"['£2.80', '£2.80/100g']",2.8,£2.80/100g
18633,Sacla Ripened Tomato & Mascarpone Stir In 190G,https://www.tesco.com/groceries/en-GB/products/257153033,1687618249.724055,"['£2.29', '£1.20/100g']",2.29,£1.20/100g
18634,Tahira Hot & Spicy Beef & Chicken Sausages 500G,https://www.tesco.com/groceries/en-GB/products/265496588,1687618249.797586,"['£2.75', '£0.55/100g']",2.75,£0.55/100g
18635,Princes Drained Tuna Steak In Brine 3X60g,https://www.tesco.com/groceries/en-GB/products/310143351,1687618249.871351,"['£2.75', '£1.53/100g']",2.75,£1.53/100g
18636,Encona Carolina Reaper Chilli 142Ml,https://www.tesco.com/groceries/en-GB/products/296231855,1687618249.936099,"['£1.65', '£1.16/100ml']",1.65,£1.16/100ml
18637,John West Honey & Ginger Super Tuna Salad 220G,https://www.tesco.com/groceries/en-GB/products/310695935,1687618257.039202,"['£2.60', '£11.82/kg']",2.6,£11.82/kg
18638,Betty Crocker Rainbow Cookie 495G,https://www.tesco.com/groceries/en-GB/products/307745870,1687618257.115669,"['£3.00', '£6.06/kg']",3.0,£6.06/kg
18639,Canderel Stevia Blend Granules 200G,https://www.tesco.com/groceries/en-GB/products/305435566,1687618257.2103019,"['£3.10', '£15.50/kg']",3.1,£15.50/kg
18640,Tesco Finest Oil Garlic & Chilli For Dipping250ml,https://www.tesco.com/groceries/en-GB/products/279422684,1687618257.302861,"['£4.10', '£1.64/100ml']",4.1,£1.64/100ml
18641,Risotto Gallo Risotto Pronto 4 Cheese 175G,https://www.tesco.com/groceries/en-GB/products/267030100,1687618257.371716,"['£2.65', '£0.02/kg']",2.65,£0.02/kg
18642,Simply Cook Vietnamese Pork Cooking Kit 85G,https://www.tesco.com/groceries/en-GB/products/304390256,1687618257.464232,"['£2.50', '£2.50/each']",2.5,£2.50/each
18643,Wagamama Vegan Katsu Mayonnaise 240G,https://www.tesco.com/groceries/en-GB/products/311221770,1687618257.554086,"['£2.25', '£0.94/100g']",2.25,£0.94/100g
18644,Island Sun Red Kidney Beans 2Kg,https://www.tesco.com/groceries/en-GB/products/266323625,1687618257.625661,"['£3.75', '£1.88/kg']",3.75,£1.88/kg
18645,Milky Way Dairy Free Bar With Popping Candy 85G,https://www.tesco.com/groceries/en-GB/products/310179697,1687618257.693731,"['£2.75', '£3.24/100g']",2.75,£3.24/100g
18646,Moo Free White Cocoa Baking Drops 100G,https://www.tesco.com/groceries/en-GB/products/307140940,1687618257.761549,"['£1.80', '£1.80/100g']",1.8,£1.80/100g
18647,Create A Cake Round Cake Tin Liners 25,https://www.tesco.com/groceries/en-GB/products/309483415,1687618257.856289,"['£2.60', '£0.10/each']",2.6,£0.10/each
18648,Dr Oetker Ground Arrowroot Sachets,https://www.tesco.com/groceries/en-GB/products/275954705,1687618257.931927,"['£1.40', '£29.17/kg']",1.4,£29.17/kg
18649,Tao Kae Noi Tempura Seaweed Spicy Flavoured 40G,https://www.tesco.com/groceries/en-GB/products/281936246,1687618258.008467,"['£1.90', '£4.75/100g']",1.9,£4.75/100g
18650,Tesco Lemongrass Paste 95G,https://www.tesco.com/groceries/en-GB/products/304396716,1687618258.07726,"['£1.50', '£15.79/kg']",1.5,£15.79/kg
18651,Snack A Jacks Salt & Vinegar Rice Cakes 23G,https://www.tesco.com/groceries/en-GB/products/301456904,1687618258.146545,"['£0.95', '£4.13/100g']",0.95,£4.13/100g
18652,E.Wedel Milk Chocolate With Strawberry 100G,https://www.tesco.com/groceries/en-GB/products/262109356,1687618258.263398,"['£1.00', '£1.00/100g']",1.0,£1.00/100g
18653,Schwartz Loaded Fries Texan Bbq Seasoning Mix 20G,https://www.tesco.com/groceries/en-GB/products/308093354,1687618258.3321931,"['£0.95', '£4.75/100g']",0.95,£4.75/100g
18654,Nakd Cocoa Delight 35G,https://www.tesco.com/groceries/en-GB/products/278942260,1687618258.429767,"['£1.00', '£2.86/100g']",1.0,£2.86/100g
18655,Akash Gold Basmati Rice 10Kg,https://www.tesco.com/groceries/en-GB/products/303484907,1687618258.575988,"['£18.50', '£1.85/kg']",18.5,£1.85/kg
18656,Tesco Sandwich Tin 20Cm,https://www.tesco.com/groceries/en-GB/products/309629400,1687618258.6449049,"['£3.00', '£3.00/each']",3.0,£3.00/each
18657,Filippo Berio Chilli Flavoured Olive Oil 250Ml,https://www.tesco.com/groceries/en-GB/products/287129812,1687618258.71347,"['£6.00', '£2.40/100ml']",6.0,£2.40/100ml
18658,Linwoods Shelled Hemp 200G,https://www.tesco.com/groceries/en-GB/products/307145883,1687618258.7860658,"['£5.50', '£27.50/kg']",5.5,£27.50/kg
18659,Filippo Berio Truffle Pesto 190G,https://www.tesco.com/groceries/en-GB/products/311423773,1687618258.853132,"['£4.50', '£2.37/100g']",4.5,£2.37/100g
18660,Tesco Spring Form Cake Tin 23Cm,https://www.tesco.com/groceries/en-GB/products/309629469,1687618258.921748,"['£5.00', '£5.00/each']",5.0,£5.00/each
18661,John West Skinless & Boneless Wild Pink Salmon 3 X 80G,https://www.tesco.com/groceries/en-GB/products/312988874,1687618258.991296,"['£4.25', '£2.53/100g DR.WT']",4.25,£2.53/100g DR.WT
18662,Mazola Rapeseed Oil 1Ltr,https://www.tesco.com/groceries/en-GB/products/297105284,1687618259.063895,"['£4.00', '£0.40/100ml']",4.0,£0.40/100ml
18663,Belazu Sherry Reserva Vinegar 250Ml,https://www.tesco.com/groceries/en-GB/products/311784984,1687618259.1482,"['£4.75', '£1.90/100ml']",4.75,£1.90/100ml
18664,Blue Dragon Sesame Oil 150Ml,https://www.tesco.com/groceries/en-GB/products/257895122,1687618259.222878,"['£2.70', '£1.80/100ml']",2.7,£1.80/100ml
18665,Kikkoman Teriyaki Sauce Sesame 250Ml,https://www.tesco.com/groceries/en-GB/products/303126935,1687618259.293644,"['£3.25', '£1.30/100ml']",3.25,£1.30/100ml
18666,Rude Health Organic Ultimate Granola 400G,https://www.tesco.com/groceries/en-GB/products/311443607,1687618259.3677871,"['£3.50', '£0.88/100g']",3.5,£0.88/100g
18667,Nakd Cocoa Twist Bar 4X30g,https://www.tesco.com/groceries/en-GB/products/297754471,1687618259.5265548,"['£3.00', '£2.50/100g']",3.0,£2.50/100g
18669,Tesco Ready To Roll Coloured Icing Yellow 250G,https://www.tesco.com/groceries/en-GB/products/278584850,1687618259.688649,"['£1.80', '£0.72/100g']",1.8,£0.72/100g
18670,Ben's Plant Powered Chilli Non Carne 285G,https://www.tesco.com/groceries/en-GB/products/311252220,1687618259.763032,"['£2.50', '£8.77/kg']",2.5,£8.77/kg
18671,Sarsons Pickling Malt Vinegar 950Ml,https://www.tesco.com/groceries/en-GB/products/309474927,1687618259.843179,"['£2.00', '£0.21/100ml']",2.0,£0.21/100ml
18672,Kp Salt & Vinegar Peanuts 5X30g,https://www.tesco.com/groceries/en-GB/products/310678835,1687618259.910932,"['£3.25', '£2.17/100g']",3.25,£2.17/100g
18673,Lorenz Crunchips Green Onion 140G,https://www.tesco.com/groceries/en-GB/products/302378148,1687618260.011302,"['£2.00', '£1.43/100g']",2.0,£1.43/100g
18674,Passage To Asia Hoi Sin & Garlic Stir Fry 200G,https://www.tesco.com/groceries/en-GB/products/306927236,1687618260.080983,"['£2.30', '£1.15/100g']",2.3,£1.15/100g
18675,Tesco Focaccia Bread Mix 500G 500G,https://www.tesco.com/groceries/en-GB/products/311276762,1687618260.164306,"['£1.20', '£2.40/kg']",1.2,£2.40/kg
18676,Tesco Chocolate Cupcake Kit 315G,https://www.tesco.com/groceries/en-GB/products/271004685,1687618260.2362711,"['£1.90', '£6.03/kg']",1.9,£6.03/kg
18677,Red's Buffalo Hot Wings Sauce 290G,https://www.tesco.com/groceries/en-GB/products/296186643,1687618260.310421,"['£2.25', '£0.78/100g']",2.25,£0.78/100g
18678,Encona Jamaican Style Jerk Marinade 220Ml,https://www.tesco.com/groceries/en-GB/products/311265700,1687618260.4383738,"['£1.85', '£0.84/100ml']",1.85,£0.84/100ml
18679,Phd Smart Bar Cookies & Cream 64G,https://www.tesco.com/groceries/en-GB/products/299488172,1687618260.597412,"['£2.25', '£3.52/100g']",2.25,£3.52/100g
18680,Duda Mini Tyrolska 300G,https://www.tesco.com/groceries/en-GB/products/304415684,1687618260.6878579,"['£1.75', '£0.58/100g']",1.75,£0.58/100g
18681,Mother Africa Nigerian Palm Oil 2 Litre,https://www.tesco.com/groceries/en-GB/products/272206784,1687618260.755177,"['£5.00', '£0.25/100ml']",5.0,£0.25/100ml
18682,Mieszko Pralines Original Chocolate Truffles With Rum 230G,https://www.tesco.com/groceries/en-GB/products/310674442,1687618260.821877,"['£1.60', '£0.70/100g']",1.6,£0.70/100g
18683,Good4u Protein Salad Topper Garlic & Chilli 125G,https://www.tesco.com/groceries/en-GB/products/302308837,1687618260.8886862,"['£2.00', '£1.60/100g']",2.0,£1.60/100g
18684,Capsicana Latin Tomato & Coconut Fajita Kit 455G,https://www.tesco.com/groceries/en-GB/products/313843543,1687618267.0979881,"['£4.20', '£9.23/kg']",4.2,£9.23/kg
18685,Capsicana Mexican Smoky Chipotle Fajita Kit 455G,https://www.tesco.com/groceries/en-GB/products/313517705,1687618267.202938,"['£4.20', '£9.23/kg']",4.2,£9.23/kg
18686,Capsicana Mexican Chilli & Honey Fajita Kit 455G,https://www.tesco.com/groceries/en-GB/products/313743137,1687618267.297575,"['£4.20', '£9.23/kg']",4.2,£9.23/kg
18687,Tesco Finest Three Cheese Concentrated Sauce 260G,https://www.tesco.com/groceries/en-GB/products/312996207,1687618267.388314,"['£1.75', '£0.67/100g']",1.75,£0.67/100g
18688,Plantastic Creamy Pasta Sauce Tomato & Pepper 350G,https://www.tesco.com/groceries/en-GB/products/313525655,1687618267.455557,"['£2.80', '£0.80/100g']",2.8,£0.80/100g
18689,Plantastic Creamy Pasta Sauce Spicy Cajun 350G,https://www.tesco.com/groceries/en-GB/products/313388237,1687618267.5234601,"['£2.80', '£0.80/100g']",2.8,£0.80/100g
18690,Kit Kat 4 Finger Vegan Chocolate Bar 41.5G,https://www.tesco.com/groceries/en-GB/products/312984193,1687618267.6283112,"['£1.00', '£2.41/100g']",1.0,£2.41/100g
18691,Mcvities Digestives Original Twin Pack 2 X 360G,https://www.tesco.com/groceries/en-GB/products/313848238,1687618267.7512572,"['£2.30', '£3.19/kg']",2.3,£3.19/kg
18692,Ben's Original Spanish Paella Style One Pan Creations 250G,https://www.tesco.com/groceries/en-GB/products/312849481,1687618267.821135,"['£2.00', '£8.00/kg']",2.0,£8.00/kg
18693,Ben's Original One Pan Nasi Goreng Style Rice 250G,https://www.tesco.com/groceries/en-GB/products/312580336,1687618267.911659,"['£2.00', '£8.00/kg']",2.0,£8.00/kg
18694,Ben's Original One Pan Szechuan Fried Rice 250G,https://www.tesco.com/groceries/en-GB/products/312846576,1687618268.0081332,"['£2.00', '£8.00/kg']",2.0,£8.00/kg
18695,Ben's Original One Pan Indian Style Biryani 250G,https://www.tesco.com/groceries/en-GB/products/312346091,1687618268.0993211,"['£2.00', '£8.00/kg']",2.0,£8.00/kg
18696,Mcvitie's Digestive Original 360G,https://www.tesco.com/groceries/en-GB/products/313832055,1687618268.1905038,"['£1.60', '£4.44/kg']",1.6,£4.44/kg
18697,Go Ahead Yogurt Breaks Strawberry 4Pack 142G,https://www.tesco.com/groceries/en-GB/products/313382051,1687618268.267157,"['£1.75', '£12.32/kg']",1.75,£12.32/kg
18698,Go Ahead Yogurt Break Forest Fruit 4 Pack 142G,https://www.tesco.com/groceries/en-GB/products/313842423,1687618268.3602428,"['£1.75', '£12.32/kg']",1.75,£12.32/kg
18699,Popworks Sweet Bbq Popped Crisps 85G,https://www.tesco.com/groceries/en-GB/products/312097471,1687618268.449455,"['£2.25', '£2.65/100g']",2.25,£2.65/100g
18700,Tesco Tomato & Chilli Stir In Sauce 155G,https://www.tesco.com/groceries/en-GB/products/312711718,1687618268.539413,"['£0.95', '£0.61/100g']",0.95,£0.61/100g
18701,Mcvitie's Digestive The Light One 250G,https://www.tesco.com/groceries/en-GB/products/313750952,1687618268.610455,"['£1.50', '£6.00/kg']",1.5,£6.00/kg
18703,Go Ahead Fruit Crispy Slices 4Pack 174G,https://www.tesco.com/groceries/en-GB/products/313848244,1687618268.770891,"['£1.00', '£5.75/kg']",1.0,£5.75/kg
18704,Go Ahead Apple Crispy Fruit Slices 4 Pack 174G,https://www.tesco.com/groceries/en-GB/products/313845987,1687618268.845918,"['£1.00', '£5.75/kg']",1.0,£5.75/kg
18705,Cadbury Twirl Xtra Chocolate Duo Bars 54G,https://www.tesco.com/groceries/en-GB/products/313507268,1687618268.922533,"['£0.90', '£1.67/100g']",0.9,£1.67/100g
18706,Kit Kat Chunky Lotus Biscoff White Chocolate 42G,https://www.tesco.com/groceries/en-GB/products/313733339,1687618269.047311,"['£0.70', '£1.67/100g']",0.7,£1.67/100g
18707,Kit Kat 4 Finger Caramel Milk Chocolate Bar 41.5G,https://www.tesco.com/groceries/en-GB/products/313744332,1687618269.170738,"['£0.70', '£1.69/100g']",0.7,£1.69/100g
18708,Mcvitie's Gold Bar 14 Pack 2X124g,https://www.tesco.com/groceries/en-GB/products/313842233,1687618269.379895,"['£2.30', '£9.27/kg']",2.3,£9.27/kg
18709,Tesco Finest Salted Caramel Truffles 140G,https://www.tesco.com/groceries/en-GB/products/278557727,1687618269.452152,"['£6.75', '£4.82/100g']",6.75,£4.82/100g
18710,Napolina Spaghetti Pasta 1Kg,https://www.tesco.com/groceries/en-GB/products/313368316,1687618269.5582669,"['£2.50', '£2.50/kg']",2.5,£2.50/kg
18711,Polli Garlic Cloves In Oil With Herbs 190G,https://www.tesco.com/groceries/en-GB/products/313625675,1687618269.632915,"['£2.35', '£0.12/10g']",2.35,£0.12/10g
18712,Tesco Finest Marc De Champagne Boxed Truffles 140G,https://www.tesco.com/groceries/en-GB/products/278558029,1687618269.700851,"['£6.75', '£4.82/100g']",6.75,£4.82/100g
18713,Rubies In The Rubble Ketchup 485G,https://www.tesco.com/groceries/en-GB/products/313944887,1687618269.810245,"['£3.20', '£0.66/100g']",3.2,£0.66/100g
18714,Cadbury Dairy Milk Fruitier & Nuttier Orange Trail Mix 100G,https://www.tesco.com/groceries/en-GB/products/313950773,1687618269.8773692,"['£2.50', '£2.50/100g']",2.5,£2.50/100g
18715,Cadbury Dairy Milk Fruitier & Nuttier Trail Mix 100G,https://www.tesco.com/groceries/en-GB/products/314108416,1687618269.950228,"['£2.50', '£2.50/100g']",2.5,£2.50/100g
18716,Cadbury Fruitier & Nuttier Trail Mix 3X35g,https://www.tesco.com/groceries/en-GB/products/313956283,1687618270.023647,"['£2.50', '£2.38/100g']",2.5,£2.38/100g
18717,Tesco Sultanas 1Kg,https://www.tesco.com/groceries/en-GB/products/259169098,1687618270.1027122,"['£2.45', '£2.45/kg']",2.45,£2.45/kg
18718,Capsicana Paprika Brazilian Bbq Wrap Seasoning Mix 28G,https://www.tesco.com/groceries/en-GB/products/313949361,1687618270.1875682,"['£1.35', '£0.48/10g']",1.35,£0.48/10g
18719,Capsicana Mexican Tasty Taco Jalapeno & Spices Seasoning Mix 28G,https://www.tesco.com/groceries/en-GB/products/313967984,1687618270.3100002,"['£1.35', '£0.48/10g']",1.35,£0.48/10g
18720,Capsicana Sizzling Steak Garlic Seasoning Mix Argentinian 28G,https://www.tesco.com/groceries/en-GB/products/313941749,1687618270.4655921,"['£1.35', '£0.48/10g']",1.35,£0.48/10g
18721,Capsicana Mexican Chipotle Fajita Cumin Seasoning Mix 28G,https://www.tesco.com/groceries/en-GB/products/313004736,1687618270.536169,"['£1.35', '£0.48/10g']",1.35,£0.48/10g
18722,Napolina Linguine 500G,https://www.tesco.com/groceries/en-GB/products/312847523,1687618270.6047611,"['£1.50', '£3.00/kg']",1.5,£3.00/kg
18723,Cadbury Curly Wurly 5 Pack 107.5G,https://www.tesco.com/groceries/en-GB/products/311679994,1687618270.678009,"['£1.25', '£1.16/100g']",1.25,£1.16/100g
18724,Mcvities Penguin Original Milk Chocolate Biscuit 7Pk 172.2G,https://www.tesco.com/groceries/en-GB/products/313858261,1687618270.745566,"['£1.50', '£8.71/kg']",1.5,£8.71/kg
18725,Heinz Plant-Based Baked Beanz & Vegan Sausages 415G,https://www.tesco.com/groceries/en-GB/products/313386916,1687618270.812978,"['£2.00', '£0.00/kg']",2.0,£0.00/kg
18726,Cadbury Delights Nougat Salted Caramel Chocolate 5X22g,https://www.tesco.com/groceries/en-GB/products/313616761,1687618270.880061,"['£1.70', '£1.54/100g']",1.7,£1.54/100g
18727,Cadbury Delights Nougat Hazelnut Chocolate 5X22g,https://www.tesco.com/groceries/en-GB/products/313383418,1687618270.9701262,"['£1.70', '£1.54/100g']",1.7,£1.54/100g
18728,Cadbury Delights Soft Nougat Orange & Caramel 5X22g,https://www.tesco.com/groceries/en-GB/products/313621368,1687618271.062036,"['£1.70', '£1.54/100g']",1.7,£1.54/100g
18729,Mcvitie's Gold Biscuit Bars 7 Pack 124G,https://www.tesco.com/groceries/en-GB/products/307155076,1687618271.165007,"['£1.25', '£10.08/kg']",1.25,£10.08/kg
18730,Kit Kat 2 Finger Caramel Chocolate Biscuit Bar 9 X 20.7G,https://www.tesco.com/groceries/en-GB/products/313612120,1687618271.233105,"['£2.00', '£1.07/100g']",2.0,£1.07/100g
18731,Aero Melts Honeycomb 86G,https://www.tesco.com/groceries/en-GB/products/313614538,1687618271.300597,"['£1.35', '£1.57/100g']",1.35,£1.57/100g
18732,Tesco Organic Semi- Skimmed Milk 1.136L/2 Pints,https://www.tesco.com/groceries/en-GB/products/251499710,1687618278.028391,"['£1.65', '£1.45/litre']",1.65,£1.45/litre
18733,Robinsons Double Concentrate No Added Sugar Orange Squash 1.75L,https://www.tesco.com/groceries/en-GB/products/268344846,1687618278.134799,"['£3.50', '£0.20/100ml']",3.5,£0.20/100ml
18734,Tesco Filtered Skimmed Milk 2 Litre,https://www.tesco.com/groceries/en-GB/products/253743128,1687618278.2916422,"['£1.90', '£0.95/litre']",1.9,£0.95/litre
18735,Dr Pepper 2 Litre Bottle,https://www.tesco.com/groceries/en-GB/products/259059292,1687618278.3633568,"['£2.00', '£0.10/100ml']",2.0,£0.10/100ml
18736,Tesco Low Calorie Ginger Ale 1 Litre,https://www.tesco.com/groceries/en-GB/products/254857363,1687618278.4530509,"['£0.75', '£0.08/100ml']",0.75,£0.08/100ml
18737,Maison Castel Cotes Du Rhone Red 75Cl,https://www.tesco.com/groceries/en-GB/products/314308456,1687618278.521888,"['£8.00', '£8.00/75cl']",8.0,£8.00/75cl
18738,Shloer Rose 750Ml,https://www.tesco.com/groceries/en-GB/products/265642636,1687618278.621811,"['£2.65', '£0.35/100ml']",2.65,£0.35/100ml
18739,Tesco Organic Whole Milk 2.272L/4 Pints,https://www.tesco.com/groceries/en-GB/products/251500030,1687618278.717052,"['£2.15', '£0.95/litre']",2.15,£0.95/litre
18740,Ocean Spray Cranbery Classic Juice Drink 1Ltr,https://www.tesco.com/groceries/en-GB/products/254859384,1687618278.7824051,"['£1.75', '£0.18/100ml']",1.75,£0.18/100ml
18741,7Up Zero Lemon & Lime 2L,https://www.tesco.com/groceries/en-GB/products/313840016,1687618278.848514,"['£1.85', '£0.09/100ml']",1.85,£0.09/100ml
18742,Birra Moretti 660Ml,https://www.tesco.com/groceries/en-GB/products/258288808,1687618278.9193861,"['£2.90', '£4.39/litre']",2.9,£4.39/litre
18743,Tesco Cranberry Juice Drink 1L,https://www.tesco.com/groceries/en-GB/products/256095926,1687618279.015339,"['£1.15', '£0.12/100ml']",1.15,£0.12/100ml
18744,Maison Castel Muscadet Sevre Et. Maine 750Ml,https://www.tesco.com/groceries/en-GB/products/313944844,1687618279.10687,"['£8.00', '£8.00/75cl']",8.0,£8.00/75cl
18745,Tesco Lemon & Lime Zero 2L,https://www.tesco.com/groceries/en-GB/products/272043262,1687618279.195667,"['£0.80', '£0.04/100ml']",0.8,£0.04/100ml
18746,Tesco No Added Sugar Cloudy Lemonade 2L Bottle,https://www.tesco.com/groceries/en-GB/products/254857518,1687618279.264496,"['£0.80', '£0.04/100ml']",0.8,£0.04/100ml
18747,Stella Artois Lager 18X440ml,https://www.tesco.com/groceries/en-GB/products/307345928,1687618279.33842,"['£14.99', '£1.89/litre']",14.99,£1.89/litre
18748,Tesco Apple & Elderflower Sparkling Water 1 Litre,https://www.tesco.com/groceries/en-GB/products/284738142,1687618279.4114869,"['£0.70', '£0.07/100ml']",0.7,£0.07/100ml
18749,Bella Cucina Prosecco 75Cl,https://www.tesco.com/groceries/en-GB/products/273782335,1687618279.480285,"['£6.25', '£6.25/75cl']",6.25,£6.25/75cl
18750,Dino Trebbiano Pinot Grigio 75Cl,https://www.tesco.com/groceries/en-GB/products/263641986,1687618279.550432,"['£5.75', '£5.75/75cl']",5.75,£5.75/75cl
18751,Yellow Tail Jammy Red Roo 75Cl,https://www.tesco.com/groceries/en-GB/products/283507008,1687618279.617862,"['£7.25', '£7.25/75cl']",7.25,£7.25/75cl
18752,Tesco Semi Skimmed Longlife Milk 6X1l,https://www.tesco.com/groceries/en-GB/products/255026297,1687618279.686238,"['£5.80', '£0.97/litre']",5.8,£0.97/litre
18753,Barefoot Merlot 75Cl,https://www.tesco.com/groceries/en-GB/products/255417854,1687618279.79812,"['£7.50', '£7.50/75cl']",7.5,£7.50/75cl
18754,Barefoot Pinot Grigio 75Cl,https://www.tesco.com/groceries/en-GB/products/266183202,1687618279.862798,"['£7.50', '£7.50/75cl']",7.5,£7.50/75cl
18755,Highland Spring Still Water 6 X 1.5L,https://www.tesco.com/groceries/en-GB/products/259910442,1687618279.932248,"['£4.00', '£0.04/100ml']",4.0,£0.04/100ml
18756,Cadbury Instant Hot Chocolate Cocoa Powder 400G,https://www.tesco.com/groceries/en-GB/products/254890627,1687618280.0016582,"['£3.00', '£0.75/100g']",3.0,£0.75/100g
18757,The Famous Grouse Scotch Whisky 1 Litre,https://www.tesco.com/groceries/en-GB/products/255247939,1687618280.072716,"['£21.00', '£21.00/litre']",21.0,£21.00/litre
18758,Caparelli Italian Pinot Grigio 75Cl,https://www.tesco.com/groceries/en-GB/products/310188997,1687618280.1620831,"['£4.75', '£4.75/75cl']",4.75,£4.75/75cl
18759,Vimto No Added Sugar Squash 2L,https://www.tesco.com/groceries/en-GB/products/278362600,1687618280.2377632,"['£3.00', '£0.15/100ml']",3.0,£0.15/100ml
18760,Yorkshire 80 Teabags 250G,https://www.tesco.com/groceries/en-GB/products/254888441,1687618280.332288,"['£3.30', '£1.32/100g']",3.3,£1.32/100g
18761,Crofters Apple Cider 5% 2L,https://www.tesco.com/groceries/en-GB/products/268607379,1687618280.504152,"['£2.40', '£1.20/litre']",2.4,£1.20/litre
18762,Schweppes Canada Dry Ginger Ale 1Ltre,https://www.tesco.com/groceries/en-GB/products/257638733,1687618280.573233,"['£1.75', '£0.18/100ml']",1.75,£0.18/100ml
18763,Alpro Almond No Sugars Chilled Drink 1 Litre,https://www.tesco.com/groceries/en-GB/products/275067782,1687618280.639688,"['£2.10', '£2.10/litre']",2.1,£2.10/litre
18764,Tesco Elmhurst English Natural Mineral Sparkling Water 2L,https://www.tesco.com/groceries/en-GB/products/310138847,1687618280.72892,"['£0.80', '£0.04/100ml']",0.8,£0.04/100ml
18765,Tesco Strawberry Still Flavoured Water 1Ltr,https://www.tesco.com/groceries/en-GB/products/277144152,1687618280.833819,"['£0.70', '£0.07/100ml']",0.7,£0.07/100ml
18767,T.Low Calorie Indian Tonic Water With Elderflower 1L,https://www.tesco.com/groceries/en-GB/products/285019721,1687618280.9819012,"['£0.75', '£0.08/100ml']",0.75,£0.08/100ml
18768,Cadbury Fair Trade Hot Chocolate Instant Stickpack 28G,https://www.tesco.com/groceries/en-GB/products/273566344,1687618281.047938,"['£0.30', '£1.07/100g']",0.3,£1.07/100g
18769,Tesco Still Pear & Plum Flavoured Water 1L,https://www.tesco.com/groceries/en-GB/products/301233097,1687618281.1176121,"['£0.70', '£0.07/100ml']",0.7,£0.07/100ml
18770,Vimto No Added Sugar Squash 1 Litre,https://www.tesco.com/groceries/en-GB/products/278362335,1687618281.189564,"['£2.00', '£0.20/100ml']",2.0,£0.20/100ml
18771,Tesco Quadruple Strength Cherries & Berries Squash No Added Sugar 1.5L,https://www.tesco.com/groceries/en-GB/products/310132030,1687618281.270049,"['£1.80', '£0.12/100ml']",1.8,£0.12/100ml
18772,Swizzels Refreshers Lemon No Added Sugar Squash 1L,https://www.tesco.com/groceries/en-GB/products/313378742,1687618281.341515,"['£1.00', '£0.10/100ml']",1.0,£0.10/100ml
18773,Swizzels Squashies No Added Sugar Bubblegum Flavour Squash 1L,https://www.tesco.com/groceries/en-GB/products/313850937,1687618281.410659,"['£1.00', '£0.10/100ml']",1.0,£0.10/100ml
18774,Tesco 100% Squeezed & Pressed Orange & Mango Juice Not From Concentrate 1L,https://www.tesco.com/groceries/en-GB/products/264959141,1687618281.476693,"['£1.70', '£0.17/100ml']",1.7,£0.17/100ml
18775,Tesco No Added Sugar Smooth Cream Soda 2L,https://www.tesco.com/groceries/en-GB/products/268029441,1687618281.547224,"['£0.80', '£0.04/100ml']",0.8,£0.04/100ml
18776,Tesco No Added Sugar Fiery Ginger Beer 2L Bottle,https://www.tesco.com/groceries/en-GB/products/250891080,1687618281.62983,"['£0.80', '£0.04/100ml']",0.8,£0.04/100ml
18777,Tesco No Added Sugar Pink Lemonade 2L,https://www.tesco.com/groceries/en-GB/products/280364555,1687618281.696411,"['£0.80', '£0.04/100ml']",0.8,£0.04/100ml
18779,Growers Harvest Orange Juice With Bits 1L,https://www.tesco.com/groceries/en-GB/products/300474112,1687618281.83025,"['£0.95', '£0.10/100ml']",0.95,£0.10/100ml
18780,Tesco 100% Forest Fruits Juice 1 Litre,https://www.tesco.com/groceries/en-GB/products/293945257,1687618287.691075,"['£1.70', '£0.17/100ml']",1.7,£0.17/100ml
18781,Tesco Green Ginger Wine 70Cl Bottle,https://www.tesco.com/groceries/en-GB/products/255247605,1687618287.7735732,"['£4.00', '£4.29/75cl']",4.0,£4.29/75cl
18782,Bella Cucina Asti Spumante 75Cl,https://www.tesco.com/groceries/en-GB/products/312211826,1687618287.848494,"['£5.75', '£5.75/75cl']",5.75,£5.75/75cl
18783,Tesco Quad Strength Lime Squash No Added Sugar 1.5L,https://www.tesco.com/groceries/en-GB/products/309747719,1687618287.923837,"['£1.80', '£0.12/100ml']",1.8,£0.12/100ml
18784,Badger Fursty Ferret 500Ml,https://www.tesco.com/groceries/en-GB/products/250053638,1687618287.995126,"['£2.00', '£4.00/litre']",2.0,£4.00/litre
18785,Tesco Cream Sherry 1L,https://www.tesco.com/groceries/en-GB/products/255246451,1687618288.097145,"['£7.55', '£5.66/75cl']",7.55,£5.66/75cl
18786,Robinsons Lemon Squash No Added Sugar 1Ltr,https://www.tesco.com/groceries/en-GB/products/258935230,1687618288.1671019,"['£2.00', '£0.20/100ml']",2.0,£0.20/100ml
18787,Tesco Finest Chablis 75Cl,https://www.tesco.com/groceries/en-GB/products/303183780,1687618288.254665,"['£13.50', '£13.50/75cl']",13.5,£13.50/75cl
18788,Stoneleigh Sauvignon Blanc 750Ml,https://www.tesco.com/groceries/en-GB/products/309460667,1687618288.3196979,"['£10.00', '£10.00/75cl']",10.0,£10.00/75cl
18789,Yellow Tail Malbec 75Cl,https://www.tesco.com/groceries/en-GB/products/293736545,1687618288.385813,"['£7.25', '£7.25/75cl']",7.25,£7.25/75cl
18790,Taylors L.B.V. Port 75Cl,https://www.tesco.com/groceries/en-GB/products/257356692,1687618288.454493,"['£16.00', '£16.00/75cl']",16.0,£16.00/75cl
18791,Prestige De Calvet Cotes Du Rhone Villages 75Cl,https://www.tesco.com/groceries/en-GB/products/278418150,1687618288.5228841,"['£7.75', '£7.75/75cl']",7.75,£7.75/75cl
18792,Costa Signature Blend Coffee Beans 200G,https://www.tesco.com/groceries/en-GB/products/301218409,1687618288.5919518,"['£4.00', '£2.00/100g']",4.0,£2.00/100g
18793,Beavertown Neck Oil Session Ipa 4X330ml,https://www.tesco.com/groceries/en-GB/products/308838966,1687618288.668407,"['£8.00', '£6.06/litre']",8.0,£6.06/litre
18794,Kenco Decaff Instant Coffee Refill 150G,https://www.tesco.com/groceries/en-GB/products/282671188,1687618288.742178,"['£4.75', '£3.17/100g']",4.75,£3.17/100g
18795,Fever-Tree Tonic Mediterranean 500Ml,https://www.tesco.com/groceries/en-GB/products/289287413,1687618288.809613,"['£2.10', '£0.42/100ml']",2.1,£0.42/100ml
18796,Asahi Super Dry Lager Beer 500Ml,https://www.tesco.com/groceries/en-GB/products/314947321,1687618288.898251,"['£2.20', '£4.40/litre']",2.2,£4.40/litre
18797,San Pellegrino Sparkling Water 1L,https://www.tesco.com/groceries/en-GB/products/260170549,1687618288.986259,"['£1.60', '£0.16/100ml']",1.6,£0.16/100ml
18798,Nescafe Dolce Gusto Cafe Au Lait Coffee Pods 16 Servings 160G,https://www.tesco.com/groceries/en-GB/products/282108148,1687618289.054765,"['£4.50', '£2.81/100g']",4.5,£2.81/100g
18799,Tropicana Pure Orange & Mango Fruit Juice 1.5L,https://www.tesco.com/groceries/en-GB/products/314299344,1687618289.1809568,"['£4.50', '£0.30/100ml']",4.5,£0.30/100ml
18800,Tropicana Orange Juice With Extra Juicy Bits 1.5L,https://www.tesco.com/groceries/en-GB/products/314430391,1687618289.277091,"['£4.50', '£0.30/100ml']",4.5,£0.30/100ml
18801,Tropicana Smooth Orange Juice 1.5L,https://www.tesco.com/groceries/en-GB/products/313858318,1687618289.366386,"['£4.50', '£0.30/100ml']",4.5,£0.30/100ml
18802,Innocent Kids Smoothie Peach Passion Fruit 4X150ml,https://www.tesco.com/groceries/en-GB/products/305528693,1687618289.4567602,"['£3.60', '£0.60/100ml']",3.6,£0.60/100ml
18803,Heineken 0.0 Alcohol Free Lager 6X330ml,https://www.tesco.com/groceries/en-GB/products/295710175,1687618289.55036,"['£4.45', '£2.25/litre']",4.45,£2.25/litre
18804,Robinsons Fruit & Barley Orange 1Ltr,https://www.tesco.com/groceries/en-GB/products/251563202,1687618289.624437,"['£2.00', '£0.20/100ml']",2.0,£0.20/100ml
18805,Coca Cola Regular 500Ml,https://www.tesco.com/groceries/en-GB/products/258458190,1687618289.692702,"['£1.85', '£0.37/100ml']",1.85,£0.37/100ml
18806,Ribena No Added Sugar Blackcurrant 850Ml,https://www.tesco.com/groceries/en-GB/products/287632688,1687618289.807827,"['£2.00', '£0.24/100ml']",2.0,£0.24/100ml
18807,Stockwell & Co. Sweeteners 850S,https://www.tesco.com/groceries/en-GB/products/301051611,1687618289.875268,"['£0.98', '£0.00/each']",0.98,£0.00/each
18808,Happy Monkey Chocolate Milkshake 3X200ml,https://www.tesco.com/groceries/en-GB/products/282572363,1687618289.943593,"['£1.20', '£0.20/100ml']",1.2,£0.20/100ml
18809,Tesco Quad Strength Apple Squash No Added Sugar 1.5L,https://www.tesco.com/groceries/en-GB/products/310105725,1687618290.009137,"['£1.80', '£0.12/100ml']",1.8,£0.12/100ml
18810,Tesco No Added Sugar Cranberry Raspberry Juice Drink 1 Litre,https://www.tesco.com/groceries/en-GB/products/278082620,1687618290.167692,"['£1.15', '£0.12/100ml']",1.15,£0.12/100ml
18811,Theakston Old Peculier Ale Bottle 500Ml,https://www.tesco.com/groceries/en-GB/products/251113004,1687618290.2592561,"['£2.00', '£4.00/litre']",2.0,£4.00/litre
18812,Taparoo Valley Australian Shiraz 75Cl,https://www.tesco.com/groceries/en-GB/products/309776927,1687618290.353302,"['£4.25', '£4.25/75cl']",4.25,£4.25/75cl
18813,Tesco Water Splash Orange & Pineapple No Added Sugar Water 300Ml,https://www.tesco.com/groceries/en-GB/products/312573086,1687618290.425389,"['£0.45', '£0.15/100ml']",0.45,£0.15/100ml
18814,Kingfisher Premium Lager 650Ml,https://www.tesco.com/groceries/en-GB/products/314428135,1687618290.5171351,"['£2.20', '£3.38/litre']",2.2,£3.38/litre
18815,Moet & Chandon Brut Imperial Non Vintage Champagne 75Cl,https://www.tesco.com/groceries/en-GB/products/255245509,1687618290.606716,"['£43.00', '£43.00/75cl']",43.0,£43.00/75cl
18816,Taylors Decaffeinated Ground Coffee 227G,https://www.tesco.com/groceries/en-GB/products/251786422,1687618290.6742132,"['£4.50', '£1.98/100g']",4.5,£1.98/100g
18817,Apothic Merlot 750Ml,https://www.tesco.com/groceries/en-GB/products/312848194,1687618290.786664,"['£9.50', '£9.50/75cl']",9.5,£9.50/75cl
18818,Fever Tree Light Mediterranean Tonic Water 15X150ml,https://www.tesco.com/groceries/en-GB/products/306930306,1687618290.862484,"['£8.25', '£0.37/100ml']",8.25,£0.37/100ml
18819,Apothic Red 75Cl,https://www.tesco.com/groceries/en-GB/products/278453199,1687618290.9319308,"['£9.50', '£9.50/75cl']",9.5,£9.50/75cl
18820,Fever Tree Light Tonic Water 15X150ml,https://www.tesco.com/groceries/en-GB/products/306934498,1687618290.998719,"['£8.25', '£0.37/100ml']",8.25,£0.37/100ml
18821,Stones Original Green Ginger Wine 70Cl,https://www.tesco.com/groceries/en-GB/products/255247726,1687618291.0660522,"['£6.50', '£6.96/75cl']",6.5,£6.96/75cl
18822,Mcguigan Black Label Chardonnay 75Cl,https://www.tesco.com/groceries/en-GB/products/253238308,1687618291.138589,"['£6.75', '£6.75/75cl']",6.75,£6.75/75cl
18823,Bundaberg Ginger Beer 4 X 375Ml,https://www.tesco.com/groceries/en-GB/products/300063823,1687618291.208441,"['£5.40', '£0.36/100ml']",5.4,£0.36/100ml
18824,Finca Las Moras Malbec 75Cl,https://www.tesco.com/groceries/en-GB/products/293702919,1687618291.297441,"['£6.50', '£6.50/75cl']",6.5,£6.50/75cl
18825,Ovaltine Original Light Add Water 300G,https://www.tesco.com/groceries/en-GB/products/258491362,1687618291.388468,"['£3.85', '£1.28/100g']",3.85,£1.28/100g
18826,Twinings Earl Grey Decaffeinated 40 Tea Bags 100g,https://www.tesco.com/groceries/en-GB/products/313607616,1687618291.4797819,"['£3.59', '£3.59/100g']",3.59,£3.59/100g
18827,Mcguigan Reserve Cabernet Sauvignon 75Cl,https://www.tesco.com/groceries/en-GB/products/274683934,1687618291.556788,"['£7.25', '£7.25/75cl']",7.25,£7.25/75cl
18828,Paulaner Munich Hell Lager 500Ml,https://www.tesco.com/groceries/en-GB/products/260347883,1687618297.850265,"['£2.20', '£4.40/litre']",2.2,£4.40/litre
18829,Volvic Touch Of Fruit Strawberry 1.5Ltr,https://www.tesco.com/groceries/en-GB/products/262074735,1687618297.957087,"['£1.25', '£0.08/100ml']",1.25,£0.08/100ml
18830,Barefoot Pinot Grigio 187Ml,https://www.tesco.com/groceries/en-GB/products/289999757,1687618298.056791,"['£2.25', '£9.02/75cl']",2.25,£9.02/75cl
18831,Tesco Pear Cider 4X440ml,https://www.tesco.com/groceries/en-GB/products/285592017,1687618298.148159,"['£2.40', '£1.36/litre']",2.4,£1.36/litre
18832,Lateral Chilean Cabernet Sauvignon 75Cl,https://www.tesco.com/groceries/en-GB/products/309776697,1687618298.247576,"['£4.39', '£4.39/75cl']",4.39,£4.39/75cl
18833,Lateral Chilean Sauvignon Blanc 75Cl,https://www.tesco.com/groceries/en-GB/products/309762448,1687618298.316351,"['£4.39', '£4.39/75cl']",4.39,£4.39/75cl
18834,Tesco Finest Chateauneuf Du Pape 75Cl,https://www.tesco.com/groceries/en-GB/products/254092414,1687618298.38478,"['£20.00', '£20.00/75cl']",20.0,£20.00/75cl
18835,Yorkshire Teabags 480'S 1.5Kg,https://www.tesco.com/groceries/en-GB/products/274133256,1687618298.45536,"['£12.50', '£0.83/100g']",12.5,£0.83/100g
18836,Innocent Energise Super Smoothie 750Ml,https://www.tesco.com/groceries/en-GB/products/305528318,1687618298.5303512,"['£4.50', '£0.60/100ml']",4.5,£0.60/100ml
18837,Nescafe Dolce Gusto Cappuccino Light Coffee Pods 160G,https://www.tesco.com/groceries/en-GB/products/265313408,1687618298.599895,"['£4.50', '£2.81/100g']",4.5,£2.81/100g
18838,Tesco House Roast & Ground Coffee 227G,https://www.tesco.com/groceries/en-GB/products/299584812,1687618298.694357,"['£2.80', '£1.23/100g']",2.8,£1.23/100g
18839,Tesco Blue Spark 6X250ml,https://www.tesco.com/groceries/en-GB/products/276547834,1687618298.7765691,"['£3.30', '£0.22/100ml']",3.3,£0.22/100ml
18841,Au Vodka Pineapple Crush 330Ml,https://www.tesco.com/groceries/en-GB/products/314436874,1687618298.923059,"['£3.00', '£9.09/litre']",3.0,£9.09/litre
18842,Starbucks Sumatra Coffee Pods 10 Pack 55G,https://www.tesco.com/groceries/en-GB/products/304493139,1687618299.0142221,"['£4.25', '£7.73/100g']",4.25,£7.73/100g
18843,Maison Castel Rose D'anjou 75Cl,https://www.tesco.com/groceries/en-GB/products/314429140,1687618299.081663,"['£9.00', '£9.00/75cl']",9.0,£9.00/75cl
18844,Monster Ultra White Multipack 4 X 500Ml,https://www.tesco.com/groceries/en-GB/products/294085564,1687618299.17346,"['£5.20', '£0.26/100ml']",5.2,£0.26/100ml
18845,Taylors Yorkshire Leaf Tea 250G,https://www.tesco.com/groceries/en-GB/products/250467652,1687618299.284339,"['£3.00', '£1.20/100g']",3.0,£1.20/100g
18846,Tesco Finest Costa Rican Instant Coffee 100G,https://www.tesco.com/groceries/en-GB/products/279429982,1687618299.3541389,"['£3.35', '£3.35/100g']",3.35,£3.35/100g
18847,Birra Moretti Lager 4X330ml,https://www.tesco.com/groceries/en-GB/products/301839383,1687618299.425003,"['£6.50', '£4.92/litre']",6.5,£4.92/litre
18848,Yorkshire Tea Malty Biscuit Brew 40 Tea Bags 112G,https://www.tesco.com/groceries/en-GB/products/302275235,1687618299.5152152,"['£2.40', '£2.14/100g']",2.4,£2.14/100g
18849,San Miguel 4X330ml,https://www.tesco.com/groceries/en-GB/products/258173382,1687618299.586271,"['£5.00', '£3.79/litre']",5.0,£3.79/litre
18850,Cawston Press Brilliant Beetroot Juice 1L,https://www.tesco.com/groceries/en-GB/products/278083043,1687618299.655137,"['£2.90', '£0.29/100ml']",2.9,£0.29/100ml
18851,Kronenbourg 1664 Lager 4 X 568Ml,https://www.tesco.com/groceries/en-GB/products/292606534,1687618299.748458,"['£6.00', '£2.64/litre']",6.0,£2.64/litre
18852,Tropicana Orange & Mango Juice 850Ml,https://www.tesco.com/groceries/en-GB/products/287294655,1687618299.819117,"['£3.25', '£0.38/100ml']",3.25,£0.38/100ml
18853,Alpro This Is Not M*Lk Whole Oat Drink 1 Litre,https://www.tesco.com/groceries/en-GB/products/310656320,1687618299.890528,"['£2.00', '£2.00/litre']",2.0,£2.00/litre
18854,Innocent Kids Apple Juice 4X150ml,https://www.tesco.com/groceries/en-GB/products/305530240,1687618299.960741,"['£3.60', '£0.60/100ml']",3.6,£0.60/100ml
18855,Eisberg Merlot Alcohol Free Wine 75Cl,https://www.tesco.com/groceries/en-GB/products/305972269,1687618300.0584362,"['£3.25', '£3.25/75cl']",3.25,£3.25/75cl
18856,Dr Pepper 500Ml,https://www.tesco.com/groceries/en-GB/products/256867175,1687618300.1301062,"['£1.70', '£0.34/100ml']",1.7,£0.34/100ml
18857,Coke Zero 500 Ml,https://www.tesco.com/groceries/en-GB/products/260506661,1687618300.249971,"['£1.59', '£0.32/100ml']",1.59,£0.32/100ml
18858,Kopparberg Pear Cider 500Ml Bottle,https://www.tesco.com/groceries/en-GB/products/260554787,1687618300.458703,"['£2.30', '£4.60/litre']",2.3,£4.60/litre
18859,The Real Milkshake Company Salted Caramel Flavoured Milk Drink 1L,https://www.tesco.com/groceries/en-GB/products/313860960,1687618300.56504,"['£1.85', '£0.18/100ml']",1.85,£0.18/100ml
18860,The Real Milkshake Company Chocolate Flavoured Milk Drink 1L,https://www.tesco.com/groceries/en-GB/products/314112670,1687618300.662792,"['£1.85', '£0.18/100ml']",1.85,£0.18/100ml
18861,Blossom Hill White Zinfandel 18.7Cl,https://www.tesco.com/groceries/en-GB/products/264624255,1687618300.767018,"['£2.10', '£8.42/75cl']",2.1,£8.42/75cl
18862,Coca Cola Classic 250Ml,https://www.tesco.com/groceries/en-GB/products/297132752,1687618300.865163,"['£1.00', '£0.40/100ml']",1.0,£0.40/100ml
18863,Blossom Hill Crisp & Fruity White 187Ml,https://www.tesco.com/groceries/en-GB/products/251820820,1687618301.0037272,"['£2.10', '£8.42/75cl']",2.1,£8.42/75cl
18864,Tesco Scrumptious Strawberry Smoothie 3X200ml,https://www.tesco.com/groceries/en-GB/products/307155871,1687618301.112215,"['£1.70', '£0.28/100ml']",1.7,£0.28/100ml
18865,Lucozade Alert Tropical Burst 500Ml,https://www.tesco.com/groceries/en-GB/products/310135847,1687618301.1874518,"['£1.55', '£0.31/100ml']",1.55,£0.31/100ml
18866,Fanta Zero Sugar Strawberry & Kiwi Drink 2L,https://www.tesco.com/groceries/en-GB/products/310105593,1687618301.3472052,"['£2.00', '£0.10/100ml']",2.0,£0.10/100ml
18867,Smirnoff Ice 70Cl,https://www.tesco.com/groceries/en-GB/products/255404798,1687618301.5317278,"['£3.00', '£4.29/litre']",3.0,£4.29/litre
18868,Hardys Crest Cabernet Shiraz Merlot 187Ml,https://www.tesco.com/groceries/en-GB/products/305951323,1687618301.603371,"['£2.10', '£8.42/75cl']",2.1,£8.42/75cl
18869,Disaronno Velvet Liqueur 500Ml,https://www.tesco.com/groceries/en-GB/products/305832643,1687618301.69424,"['£16.50', '£33.00/litre']",16.5,£33.00/litre
18870,Taylors Lazy Sunday Coffee Beans 227G,https://www.tesco.com/groceries/en-GB/products/264815317,1687618301.762305,"['£4.50', '£1.98/100g']",4.5,£1.98/100g
18871,Villa Maria Organic Earth Garden Sauvignon Blanc 75Cl,https://www.tesco.com/groceries/en-GB/products/309494609,1687618301.857107,"['£11.50', '£11.50/75cl']",11.5,£11.50/75cl
18873,Pukka Organic 3 Ginger 20 Tea Bags 36G,https://www.tesco.com/groceries/en-GB/products/264766979,1687618302.0002291,"['£4.00', '£11.11/100g']",4.0,£11.11/100g
18874,Barefoot Cabernet Sauvignon 75Cl,https://www.tesco.com/groceries/en-GB/products/277053144,1687618302.069851,"['£7.50', '£7.50/75cl']",7.5,£7.50/75cl
18875,Malibu Strawberry Flavour Rum Liqueur 700Ml,https://www.tesco.com/groceries/en-GB/products/314705562,1687618302.13863,"['£16.00', '£22.86/litre']",16.0,£22.86/litre
18876,Tesco Finest Roast & Ground Coffee Sumatra Java Sumatra227g,https://www.tesco.com/groceries/en-GB/products/278856828,1687618308.093718,"['£3.90', '£1.72/100g']",3.9,£1.72/100g
18877,Cave Des Roches Cotes De Gascogne 75Cl,https://www.tesco.com/groceries/en-GB/products/311433012,1687618308.440825,"['£5.25', '£5.25/75cl']",5.25,£5.25/75cl
18878,Budweiser Budvar Original 6X330ml Cans,https://www.tesco.com/groceries/en-GB/products/300063282,1687618308.5144901,"['£6.75', '£3.41/litre']",6.75,£3.41/litre
18879,Jack Daniels Tennessee Honey 70Cl,https://www.tesco.com/groceries/en-GB/products/274578121,1687618308.585323,"['£26.00', '£37.14/litre']",26.0,£37.14/litre
18880,Tyskie Lager Beer 4 X 500Ml,https://www.tesco.com/groceries/en-GB/products/310167236,1687618308.67854,"['£5.85', '£2.92/litre']",5.85,£2.92/litre
18881,Twinings Strong English Breakfast 80 Tea Bags 250G,https://www.tesco.com/groceries/en-GB/products/257375035,1687618308.7470899,"['£5.30', '£2.12/100g']",5.3,£2.12/100g
18882,Old Mout Cider Pineapple Raspberry 10 X 330Ml,https://www.tesco.com/groceries/en-GB/products/302275949,1687618308.838204,"['£12.00', '£3.64/litre']",12.0,£3.64/litre
18883,Newcastle Brown Ale 4 X 500Ml Cans,https://www.tesco.com/groceries/en-GB/products/257513057,1687618308.92859,"['£6.00', '£3.00/litre']",6.0,£3.00/litre
18884,Vocation Brewery Life&Death Ipa 4X330ml Can,https://www.tesco.com/groceries/en-GB/products/301840870,1687618309.0059662,"['£6.50', '£4.92/litre']",6.5,£4.92/litre
18885,TAYLORS ORGANIC P/MINT 20'S 50G,https://www.tesco.com/groceries/en-GB/products/276616638,1687618309.0730329,"['£3.00', '£6.00/100g']",3.0,£6.00/100g
18886,"Taylors of Harrogate Rose Lemonade Fruit Flavoured infusion, 20 Tea Bags 50g",https://www.tesco.com/groceries/en-GB/products/314426074,1687618309.144188,"['£3.00', '£6.00/100g']",3.0,£6.00/100g
18887,Taylors of Harrogate Sweet Rhubarb Fruit Flavoured infusion 20 Tea bags 50g,https://www.tesco.com/groceries/en-GB/products/314435627,1687618309.212429,"['£3.00', '£6.00/100g']",3.0,£6.00/100g
18888,Innocent Strawberry Pineapple & Apples Smoothie 750Ml,https://www.tesco.com/groceries/en-GB/products/308110449,1687618309.282654,"['£3.50', '£0.47/100ml']",3.5,£0.47/100ml
18889,Prospero Brut Non Vintage 20Cl,https://www.tesco.com/groceries/en-GB/products/297427317,1687618309.350589,"['£3.00', '£11.25/75cl']",3.0,£11.25/75cl
18890,Fanta Zero Sugar Strawberry & Kiwi 8X330ml,https://www.tesco.com/groceries/en-GB/products/310688132,1687618309.439616,"['£3.49', '£0.13/100ml']",3.49,£0.13/100ml
18891,Daura Damm Gluten Free 4 Pack X 330Ml,https://www.tesco.com/groceries/en-GB/products/265970960,1687618309.5088372,"['£6.00', '£4.54/litre']",6.0,£4.54/litre
18893,Innocent Strawberries & Bananas 250Ml,https://www.tesco.com/groceries/en-GB/products/253845148,1687618309.7475488,"['£2.00', '£0.80/100ml']",2.0,£0.80/100ml
18894,Cawston Press Apple & Summer Berries 3X200ml,https://www.tesco.com/groceries/en-GB/products/280485129,1687618309.869596,"['£1.90', '£0.32/100ml']",1.9,£0.32/100ml
18895,Fanta Fruit Twist 500 Ml,https://www.tesco.com/groceries/en-GB/products/253144396,1687618309.936682,"['£1.70', '£0.34/100ml']",1.7,£0.34/100ml
18896,Henry Westons Signature Vintage 6.8% 500Ml,https://www.tesco.com/groceries/en-GB/products/302274017,1687618310.04674,"['£2.30', '£4.60/litre']",2.3,£4.60/litre
18897,Vista Castelli Trebbiano D'abruzzo 75Cl,https://www.tesco.com/groceries/en-GB/products/310101015,1687618310.1346078,"['£4.25', '£4.25/75cl']",4.25,£4.25/75cl
18898,Red Bull Sugar Free Energy Drink 355Ml,https://www.tesco.com/groceries/en-GB/products/263674951,1687618310.204107,"['£1.85', '£0.52/100ml']",1.85,£0.52/100ml
18899,Juice Burst Orange 500Ml,https://www.tesco.com/groceries/en-GB/products/277975101,1687618310.317755,"['£1.50', '£0.30/100ml']",1.5,£0.30/100ml
18900,Alta Veduta Chianti 75Cl,https://www.tesco.com/groceries/en-GB/products/311794131,1687618310.4353228,"['£5.25', '£5.25/75cl']",5.25,£5.25/75cl
18901,Starbucks Mocha Frappuccino 250Ml,https://www.tesco.com/groceries/en-GB/products/312082799,1687618310.506999,"['£2.20', '£0.88/100ml']",2.2,£0.88/100ml
18902,Gordon's Premium Pink Gin & Lemonade 250Ml,https://www.tesco.com/groceries/en-GB/products/312836231,1687618310.683291,"['£2.25', '£9.00/litre']",2.25,£9.00/litre
18903,Kopparberg Mixed Fruit Tropical Cider 500Ml,https://www.tesco.com/groceries/en-GB/products/308085109,1687618310.7774951,"['£2.30', '£4.60/litre']",2.3,£4.60/litre
18904,Captain Morgan Strawberry Dalquiri Cocktail 250Ml,https://www.tesco.com/groceries/en-GB/products/314103963,1687618310.8682969,"['£2.40', '£9.60/litre']",2.4,£9.60/litre
18905,Whitley Neill Raspberry Gin 70Cl,https://www.tesco.com/groceries/en-GB/products/301689536,1687618310.957183,"['£28.00', '£40.00/litre']",28.0,£40.00/litre
18906,Guigal Cotes Du Rhone Red Wine 750Ml,https://www.tesco.com/groceries/en-GB/products/304376844,1687618311.0519109,"['£12.00', '£12.00/75cl']",12.0,£12.00/75cl
18908,Pukka Organic 3 Chamomile 20 Tea Bags 30G,https://www.tesco.com/groceries/en-GB/products/296850583,1687618311.215182,"['£4.00', '£13.33/100g']",4.0,£13.33/100g
18909,Pukka Herbs Herbal Collection 20'S 34.4G,https://www.tesco.com/groceries/en-GB/products/289574085,1687618311.282621,"['£4.00', '£11.63/100g']",4.0,£11.63/100g
18910,Torres Sangre De Toro 75Cl,https://www.tesco.com/groceries/en-GB/products/257204446,1687618311.35791,"['£7.50', '£7.50/75cl']",7.5,£7.50/75cl
18911,Tesco Finest Cream Sherry 37.5Cl,https://www.tesco.com/groceries/en-GB/products/299803802,1687618311.443625,"['£6.50', '£13.00/75cl']",6.5,£13.00/75cl
18912,Lucky Saint 0.5% Alcohol By Volume Unfiltered Lager 4X330ml,https://www.tesco.com/groceries/en-GB/products/311448058,1687618311.510891,"['£6.00', '£4.54/litre']",6.0,£4.54/litre
18913,Kumala Sauvignon Blanc 750Ml,https://www.tesco.com/groceries/en-GB/products/307365835,1687618311.580608,"['£5.50', '£5.50/75cl']",5.5,£5.50/75cl
18914,Carnivor Zinfandel 75Cl,https://www.tesco.com/groceries/en-GB/products/301705812,1687618311.648447,"['£9.00', '£9.00/75cl']",9.0,£9.00/75cl
18915,Cockburns Special Reserve Port 1L,https://www.tesco.com/groceries/en-GB/products/258644067,1687618311.750858,"['£15.50', '£11.62/75cl']",15.5,£11.62/75cl
18916,Innocent Pineapple Banana & Coconut Smoothie 750Ml,https://www.tesco.com/groceries/en-GB/products/270928457,1687618311.839488,"['£3.50', '£0.47/100ml']",3.5,£0.47/100ml
18917,Truvia Sweetener From Stevia Leaf 100 Tablets 5G,https://www.tesco.com/groceries/en-GB/products/278974659,1687618311.906431,"['£2.60', '£520.00/kg']",2.6,£520.00/kg
18918,Belvoir Pink Lady Sparkling Apple Juice 750Ml,https://www.tesco.com/groceries/en-GB/products/307357223,1687618311.972376,"['£3.25', '£0.43/100ml']",3.25,£0.43/100ml
18919,Aqua Carpatica Mineral Water 1L,https://www.tesco.com/groceries/en-GB/products/298163258,1687618312.040829,"['£1.20', '£0.10/100ml']",1.2,£0.10/100ml
18920,Heineken Silver Lager 12 X 330Ml,https://www.tesco.com/groceries/en-GB/products/311251895,1687618312.110223,"['£12.50', '£3.16/litre']",12.5,£3.16/litre
18921,Campaneo Old Vines Tempranillo 75Cl,https://www.tesco.com/groceries/en-GB/products/301691976,1687618312.200814,"['£5.50', '£5.50/75cl']",5.5,£5.50/75cl
18922,Staropramen Lager 6 X 330Ml,https://www.tesco.com/groceries/en-GB/products/308456594,1687618312.269419,"['£6.75', '£3.41/litre']",6.75,£3.41/litre
18923,Diet Coke Sublime Lime 2 Litres,https://www.tesco.com/groceries/en-GB/products/306950046,1687618312.346503,"['£1.99', '£0.10/100ml']",1.99,£0.10/100ml
18924,Tetley Green Tea Mango & Passion Fruit 50 Tea Bags 100G,https://www.tesco.com/groceries/en-GB/products/306659841,1687618317.789527,"['£2.60', '£2.60/100g']",2.6,£2.60/100g
18925,Actiph Alkaline Ionised Water 1 Litre,https://www.tesco.com/groceries/en-GB/products/304783919,1687618317.8876019,"['£2.25', '£0.22/100ml']",2.25,£0.22/100ml
18926,Twinings Pear & Apple Green Tea Tea Bags 20S 40G,https://www.tesco.com/groceries/en-GB/products/250293958,1687618317.967201,"['£2.50', '£6.25/100g']",2.5,£6.25/100g
18927,Tesco Finest Ceylon Teabags 50'S 125G,https://www.tesco.com/groceries/en-GB/products/279322422,1687618318.281301,"['£1.70', '£1.36/100g']",1.7,£1.36/100g
18928,Monster Energy Ultra Fiesta 500Ml,https://www.tesco.com/groceries/en-GB/products/307342223,1687618318.35213,"['£1.70', '£0.34/100ml']",1.7,£0.34/100ml
18929,Innocent Citrus Shield Juice 750Ml,https://www.tesco.com/groceries/en-GB/products/303415144,1687618318.4675741,"['£3.80', '£0.51/100ml']",3.8,£0.51/100ml
18930,Ocean Spray Sparkling Water Cranberry 1 Litre,https://www.tesco.com/groceries/en-GB/products/291106897,1687618318.589371,"['£1.00', '£0.10/100ml']",1.0,£0.10/100ml
18931,Inedit Damm 750Ml,https://www.tesco.com/groceries/en-GB/products/274965204,1687618318.683692,"['£4.00', '£5.33/litre']",4.0,£5.33/litre
18932,Brewdog Mr President Double Ipa 440Ml,https://www.tesco.com/groceries/en-GB/products/309475333,1687618318.776132,"['£4.00', '£9.09/litre']",4.0,£9.09/litre
18933,Tesco Coconut Liqueur 70Cl,https://www.tesco.com/groceries/en-GB/products/293073430,1687618318.8700612,"['£8.00', '£11.43/litre']",8.0,£11.43/litre
18934,Costa Coffee Caramel Swirl 250Ml,https://www.tesco.com/groceries/en-GB/products/311423600,1687618318.939805,"['£1.80', '£0.72/100ml']",1.8,£0.72/100ml
18935,Rubicon Sparklng Passion Juice Drink 2 Litre,https://www.tesco.com/groceries/en-GB/products/275454836,1687618319.0095942,"['£1.80', '£0.09/100ml']",1.8,£0.09/100ml
18936,All Shook Up Mango Margarita Ready To Drink Cocktail 250Ml,https://www.tesco.com/groceries/en-GB/products/311692764,1687618319.077852,"['£1.85', '£7.40/litre']",1.85,£7.40/litre
18937,Sxollie Granny Smith Cider 500Ml,https://www.tesco.com/groceries/en-GB/products/309190531,1687618319.1675498,"['£2.30', '£4.60/litre']",2.3,£4.60/litre
18938,Zlato Valley Merlot 75Cl,https://www.tesco.com/groceries/en-GB/products/310675101,1687618319.2552772,"['£4.75', '£4.75/75cl']",4.75,£4.75/75cl
18939,Bella Cucina Asti Vino Spumante 20Cl,https://www.tesco.com/groceries/en-GB/products/312351677,1687618319.336716,"['£2.60', '£9.75/75cl']",2.6,£9.75/75cl
18940,Whitley Neill Blood Orange Gin 70Cl,https://www.tesco.com/groceries/en-GB/products/303215299,1687618319.425408,"['£28.00', '£40.00/litre']",28.0,£40.00/litre
18941,Tesco Finest Salted Caramel Cream Liqueur 70Cl,https://www.tesco.com/groceries/en-GB/products/280543695,1687618319.49457,"['£13.00', '£18.57/litre']",13.0,£18.57/litre
18942,E&J Brandy 70Cl,https://www.tesco.com/groceries/en-GB/products/284066907,1687618319.598565,"['£17.75', '£25.36/litre']",17.75,£25.36/litre
18943,Glenfiddich 12Yo Malt 70Cl - Fruity,https://www.tesco.com/groceries/en-GB/products/256505345,1687618319.6704488,"['£38.00', '£54.29/litre']",38.0,£54.29/litre
18944,Beavertown Neck Oil Session Ipa 10X330ml,https://www.tesco.com/groceries/en-GB/products/311680104,1687618319.7376409,"['£18.00', '£5.46/litre']",18.0,£5.46/litre
18945,Cali. By Snoop Cali. Red Wine 750Ml,https://www.tesco.com/groceries/en-GB/products/310128024,1687618319.829369,"['£11.00', '£11.00/75cl']",11.0,£11.00/75cl
18946,Gordon's Gin & Tonic 10 X 250Ml,https://www.tesco.com/groceries/en-GB/products/292645880,1687618319.897173,"['£16.00', '£6.40/litre']",16.0,£6.40/litre
18947,Tw Kempton Rhubarb & Ginger Gin Liqueur 50Cl,https://www.tesco.com/groceries/en-GB/products/301969885,1687618319.9660249,"['£9.50', '£19.00/litre']",9.5,£19.00/litre
18948,Opihr Oriental Spiced Gin 70Cl,https://www.tesco.com/groceries/en-GB/products/285353514,1687618320.036258,"['£24.00', '£34.29/litre']",24.0,£34.29/litre
18949,Ara Select Block Sauvignon Blanc 750Ml,https://www.tesco.com/groceries/en-GB/products/306798232,1687618320.128559,"['£10.00', '£10.00/75cl']",10.0,£10.00/75cl
18950,Cafedirect Decaf Machu Picchu Ground Coffee 227G,https://www.tesco.com/groceries/en-GB/products/256836707,1687618320.197664,"['£5.00', '£2.20/100g']",5.0,£2.20/100g
18951,Campo Viejo Winemakers Blend 750Ml,https://www.tesco.com/groceries/en-GB/products/308084739,1687618320.267536,"['£8.00', '£8.00/75cl']",8.0,£8.00/75cl
18952,Tesco Finest Valle De Colchagua Merlot 75Cl,https://www.tesco.com/groceries/en-GB/products/306808942,1687618320.3429089,"['£8.00', '£8.00/75cl']",8.0,£8.00/75cl
18953,Moth Espresso Martini 125Ml,https://www.tesco.com/groceries/en-GB/products/311685836,1687618320.40923,"['£3.90', '£31.20/litre']",3.9,£31.20/litre
18954,Clipper Organic White Tea 40 Bags 70G,https://www.tesco.com/groceries/en-GB/products/306501999,1687618320.588172,"['£2.95', '£4.21/100g']",2.95,£4.21/100g
18955,Fever-Tree Light Sicilian Lemonade 4X250ml,https://www.tesco.com/groceries/en-GB/products/311936546,1687618320.654423,"['£4.00', '£0.40/100ml']",4.0,£0.40/100ml
18956,Strongbow Rose Cider 4 X 440Ml,https://www.tesco.com/groceries/en-GB/products/305729461,1687618320.743552,"['£5.60', '£3.18/litre']",5.6,£3.18/litre
18957,Barrys Tea Gold Blend Teabags 80S 250G,https://www.tesco.com/groceries/en-GB/products/273949387,1687618320.809404,"['£3.50', '£1.40/100g']",3.5,£1.40/100g
18958,Crusha Chocolate No Added Sugar 500Ml,https://www.tesco.com/groceries/en-GB/products/289725679,1687618320.8738282,"['£1.95', '£0.39/100ml']",1.95,£0.39/100ml
18959,White Claw Hard Seltzer Raspberry 330Ml,https://www.tesco.com/groceries/en-GB/products/306815121,1687618320.939979,"['£2.20', '£6.67/litre']",2.2,£6.67/litre
18960,Vineyards Peach Bellini 75Cl,https://www.tesco.com/groceries/en-GB/products/301744955,1687618321.043892,"['£3.15', '£3.15/75cl']",3.15,£3.15/75cl
18961,Innocent Wonder Green Juice 750Ml,https://www.tesco.com/groceries/en-GB/products/303415167,1687618321.121829,"['£3.80', '£0.51/100ml']",3.8,£0.51/100ml
18962,Innocent Bolt From Blue Juice 330Ml,https://www.tesco.com/groceries/en-GB/products/303415109,1687618321.21249,"['£2.15', '£0.65/100ml']",2.15,£0.65/100ml
18963,Tesco Finest Santo Domingo Drinking Chocolate 250G,https://www.tesco.com/groceries/en-GB/products/300400500,1687618321.32575,"['£2.35', '£0.94/100g']",2.35,£0.94/100g
18964,Naked Green Machine Apple Banana Smoothie 300Ml,https://www.tesco.com/groceries/en-GB/products/309749321,1687618321.393597,"['£2.60', '£0.87/100ml']",2.6,£0.87/100ml
18965,Rubicon Sparkling Mango Juice Drink 2Ltr,https://www.tesco.com/groceries/en-GB/products/275290355,1687618321.518935,"['£1.80', '£0.09/100ml']",1.8,£0.09/100ml
18966,Rubicon Deluxe Mango 1L,https://www.tesco.com/groceries/en-GB/products/300457087,1687618321.58462,"['£1.90', '£0.19/100ml']",1.9,£0.19/100ml
18967,San Pellegrino Sparkling Orange Drink 330Ml,https://www.tesco.com/groceries/en-GB/products/310113018,1687618321.650688,"['£1.25', '£0.38/100ml']",1.25,£0.38/100ml
18968,Funkin Nitro Cocktails Peach On Beach 200Ml,https://www.tesco.com/groceries/en-GB/products/311260642,1687618321.811692,"['£2.25', '£11.25/litre']",2.25,£11.25/litre
18969,Sma Little Steps Plantygrow Drink 1-3 Years 200Ml,https://www.tesco.com/groceries/en-GB/products/312098412,1687618321.9135349,"['£0.85', '£4.25/litre']",0.85,£4.25/litre
18970,Brew Dog Elvis Juice Grapefruit Ipa 4X330ml,https://www.tesco.com/groceries/en-GB/products/294127619,1687618322.009043,"['£6.00', '£4.54/litre']",6.0,£4.54/litre
18971,Hendrick's Gin 70Cl,https://www.tesco.com/groceries/en-GB/products/260479006,1687618322.104819,"['£30.00', '£42.86/litre']",30.0,£42.86/litre
18972,Kanonkop Kadette Cape Blend 750Ml,https://www.tesco.com/groceries/en-GB/products/306653605,1687618328.366389,"['£12.00', '£12.00/75cl']",12.0,£12.00/75cl
18973,Tesco Italian Inspired Espresso Coffee Beans 1Kg,https://www.tesco.com/groceries/en-GB/products/311941793,1687618328.461327,"['£9.45', '£0.94/100g']",9.45,£0.94/100g
18974,Twinings Green Tea Blend Teabag 80'S 250G,https://www.tesco.com/groceries/en-GB/products/252231012,1687618328.5310762,"['£4.50', '£1.80/100g']",4.5,£1.80/100g
18975,Beefeater Dry London Gin 70Cl Bottle,https://www.tesco.com/groceries/en-GB/products/256537013,1687618328.600847,"['£16.50', '£23.57/litre']",16.5,£23.57/litre
18976,Tesco Finest Western Australian Sauvignon Semillon 75Cl,https://www.tesco.com/groceries/en-GB/products/306825921,1687618328.6901581,"['£8.00', '£8.00/75cl']",8.0,£8.00/75cl
18978,Piper Heidsieck Champagne Rose Sauvage 750Ml,https://www.tesco.com/groceries/en-GB/products/311937476,1687618328.886404,"['£48.00', '£48.00/75cl']",48.0,£48.00/75cl
18981,Tesco Finest Assams 100 Teabags 250G,https://www.tesco.com/groceries/en-GB/products/279322232,1687618329.1872482,"['£2.60', '£1.04/100g']",2.6,£1.04/100g
18982,White Claw Hard Seltzer Mango 330Ml,https://www.tesco.com/groceries/en-GB/products/307758313,1687618329.258792,"['£2.20', '£6.67/litre']",2.2,£6.67/litre
18983,Purdey's Refocus Natural Energy Dark Fruit Drink 330Ml,https://www.tesco.com/groceries/en-GB/products/308473544,1687618329.349113,"['£1.50', '£0.46/100ml']",1.5,£0.46/100ml
18984,Glenfiddich Mix Pack 3X5cl,https://www.tesco.com/groceries/en-GB/products/295746410,1687618329.4617238,"['£14.00', '£93.33/litre']",14.0,£93.33/litre
18985,Tesco Finest Vanilla Chai 50 Tea Bags 125G,https://www.tesco.com/groceries/en-GB/products/279343685,1687618329.550174,"['£1.70', '£1.36/100g']",1.7,£1.36/100g
18986,Don Simon Orange Juicy Bits 1L,https://www.tesco.com/groceries/en-GB/products/312851546,1687618329.618075,"['£2.00', '£0.20/100ml']",2.0,£0.20/100ml
18987,Vault City Triple Fruited Mango Sour Beer 440Ml,https://www.tesco.com/groceries/en-GB/products/310662905,1687618329.688257,"['£3.50', '£7.96/litre']",3.5,£7.96/litre
18988,Freestar 0.5% Craft Beer 330Ml,https://www.tesco.com/groceries/en-GB/products/312708395,1687618329.81082,"['£1.80', '£5.46/litre']",1.8,£5.46/litre
18989,Caparelli Italian Blush 187Ml,https://www.tesco.com/groceries/en-GB/products/311789267,1687618329.878135,"['£2.00', '£8.02/75cl']",2.0,£8.02/75cl
18990,Starbucks Coconut Cappuccino 250Ml,https://www.tesco.com/groceries/en-GB/products/311790817,1687618329.979108,"['£2.10', '£0.96/100ml']",2.1,£0.96/100ml
18991,Whitley Neill Pineapple Gin 70Cl,https://www.tesco.com/groceries/en-GB/products/311795389,1687618330.0700538,"['£28.00', '£40.00/litre']",28.0,£40.00/litre
18992,Bumbu Rum 70Cl,https://www.tesco.com/groceries/en-GB/products/306945047,1687618330.137161,"['£35.00', '£50.00/litre']",35.0,£50.00/litre
18993,Lofbergs Brazil Medium Roast Coffee Beans 1Kg,https://www.tesco.com/groceries/en-GB/products/311435586,1687618330.2040598,"['£10.50', '£1.05/100g']",10.5,£1.05/100g
18994,Jameson Black Barrel 70Cl,https://www.tesco.com/groceries/en-GB/products/272228286,1687618330.2746398,"['£37.00', '£52.86/litre']",37.0,£52.86/litre
18995,Jura 10 Year Old Malt Whisky 70Cl - Spicy,https://www.tesco.com/groceries/en-GB/products/299335273,1687618330.364683,"['£39.00', '£55.71/litre']",39.0,£55.71/litre
18996,Tesco Vsop Cognac 70Cl,https://www.tesco.com/groceries/en-GB/products/260864116,1687618330.460047,"['£23.00', '£32.86/litre']",23.0,£32.86/litre
18997,Red Leg Spiced Rum 70Cl,https://www.tesco.com/groceries/en-GB/products/290239361,1687618330.527113,"['£21.00', '£30.00/litre']",21.0,£30.00/litre
18998,Grahams Quinta Dos Malvedos Port 75Cl,https://www.tesco.com/groceries/en-GB/products/297419680,1687618330.595739,"['£29.00', '£29.00/75cl']",29.0,£29.00/75cl
18999,Courvoisier V.S. Cognac 1 Litre,https://www.tesco.com/groceries/en-GB/products/250613779,1687618330.748034,"['£39.00', '£39.00/litre']",39.0,£39.00/litre
19000,Birra Moretti Premium Lager 18X330ml,https://www.tesco.com/groceries/en-GB/products/308083366,1687618330.841821,"['£23.00', '£3.87/litre']",23.0,£3.87/litre
19001,Gordon Ramsay Intenso Rosso 750Ml,https://www.tesco.com/groceries/en-GB/products/309749119,1687618330.9105868,"['£10.00', '£10.00/75cl']",10.0,£10.00/75cl
19002,Don Carlo Nero D'avola 750Ml,https://www.tesco.com/groceries/en-GB/products/310672605,1687618330.977946,"['£10.00', '£10.00/75cl']",10.0,£10.00/75cl
19003,Dv Catena Chardonnay Historico 750Ml,https://www.tesco.com/groceries/en-GB/products/306933931,1687618331.043892,"['£12.00', '£12.00/75cl']",12.0,£12.00/75cl
19004,1000 Stories Chardonnay 75Cl,https://www.tesco.com/groceries/en-GB/products/308457339,1687618331.110757,"['£15.00', '£15.00/75cl']",15.0,£15.00/75cl
19005,Zuccardi Serie A Malbec 75Cl,https://www.tesco.com/groceries/en-GB/products/310160635,1687618331.177463,"['£14.00', '£14.00/75cl']",14.0,£14.00/75cl
19006,Laphroaig Single Malt Whisky 10Yr 70Cl - Smoky,https://www.tesco.com/groceries/en-GB/products/256706597,1687618331.2446249,"['£38.00', '£54.29/litre']",38.0,£54.29/litre
19007,Vasse Felix Classic Shiraz 750Ml,https://www.tesco.com/groceries/en-GB/products/306804641,1687618331.348525,"['£12.00', '£12.00/75cl']",12.0,£12.00/75cl
19008,Planeta L Amistanza Fiano 75Cl,https://www.tesco.com/groceries/en-GB/products/309485966,1687618331.454793,"['£10.00', '£10.00/75cl']",10.0,£10.00/75cl
19009,Pure Via 100% Erythritol Nature Sweet 250G,https://www.tesco.com/groceries/en-GB/products/305438459,1687618331.541963,"['£3.35', '£13.40/kg']",3.35,£13.40/kg
19010,Gerard Bertrand Cote Des Roses 75Cl,https://www.tesco.com/groceries/en-GB/products/312363784,1687618331.618706,"['£11.00', '£11.00/75cl']",11.0,£11.00/75cl
19012,Dash Mango Infused Sparkling Water 4X330ml,https://www.tesco.com/groceries/en-GB/products/312235631,1687618331.8264089,"['£4.00', '£0.30/100ml']",4.0,£0.30/100ml
19013,Belvoir Farm Botanical Soda Floral Fizz 500Ml,https://www.tesco.com/groceries/en-GB/products/312097972,1687618331.922017,"['£2.25', '£0.45/100ml']",2.25,£0.45/100ml
19014,Pink Gin 5Cl & Scented Candle Gift Set,https://www.tesco.com/groceries/en-GB/products/312369213,1687618331.9955258,"['£5.00', '£5.00/each']",5.0,£5.00/each
19015,Red Bull Sugar Free The Red Edition Watermelon 355Ml,https://www.tesco.com/groceries/en-GB/products/310161717,1687618332.067616,"['£1.85', '£0.52/100ml']",1.85,£0.52/100ml
19016,Monster Energy Juiced Monarch 500Ml,https://www.tesco.com/groceries/en-GB/products/310675343,1687618332.191227,"['£1.80', '£0.36/100ml']",1.8,£0.36/100ml
19017,Lucozade Sport Orange 750Ml,https://www.tesco.com/groceries/en-GB/products/302012236,1687618332.322078,"['£1.25', '£0.17/100ml']",1.25,£0.17/100ml
19018,Monster Pipeline Punch 500Ml,https://www.tesco.com/groceries/en-GB/products/303068047,1687618332.430996,"['£1.80', '£0.36/100ml']",1.8,£0.36/100ml
19019,Vocation Aoraki Dipa 440Ml,https://www.tesco.com/groceries/en-GB/products/311788029,1687618332.7558348,"['£3.75', '£8.52/litre']",3.75,£8.52/litre
19020,Britvic J20 Apple & Mango 4 X 275 Ml,https://www.tesco.com/groceries/en-GB/products/253513985,1687618338.5230038,"['£4.50', '£0.41/100ml']",4.5,£0.41/100ml
19021,J20 Summer Shine Pear & Guava 4 X 275Ml,https://www.tesco.com/groceries/en-GB/products/313388396,1687618338.625579,"['£4.50', '£0.41/100ml']",4.5,£0.41/100ml
19022,Tropicana Tropical Fruit Juice 1.5L,https://www.tesco.com/groceries/en-GB/products/313733345,1687618338.720982,"['£4.50', '£0.30/100ml']",4.5,£0.30/100ml
19023,Britvic J2o Apple & Raspberry Fruit 4 X 275Ml,https://www.tesco.com/groceries/en-GB/products/258511568,1687618338.8131258,"['£4.50', '£0.41/100ml']",4.5,£0.41/100ml
19024,Britvic J2o Orange & Passion Fruit 4 X 275 Ml,https://www.tesco.com/groceries/en-GB/products/253512404,1687618338.9045582,"['£4.50', '£0.41/100ml']",4.5,£0.41/100ml
19026,Strongbow Cider Tropical 4 X 440Ml,https://www.tesco.com/groceries/en-GB/products/313849180,1687618339.136013,"['£5.60', '£3.18/litre']",5.6,£3.18/litre
19027,J2o Apple & Raspberry 4X250ml,https://www.tesco.com/groceries/en-GB/products/298040127,1687618339.2053802,"['£2.65', '£0.26/100ml']",2.65,£0.26/100ml
19028,J2o Orange & Passion Fruit 250Mlx4,https://www.tesco.com/groceries/en-GB/products/298040140,1687618339.278063,"['£2.65', '£0.26/100ml']",2.65,£0.26/100ml
19029,Brewdog Arcade Made Ddh Ipa 440 Ml,https://www.tesco.com/groceries/en-GB/products/313617316,1687618339.3473752,"['£4.00', '£9.09/litre']",4.0,£9.09/litre
19030,Brewdog Palm Beach Pina Colada Ipa 440Ml,https://www.tesco.com/groceries/en-GB/products/313368702,1687618339.4438,"['£3.50', '£7.96/litre']",3.5,£7.96/litre
19031,Brewdog Planet Pale Ale 440Ml,https://www.tesco.com/groceries/en-GB/products/309483692,1687618339.533646,"['£2.75', '£6.25/litre']",2.75,£6.25/litre
19032,Brothers Raspberry Ripple English Cider 500Ml,https://www.tesco.com/groceries/en-GB/products/313849341,1687618339.624521,"['£2.45', '£4.90/litre']",2.45,£4.90/litre
19033,Brewdog Elvis Juice Ipa 440Ml,https://www.tesco.com/groceries/en-GB/products/310674027,1687618339.715807,"['£2.75', '£6.25/litre']",2.75,£6.25/litre
19034,Brewdog Punk Ipa Beer 440Ml,https://www.tesco.com/groceries/en-GB/products/308107419,1687618339.806297,"['£2.25', '£5.11/litre']",2.25,£5.11/litre
19035,Strongbow Tropical Cider 500Ml,https://www.tesco.com/groceries/en-GB/products/313622252,1687618339.897572,"['£2.30', '£4.60/litre']",2.3,£4.60/litre
19036,Northern Monk Faith In Futures Ddh Ipa 440Ml,https://www.tesco.com/groceries/en-GB/products/313756911,1687618339.994886,"['£3.50', '£7.96/litre']",3.5,£7.96/litre
19037,Northern Monk Heretic Hazy Ipa 440Ml,https://www.tesco.com/groceries/en-GB/products/313168985,1687618340.087924,"['£3.50', '£7.96/litre']",3.5,£7.96/litre
19038,Kopparberg Ginger Beer Orange 500Ml,https://www.tesco.com/groceries/en-GB/products/313833152,1687618340.1760561,"['£2.30', '£4.60/litre']",2.3,£4.60/litre
19039,Kopparberg Summer Punch 500Ml,https://www.tesco.com/groceries/en-GB/products/313503658,1687618340.2649379,"['£2.30', '£4.60/litre']",2.3,£4.60/litre
19040,Old Mout Cider Berries & Cherries 500Ml,https://www.tesco.com/groceries/en-GB/products/283274639,1687618340.36046,"['£2.45', '£4.90/litre']",2.45,£4.90/litre
19041,Ciroc Red Berry Vodka 70Cl,https://www.tesco.com/groceries/en-GB/products/282243223,1687618340.467167,"['£40.00', '£57.14/litre']",40.0,£57.14/litre
19042,Monster Energy Ultra 9 X 500Ml,https://www.tesco.com/groceries/en-GB/products/313610787,1687618340.5404081,"['£10.00', '£0.22/100ml']",10.0,£0.22/100ml
19043,Monster Energy Ultra Fiesta Zero Sugar Mango 9X500ml,https://www.tesco.com/groceries/en-GB/products/313624647,1687618340.616519,"['£10.00', '£0.22/100ml']",10.0,£0.22/100ml
19045,Moth Margarita Cocktails 6 X 125Ml,https://www.tesco.com/groceries/en-GB/products/314686583,1687618340.770769,"['£20.00', '£26.67/litre']",20.0,£26.67/litre
19046,Tails Cocktails Raspberry Cosmo Pre-Mixed 500Ml,https://www.tesco.com/groceries/en-GB/products/313958747,1687618340.8457751,"['£15.00', '£30.00/litre']",15.0,£30.00/litre
19047,Pepsi Max No Sugar Mango 24 X 330Ml,https://www.tesco.com/groceries/en-GB/products/313509934,1687618340.9227362,"['£10.00', '£0.13/100ml']",10.0,£0.13/100ml
19048,Twinings Earl Grey 80 Teabags 200G,https://www.tesco.com/groceries/en-GB/products/313600042,1687618341.080674,"['£5.75', '£2.88/100g']",5.75,£2.88/100g
19049,Tassimo Costa Vanilla Latte Coffee Pods X6 203.4G,https://www.tesco.com/groceries/en-GB/products/309188431,1687618341.186369,"['£4.80', '£2.36/100g']",4.8,£2.36/100g
19050,Cafepod Craft Coffee Brunch Blend 10 Pack 55G,https://www.tesco.com/groceries/en-GB/products/306655632,1687618341.267555,"['£3.80', '£6.91/100g']",3.8,£6.91/100g
19051,Cafepod Supercharger 10 Pack 55G,https://www.tesco.com/groceries/en-GB/products/296582001,1687618341.3662028,"['£3.80', '£6.91/100g']",3.8,£6.91/100g
19052,Perfect Ted Green Tea Apple & Raspberry 4X250ml,https://www.tesco.com/groceries/en-GB/products/314318297,1687618341.4622898,"['£6.00', '£0.60/100ml']",6.0,£0.60/100ml
19053,Perfect Ted Green Tea Pineapple Yuzu 4X250ml,https://www.tesco.com/groceries/en-GB/products/313953234,1687618341.539513,"['£6.00', '£0.60/100ml']",6.0,£0.60/100ml
19054,Twinings Lady Grey Tea Bags X80 200G,https://www.tesco.com/groceries/en-GB/products/313512906,1687618341.621022,"['£5.75', '£2.88/100g']",5.75,£2.88/100g
19055,Tesco Finest 10 Vanilla Flavour Coffee Capsules 54G,https://www.tesco.com/groceries/en-GB/products/313734396,1687618341.73398,"['£2.90', '£5.37/100g']",2.9,£5.37/100g
19056,Tesco Finest 10 Hazelnut Flavour Coffee Capsules 54G,https://www.tesco.com/groceries/en-GB/products/313746595,1687618341.846285,"['£2.90', '£5.37/100g']",2.9,£5.37/100g
19057,Marston's Classic Beer Mixed Ale 6X500ml,https://www.tesco.com/groceries/en-GB/products/313850807,1687618341.991657,"['£9.75', '£3.25/litre']",9.75,£3.25/litre
19058,Starbucks Colombia Coffee Pods 10 Pack 57G,https://www.tesco.com/groceries/en-GB/products/304493739,1687618342.091726,"['£4.25', '£7.46/100g']",4.25,£7.46/100g
19059,Stowford Press Apple Cider Low Alcohol 4X330ml,https://www.tesco.com/groceries/en-GB/products/313750232,1687618342.1645482,"['£3.50', '£2.65/litre']",3.5,£2.65/litre
19060,Rokit Immunity Boost Coffee 10 Pods 56G,https://www.tesco.com/groceries/en-GB/products/313847412,1687618342.231018,"['£4.00', '£7.14/100g']",4.0,£7.14/100g
19062,taylors earl grey 50 t/bags 125g,https://www.tesco.com/groceries/en-GB/products/276615956,1687618342.390857,"['£2.79', '£2.23/100g']",2.79,£2.23/100g
19063,Tea India Masala Chai 40S 100G,https://www.tesco.com/groceries/en-GB/products/275289029,1687618342.464708,"['£2.80', '£2.80/100g']",2.8,£2.80/100g
19065,Rokit 10 Pods Mind Boost Coffee 56G,https://www.tesco.com/groceries/en-GB/products/313184927,1687618342.613777,"['£4.00', '£7.14/100g']",4.0,£7.14/100g
19066,Tea India - Ginger Chai 40's 100g,https://www.tesco.com/groceries/en-GB/products/314586047,1687618342.7048771,"['£2.80', '£2.80/100g']",2.8,£2.80/100g
19067,Lucozade Sport Zero Sugar Raspberry & Passion Fruit 4X500ml,https://www.tesco.com/groceries/en-GB/products/313943471,1687618342.77328,"['£3.50', '£0.18/100ml']",3.5,£0.18/100ml
19068,Dettol Multi Purpose Citrus Wipes 105S,https://www.tesco.com/groceries/en-GB/products/304386135,1687618351.001375,"['£3.50', '£3.33/100sht']",3.5,£3.33/100sht
19069,Febreze 3Volution Refill Orange & Cinnamon 20Ml,https://www.tesco.com/groceries/en-GB/products/312223772,1687618351.0802538,"['£4.00', '£200.00/litre']",4.0,£200.00/litre
19070,Tesco Golden Topaz Fragrance Booster 275G,https://www.tesco.com/groceries/en-GB/products/295098524,1687618351.1734478,"['£3.00', '£10.91/kg']",3.0,£10.91/kg
19071,Tesco Dishwashing Rubber Gloves Large,https://www.tesco.com/groceries/en-GB/products/250366823,1687618351.2441962,"['£1.35', '£1.35/Pair']",1.35,£1.35/Pair
19072,Tesco Pan Scourers 5 Pack,https://www.tesco.com/groceries/en-GB/products/267362830,1687618351.3127282,"['£1.40', '£0.28/each']",1.4,£0.28/each
19073,Tesco Microfibre Cloth 4 Pack,https://www.tesco.com/groceries/en-GB/products/294643280,1687618351.3875,"['£2.00', '£0.50/each']",2.0,£0.50/each
19074,Duck Fresh Disc Holder Lime,https://www.tesco.com/groceries/en-GB/products/299160231,1687618351.4640021,"['£3.00', '£83.33/litre']",3.0,£83.33/litre
19075,Cif Citrus Bathroom Mousse 500Ml,https://www.tesco.com/groceries/en-GB/products/254870346,1687618351.530932,"['£3.00', '£6.00/litre']",3.0,£6.00/litre
19076,Tesco Fabric Conditioner Pink Diamond 1.26L 42Washes,https://www.tesco.com/groceries/en-GB/products/297472913,1687618351.600348,"['£2.15', '£1.71/litre']",2.15,£1.71/litre
19077,Dettol Big & Strong Kitchen Wipes 25S,https://www.tesco.com/groceries/en-GB/products/299258940,1687618351.668191,"['£3.00', '£12.00/100sht']",3.0,£12.00/100sht
19078,Lenor Outdoorable Pink Blossom Fabric Conditioner 55W 770Ml,https://www.tesco.com/groceries/en-GB/products/312587542,1687618351.7648242,"['£3.50', '£4.54/litre']",3.5,£4.54/litre
19079,Tesco Twin Pack Sponge Bathroom Cleaner,https://www.tesco.com/groceries/en-GB/products/258237209,1687618351.855488,"['£1.15', '£0.58/each']",1.15,£0.58/each
19080,Mr Muscle Platinum Window & Glass 500Ml,https://www.tesco.com/groceries/en-GB/products/313755077,1687618351.962954,"['£1.89', '£3.78/litre']",1.89,£3.78/litre
19081,Fabreze Antibacterial Fabric Refresher Spray Fresh Linen 375Ml,https://www.tesco.com/groceries/en-GB/products/311432785,1687618352.035669,"['£2.50', '£6.67/litre']",2.5,£6.67/litre
19082,Lenor In-Wash Scent Booster Spring Awakening 176G,https://www.tesco.com/groceries/en-GB/products/312558637,1687618352.104506,"['£3.00', '£17.04/kg']",3.0,£17.04/kg
19083,Lenor In-Wash Scent Booster Pink Tulips 176G,https://www.tesco.com/groceries/en-GB/products/314301982,1687618352.172477,"['£3.00', '£17.04/kg']",3.0,£17.04/kg
19084,Flash Kitchen Cleaning Spray Citrus 800Ml,https://www.tesco.com/groceries/en-GB/products/312581370,1687618352.2451258,"['£2.49', '£3.11/litre']",2.49,£3.11/litre
19085,Zoflora Linen Fresh Concentrated Disinfectant 120Ml,https://www.tesco.com/groceries/en-GB/products/311436746,1687618352.313261,"['£1.75', '£14.58/litre']",1.75,£14.58/litre
19086,Lenor In Wash Scent Booster Lavender & Camomile 176G,https://www.tesco.com/groceries/en-GB/products/313615249,1687618352.3873222,"['£3.00', '£17.04/kg']",3.0,£17.04/kg
19087,Harpic Active Gel Fresh Power Pine 750Ml,https://www.tesco.com/groceries/en-GB/products/250108502,1687618352.460045,"['£1.30', '£1.73/litre']",1.3,£1.73/litre
19088,Cif Eco Refill Power & Shine Bathroom 70Ml,https://www.tesco.com/groceries/en-GB/products/305048120,1687618352.528555,"['£1.45', '£20.71/litre']",1.45,£20.71/litre
19089,Tesco Solid Gel Air Freshener Cotton Fresh,https://www.tesco.com/groceries/en-GB/products/254179255,1687618352.597916,"['£0.80', '£6.67/kg']",0.8,£6.67/kg
19090,Lenor Unstoppables In-Wash Scent Booster Fresh 176G,https://www.tesco.com/groceries/en-GB/products/312104752,1687618352.666139,"['£3.00', '£1.70/100g']",3.0,£1.70/100g
19091,Tesco Biological Liquid Detergent Super Concentrated 900Ml,https://www.tesco.com/groceries/en-GB/products/308117489,1687618352.7365959,"['£2.10', '£2.33/litre']",2.1,£2.33/litre
19092,Finish Quantum All In One Dishwasher Tabs 72Pk 748.8G,https://www.tesco.com/groceries/en-GB/products/311431705,1687618352.8122802,"['£12.00', '£16.03/kg']",12.0,£16.03/kg
19093,Tesco Tall & Chunky Click Lid 30Pack 50L Bin Liners,https://www.tesco.com/groceries/en-GB/products/305979665,1687618352.88046,"['£5.90', '£0.20/each']",5.9,£0.20/each
19094,Vanish Gold Oxi Advance Stain Remover Powder 850G,https://www.tesco.com/groceries/en-GB/products/299537149,1687618352.974495,"['£7.80', '£9.18/kg']",7.8,£9.18/kg
19095,Ariel Original Washing Powder 50 Washes 3.25Kg,https://www.tesco.com/groceries/en-GB/products/312350197,1687618353.040681,"['£11.00', '£3.38/kg']",11.0,£3.38/kg
19096,Ecover Softener Apple Blossom & Almond 50W 1.5L,https://www.tesco.com/groceries/en-GB/products/297781639,1687618353.110414,"['£5.00', '£3.33/litre']",5.0,£3.33/litre
19097,Woolite Hand & Machine Wash 750Ml,https://www.tesco.com/groceries/en-GB/products/264396662,1687618353.1774762,"['£5.00', '£6.67/litre']",5.0,£6.67/litre
19098,Spontex Microfibre Cloth 4 Pack,https://www.tesco.com/groceries/en-GB/products/278631564,1687618353.244641,"['£3.30', '£0.82/each']",3.3,£0.82/each
19099,Fairy Non Biological Washing Gel 35 Washes 1225Ml,https://www.tesco.com/groceries/en-GB/products/312705677,1687618353.315122,"['£7.50', '£6.12/litre']",7.5,£6.12/litre
19100,Dishmatic General Purpose Refills 6 Pack,https://www.tesco.com/groceries/en-GB/products/285355512,1687618353.4036832,"['£3.00', '£0.50/each']",3.0,£0.50/each
19101,Persil Biological Liquid Laundry Detergent 38 Washes 1026Ml,https://www.tesco.com/groceries/en-GB/products/306504309,1687618353.4710112,"['£7.00', '£6.82/litre']",7.0,£6.82/litre
19102,Lenor In-Wash Scent Booster Spring Awakening 320G,https://www.tesco.com/groceries/en-GB/products/312715714,1687618353.62323,"['£6.75', '£21.09/kg']",6.75,£21.09/kg
19103,Bold Washing Gel Lavender & Camomile 24 Washes 840Ml,https://www.tesco.com/groceries/en-GB/products/312708844,1687618353.690637,"['£5.00', '£5.95/litre']",5.0,£5.95/litre
19104,Polylina Medium Plastic Tubs & Lids 8 Pack,https://www.tesco.com/groceries/en-GB/products/295747460,1687618353.7804348,"['£3.70', '£0.46/each']",3.7,£0.46/each
19105,Spontex 40 All Purpose Cloths On A Roll,https://www.tesco.com/groceries/en-GB/products/252440070,1687618353.846816,"['£3.50', '£0.09/each']",3.5,£0.09/each
19106,Tesco Food Bags Click & Seal Xl 15 Pack,https://www.tesco.com/groceries/en-GB/products/297040388,1687618353.914866,"['£2.40', '£0.16/each']",2.4,£0.16/each
19107,Spontex Long Lasting Kitchen Cloth 2 Pack,https://www.tesco.com/groceries/en-GB/products/259624251,1687618353.98519,"['£3.15', '£1.58/each']",3.15,£1.58/each
19108,Method Wild Rhubarb All Floor Cleaner 739Ml,https://www.tesco.com/groceries/en-GB/products/302801316,1687618354.057735,"['£4.50', '£6.09/litre']",4.5,£6.09/litre
19109,Method Spray Shower Cleaner Ylang 828Ml,https://www.tesco.com/groceries/en-GB/products/264889822,1687618354.126036,"['£4.00', '£4.83/litre']",4.0,£4.83/litre
19110,Method Bathroom Cleaner Eucalyptus & Mint 828Ml,https://www.tesco.com/groceries/en-GB/products/259964781,1687618354.1936,"['£4.00', '£4.83/litre']",4.0,£4.83/litre
19111,Comfort Ult/C Fuchsia Passion Fabric Conditioner 58W 870Ml,https://www.tesco.com/groceries/en-GB/products/307745616,1687618354.260534,"['£5.00', '£5.75/litre']",5.0,£5.75/litre
19112,Tesco Flat Top Wheelie Bin Liners 10 Pack 240L,https://www.tesco.com/groceries/en-GB/products/254124044,1687618354.3265438,"['£2.50', '£0.25/each']",2.5,£0.25/each
19113,Tesco Extra Wear Gloves Large,https://www.tesco.com/groceries/en-GB/products/276341714,1687618354.39319,"['£2.00', '£2.00/Pair']",2.0,£2.00/Pair
19114,Fairy Non Biological Washing Gel 24 Washes 840Ml,https://www.tesco.com/groceries/en-GB/products/311781745,1687618354.460638,"['£6.00', '£7.14/litre']",6.0,£7.14/litre
19115,Tesco Easy Seal Ice Cube Bags Pack 10'S,https://www.tesco.com/groceries/en-GB/products/257134119,1687618354.551852,"['£1.85', '£0.18/each']",1.85,£0.18/each
19116,Tesco Led Mini Globe Warm White 25W Bayonet Cap 2 Pack,https://www.tesco.com/groceries/en-GB/products/311765483,1687618359.273463,"['£3.50', '£1.75/each']",3.5,£1.75/each
19117,Tesco Led Mini Globe Warm White 25W Edison Screw 2 Pack,https://www.tesco.com/groceries/en-GB/products/311765477,1687618359.6594748,"['£3.50', '£1.75/each']",3.5,£1.75/each
19118,Mighty Mat Scraper Mat 40 X 60Cm,https://www.tesco.com/groceries/en-GB/products/304847817,1687618359.738676,"['£4.00', '£4.00/each']",4.0,£4.00/each
19119,Odor-Eaters Ultra Comfort 1 Pair,https://www.tesco.com/groceries/en-GB/products/251995969,1687618360.031841,"['£3.75', '£3.75/Pair']",3.75,£3.75/Pair
19120,Pet Lint Roller 4.9M (Fragranced),https://www.tesco.com/groceries/en-GB/products/264237788,1687618360.1216378,"['£3.20', '£0.10/each']",3.2,£0.10/each
19121,Tesco Rainbow Hearts Bottle 550Ml,https://www.tesco.com/groceries/en-GB/products/311520427,1687618360.192647,"['£4.00', '£4.00/each']",4.0,£4.00/each
19122,Hg Grout Cleaner Ready-To-Use 500Ml,https://www.tesco.com/groceries/en-GB/products/302348340,1687618360.259486,"['£5.00', '£10.00/litre']",5.0,£10.00/litre
19123,Yankee Candle Small Jar - Cherry Vanilla,https://www.tesco.com/groceries/en-GB/products/302738374,1687618360.3275971,"['£5.50', '£5.50/each']",5.5,£5.50/each
19124,Tesco Grey Tracker Bottle 550Ml,https://www.tesco.com/groceries/en-GB/products/309795403,1687618360.3946931,"['£4.00', '£4.00/each']",4.0,£4.00/each
19125,Method Multisurface Concentrate Mango & Citrus 240Ml,https://www.tesco.com/groceries/en-GB/products/311228707,1687618360.460841,"['£4.75', '£19.79/litre']",4.75,£19.79/litre
19126,Tesco Rainbow Food Storage Set 7Pce,https://www.tesco.com/groceries/en-GB/products/311520531,1687618360.5306292,"['£6.00', '£6.00/each']",6.0,£6.00/each
19127,"Korbond Scissors Soft Touch 8""",https://www.tesco.com/groceries/en-GB/products/258194005,1687618360.598065,"['£4.00', '£4.00/each']",4.0,£4.00/each
19128,Tesco Push Top Food Storage White 0.5L,https://www.tesco.com/groceries/en-GB/products/307788605,1687618360.671529,"['£3.50', '£3.50/each']",3.5,£3.50/each
19129,Curver Your Style Recycled Medium Blush,https://www.tesco.com/groceries/en-GB/products/310600692,1687618360.746423,"['£3.00', '£3.00/each']",3.0,£3.00/each
19130,Glade Aromatherapy Mist Diffuser Refill Calm Mind 17.4Ml,https://www.tesco.com/groceries/en-GB/products/310673512,1687618360.818124,"['£6.00', '£344.83/litre']",6.0,£344.83/litre
19131,Tesco Klipfresh Juice Jug 2L,https://www.tesco.com/groceries/en-GB/products/296663120,1687618360.889662,"['£5.00', '£5.00/each']",5.0,£5.00/each
19132,Tesco Aqua Straw Cup 450Ml,https://www.tesco.com/groceries/en-GB/products/308880085,1687618360.990579,"['£3.00', '£3.00/each']",3.0,£3.00/each
19133,Wham Studio 4.01 White,https://www.tesco.com/groceries/en-GB/products/307632583,1687618361.058996,"['£2.00', '£2.00/each']",2.0,£2.00/each
19134,Korbond Needles Machine,https://www.tesco.com/groceries/en-GB/products/255289970,1687618361.126202,"['£1.80', '£0.30/each']",1.8,£0.30/each
19135,Cherry Blossom Flat Shoe Laces Black 180Cm,https://www.tesco.com/groceries/en-GB/products/311435816,1687618361.192485,"['£2.15', '£2.15/Pair']",2.15,£2.15/Pair
19136,Scrub Daddy Dish Daddy Soap Dishwand Blue,https://www.tesco.com/groceries/en-GB/products/313174919,1687618361.2610922,"['£6.00', '£6.00/each']",6.0,£6.00/each
19137,Tesco Cloth Mop Refill Blue Grey,https://www.tesco.com/groceries/en-GB/products/310019240,1687618361.3303921,"['£2.50', '£2.50/each']",2.5,£2.50/each
19138,Cherry Blossom Round Shoe Laces Twin Pack Black 75Cm,https://www.tesco.com/groceries/en-GB/products/310845321,1687618361.403025,"['£1.80', '£1.80/Pair']",1.8,£1.80/Pair
19139,Hook & Loop Self Adhesive White 50Cm,https://www.tesco.com/groceries/en-GB/products/267531515,1687618361.471235,"['£1.70', '£1.70/each']",1.7,£1.70/each
19140,Instant Repair Tape,https://www.tesco.com/groceries/en-GB/products/288421591,1687618361.539,"['£1.60', '£1.60/each']",1.6,£1.60/each
19141,Korbond Thread Poly 160M White,https://www.tesco.com/groceries/en-GB/products/258195603,1687618361.611113,"['£1.10', '£0.01/metre']",1.1,£0.01/metre
19142,Glade Aromatherapy Mist Diffuser Zen Kit 17.4Ml,https://www.tesco.com/groceries/en-GB/products/310096890,1687618361.720248,"['£15.00', '£862.07/litre']",15.0,£862.07/litre
19143,Natures Wick Large Candle Cashmere Wool,https://www.tesco.com/groceries/en-GB/products/306753032,1687618361.816576,"['£16.50', '£16.50/each']",16.5,£16.50/each
19144,Natures Wick Large Candle Sage & White Pepper,https://www.tesco.com/groceries/en-GB/products/306753061,1687618361.886177,"['£16.50', '£16.50/each']",16.5,£16.50/each
19145,Yankee Candle Medium Jar Exotic Fruits,https://www.tesco.com/groceries/en-GB/products/296953409,1687618361.952974,"['£12.00', '£12.00/each']",12.0,£12.00/each
19146,Airwick Air Freshener Essential Mist Peony And Jasmine Kit,https://www.tesco.com/groceries/en-GB/products/299153620,1687618362.0210402,"['£12.00', '£12.00/each']",12.0,£12.00/each
19147,Minky Smart Fit Ironing Board Cover Pearl,https://www.tesco.com/groceries/en-GB/products/302253653,1687618362.088598,"['£10.00', '£10.00/each']",10.0,£10.00/each
19148,Tesco Grey 1L Chugger Bottle,https://www.tesco.com/groceries/en-GB/products/309795478,1687618362.1593568,"['£7.50', '£7.50/each']",7.5,£7.50/each
19149,Nature Wick Scented Candle Sage & White Pepper,https://www.tesco.com/groceries/en-GB/products/306752989,1687618362.226967,"['£12.50', '£12.50/each']",12.5,£12.50/each
19150,Natures Wick Scented Candle Wild Honey,https://www.tesco.com/groceries/en-GB/products/309524092,1687618362.2965991,"['£12.50', '£12.50/each']",12.5,£12.50/each
19151,Tesco Grey Sipper Bottle 750Ml,https://www.tesco.com/groceries/en-GB/products/309795432,1687618362.364467,"['£6.00', '£6.00/each']",6.0,£6.00/each
19152,Scissors Dressmaker,https://www.tesco.com/groceries/en-GB/products/278633954,1687618362.438947,"['£7.40', '£7.40/each']",7.4,£7.40/each
19153,Tesco Stainless Steel Extendable Radiator Airer,https://www.tesco.com/groceries/en-GB/products/310019580,1687618362.589646,"['£9.00', '£9.00/each']",9.0,£9.00/each
19154,Tesco Recycled Cutlery Tray Dark Grey,https://www.tesco.com/groceries/en-GB/products/305024920,1687618362.6581912,"['£4.00', '£4.00/each']",4.0,£4.00/each
19155,Cherry Blossom Sneaker Fresh 100Ml,https://www.tesco.com/groceries/en-GB/products/311685410,1687618362.729335,"['£4.80', '£4.80/100ml']",4.8,£4.80/100ml
19156,Minky Microfibre & Cotton Extra Large Dual Action Mop,https://www.tesco.com/groceries/en-GB/products/311788496,1687618362.795532,"['£7.00', '£7.00/each']",7.0,£7.00/each
19157,Tesco Wire Plate Rack,https://www.tesco.com/groceries/en-GB/products/308070681,1687618362.861842,"['£6.00', '£6.00/each']",6.0,£6.00/each
19158,Airwick Active Fresh Refill Fresh Cotton 228Ml,https://www.tesco.com/groceries/en-GB/products/313739575,1687618362.9295459,"['£6.00', '£26.32/litre']",6.0,£26.32/litre
19159,Yankee Pink Sands Aromatherapy Oil 10Ml,https://www.tesco.com/groceries/en-GB/products/310172811,1687618363.017633,"['£6.00', '£600.00/litre']",6.0,£600.00/litre
19160,Tesco Push Top Food Storage White 1.5L,https://www.tesco.com/groceries/en-GB/products/307788628,1687618363.089271,"['£4.75', '£4.75/each']",4.75,£4.75/each
19161,Tesco Rotating Organiser,https://www.tesco.com/groceries/en-GB/products/310019430,1687618363.155479,"['£8.00', '£8.00/each']",8.0,£8.00/each
19162,Airwick Active Fresh Refill Eucalyptus & Freesia 228Ml,https://www.tesco.com/groceries/en-GB/products/313361364,1687618363.220426,"['£6.00', '£26.32/litre']",6.0,£26.32/litre
19163,Airwick Stacey Solomon Active Fresh Refill Morning Meadow 228Ml,https://www.tesco.com/groceries/en-GB/products/313500241,1687618363.30801,"['£6.00', '£26.32/litre']",6.0,£26.32/litre
19164,Activia Rhubarb Yogurt 4X115g,https://www.tesco.com/groceries/en-GB/products/308099590,1687641953.622118,"['£2.50', '£0.54/100g']",2.5,£0.54/100g
19165,Activia Strawberry Yogurt 4X115g,https://www.tesco.com/groceries/en-GB/products/308114446,1687641953.709546,"['£2.50', '£0.54/100g']",2.5,£0.54/100g
19166,Tesco British Salted Block Butter 250G ++,https://www.tesco.com/groceries/en-GB/products/290920510,1687641953.808334,"['£1.89', '£7.56/kg']",1.89,£7.56/kg
19167,Tesco British Unsalted Butter 250G,https://www.tesco.com/groceries/en-GB/products/290921181,1687641953.896244,"['£1.89', '£7.56/kg']",1.89,£7.56/kg
19168,Tesco Semi Skimmed Milk 1.13L/2 Pints,https://www.tesco.com/groceries/en-GB/products/252207537,1687641953.993927,"['£1.25', '£1.11/litre']",1.25,£1.11/litre
19169,Chestnut Mushrooms 250G,https://www.tesco.com/groceries/en-GB/products/273796618,1687641954.1105769,"['£1.10', '£4.40/kg']",1.1,£4.40/kg
19170,Tesco Sweet Peppers 500G,https://www.tesco.com/groceries/en-GB/products/295673143,1687641954.1907032,"['£1.80', '£3.60/kg']",1.8,£3.60/kg
19171,Tesco Maris Piper Potatoes 2.5Kg,https://www.tesco.com/groceries/en-GB/products/258423755,1687641954.269593,"['£1.59', '£0.64/kg']",1.59,£0.64/kg
19172,Tesco Clementine Or Sweet Easy Peeler Pack 600G,https://www.tesco.com/groceries/en-GB/products/266499399,1687641954.352032,"['£1.35', '£2.25/kg']",1.35,£2.25/kg
19173,T.Ripe & Ready Twin Pack Avocados,https://www.tesco.com/groceries/en-GB/products/265299741,1687641954.4409778,"['£1.60', '£0.80/each']",1.6,£0.80/each
19174,Lemons Each,https://www.tesco.com/groceries/en-GB/products/253556398,1687641954.559733,"['£0.30', '£0.30/each']",0.3,£0.30/each
19175,Tesco Green Seedless Grapes Punnet 500G,https://www.tesco.com/groceries/en-GB/products/260138290,1687641954.6430988,"['£2.00', '£4.00/kg']",2.0,£4.00/kg
19176,Tesco Cucumber Whole Each,https://www.tesco.com/groceries/en-GB/products/253558972,1687641954.7653692,"['£0.79', '£0.79/each']",0.79,£0.79/each
19177,Tesco Skimmed Milk 2.272L/4 Pints,https://www.tesco.com/groceries/en-GB/products/254656508,1687641954.864544,"['£1.55', '£0.68/litre']",1.55,£0.68/litre
19178,Tesco Salad Tomatoes 6 Pack,https://www.tesco.com/groceries/en-GB/products/282997799,1687641954.952859,"['£0.85', '£2.36/kg']",0.85,£2.36/kg
19179,Bananas Loose,https://www.tesco.com/groceries/en-GB/products/275280804,1687641955.058914,"['£0.18', '£1.01/kg']",0.18,£1.01/kg
19180,Limes Each,https://www.tesco.com/groceries/en-GB/products/253560634,1687641955.1407201,"['£0.24', '£0.24/each']",0.24,£0.24/each
19181,Tesco Bunched Spring Onions 100G,https://www.tesco.com/groceries/en-GB/products/281035500,1687641955.263982,"['£0.50', '£5.00/kg']",0.5,£5.00/kg
19182,Tesco British Semi Skimmed Milk 2.272L 4 Pints,https://www.tesco.com/groceries/en-GB/products/254656543,1687641955.362408,"['£1.55', '£0.68/litre']",1.55,£0.68/litre
19183,Red Peppers Each Class 1,https://www.tesco.com/groceries/en-GB/products/258421636,1687641955.450939,"['£0.60', '£0.60/each']",0.6,£0.60/each
19184,Tesco Parsnips 500G,https://www.tesco.com/groceries/en-GB/products/307365386,1687641955.54043,"['£0.62', '£1.24/kg']",0.62,£1.24/kg
19186,Tesco Broccoli 375G,https://www.tesco.com/groceries/en-GB/products/307344549,1687641955.704502,"['£0.72', '£1.92/kg']",0.72,£1.92/kg
19187,Tesco Whole Milk 2.272L/4 Pints,https://www.tesco.com/groceries/en-GB/products/254656399,1687641955.7867289,"['£1.55', '£0.68/litre']",1.55,£0.68/litre
19188,Iceberg Lettuce Each,https://www.tesco.com/groceries/en-GB/products/253557495,1687641955.866821,"['£0.70', '£0.70/each']",0.7,£0.70/each
19189,Tesco Cauliflower,https://www.tesco.com/groceries/en-GB/products/253558119,1687641955.941309,"['£0.95', '£0.95/each']",0.95,£0.95/each
19190,Tesco Beef Lean Steak Mince 500G 5% Fat,https://www.tesco.com/groceries/en-GB/products/250871426,1687641956.0170162,"['£3.49', '£6.98/kg']",3.49,£6.98/kg
19192,Tesco Pink Lady Apple Minimum 5 Pack,https://www.tesco.com/groceries/en-GB/products/284477542,1687641956.204306,"['£2.80', '£0.56/each']",2.8,£0.56/each
19193,Cravendale Semi Skimmed Milk 2 Litre,https://www.tesco.com/groceries/en-GB/products/257264875,1687641956.2970712,"['£2.60', '£1.30/litre']",2.6,£1.30/litre
19194,Tesco Large Free Range Eggs 6 Pack,https://www.tesco.com/groceries/en-GB/products/250802567,1687641956.4073448,"['£1.80', '£0.30/each']",1.8,£0.30/each
19195,Tesco Fresh Double Cream 300Ml,https://www.tesco.com/groceries/en-GB/products/262479533,1687641956.4856691,"['£1.35', '£0.45/100ml']",1.35,£0.45/100ml
19196,Tesco 2 Boneless Salmon Fillets 260G,https://www.tesco.com/groceries/en-GB/products/296920881,1687641956.582162,"['£4.95', '£19.04/kg']",4.95,£19.04/kg
19197,Tesco Braeburn Apple Minimum 5 Pack,https://www.tesco.com/groceries/en-GB/products/284475671,1687641956.6723,"['£1.70', '£0.34/each']",1.7,£0.34/each
19198,Tesco Brown Onions Minimum 3 Pack 385G,https://www.tesco.com/groceries/en-GB/products/281426090,1687641956.786155,"['£1.10', '£2.86/kg']",1.1,£2.86/kg
19199,Tesco Filtered Semi Skimmed Milk 1 Litre,https://www.tesco.com/groceries/en-GB/products/260388246,1687641956.865794,"['£1.35', '£1.35/litre']",1.35,£1.35/litre
19200,Lurpak Slightly Salted Spreadable 500G,https://www.tesco.com/groceries/en-GB/products/253886894,1687641956.944581,"['£4.46', '£8.92/kg']",4.46,£8.92/kg
19201,Tesco 100% Pure Squeezed Orange Juice Smooth Not From Concentrate 1L,https://www.tesco.com/groceries/en-GB/products/259151850,1687641957.0729458,"['£1.70', '£0.17/100ml']",1.7,£0.17/100ml
19202,Tesco Pre-Packed Leeks 500G,https://www.tesco.com/groceries/en-GB/products/267524806,1687641957.1746619,"['£1.39', '£2.78/kg']",1.39,£2.78/kg
19203,Tesco Lemons 4 Pack,https://www.tesco.com/groceries/en-GB/products/257875814,1687641957.267183,"['£1.35', '£0.34/each']",1.35,£0.34/each
19204,Tesco Medium Free Range Eggs 6 Pack,https://www.tesco.com/groceries/en-GB/products/250802613,1687641957.3573399,"['£1.45', '£0.24/each']",1.45,£0.24/each
19205,Tesco Raspberries 150G,https://www.tesco.com/groceries/en-GB/products/287377667,1687641957.4478562,"['£2.00', '£13.33/kg']",2.0,£13.33/kg
19206,Rosedene Farms Gala Apples 6 Pack,https://www.tesco.com/groceries/en-GB/products/305831903,1687641957.543478,"['£1.49', '£0.25/each']",1.49,£0.25/each
19208,Tesco Pure Orange Juice Smooth 1 Litre,https://www.tesco.com/groceries/en-GB/products/254859516,1687641957.704829,"['£1.15', '£0.12/100ml']",1.15,£0.12/100ml
19209,Rosedene Farms Small Apple 6 Pack,https://www.tesco.com/groceries/en-GB/products/292249576,1687641957.8330991,"['£0.95', '£0.16/each']",0.95,£0.16/each
19210,Nightingale Farms Peppers 375G,https://www.tesco.com/groceries/en-GB/products/296057883,1687641957.923407,"['£1.35', '£3.60/kg']",1.35,£3.60/kg
19211,Tesco British Chicken Breast Portions 650G,https://www.tesco.com/groceries/en-GB/products/294007923,1687641958.0057669,"['£4.75', '£7.31/kg']",4.75,£7.31/kg
19212,Loose Brown Onions,https://www.tesco.com/groceries/en-GB/products/253557034,1687641958.082804,"['£0.12', '£1.00/kg']",0.12,£1.00/kg
19213,Growers Harvest Orange Juice Smooth 1L,https://www.tesco.com/groceries/en-GB/products/300473499,1687641958.186901,"['£0.95', '£0.10/100ml']",0.95,£0.10/100ml
19214,Tesco Ready To Eat 2 Roast Boneless Chicken Breasts 245G,https://www.tesco.com/groceries/en-GB/products/264465356,1687641964.139338,"['£3.15', '£1.29/100g']",3.15,£1.29/100g
19215,Activia Strawberry Yogurt 4X115g,https://www.tesco.com/groceries/en-GB/products/308114446,1687641964.224384,"['£2.50', '£0.54/100g']",2.5,£0.54/100g
19216,Dairylea Dunkers Jumbo Tubes Cheese Snacks 6 Pack 246G,https://www.tesco.com/groceries/en-GB/products/308849452,1687641964.300558,"['£3.30', '£13.42/kg']",3.3,£13.42/kg
19217,Tesco Fresh British Extra Thick Double Cream 600Ml,https://www.tesco.com/groceries/en-GB/products/262480260,1687641964.371728,"['£2.70', '£0.45/100ml']",2.7,£0.45/100ml
19218,Dairylea Lunchables Ham & Cheese 74.1G,https://www.tesco.com/groceries/en-GB/products/308867509,1687641964.446506,"['£1.60', '£21.59/kg']",1.6,£21.59/kg
19219,Tesco Organic Semi- Skimmed Milk 1.136L/2 Pints,https://www.tesco.com/groceries/en-GB/products/251499710,1687641964.548095,"['£1.65', '£1.45/litre']",1.65,£1.45/litre
19220,Herta Classic Frankfurters Hot Dogs 10 Pack 350G,https://www.tesco.com/groceries/en-GB/products/254273333,1687641964.641053,"['£2.55', '£0.73/100g']",2.55,£0.73/100g
19221,Tesco Strawberry Trifles 405G (3X135g),https://www.tesco.com/groceries/en-GB/products/304398956,1687641964.767076,"['£2.00', '£0.49/100g']",2.0,£0.49/100g
19222,Frubes Strawberry Red Berry & Peach Yogurts 9X37g,https://www.tesco.com/groceries/en-GB/products/302328940,1687641964.853346,"['£2.25', '£0.68/100g']",2.25,£0.68/100g
19223,Vitalite Dairy Free Spread 500G,https://www.tesco.com/groceries/en-GB/products/253250771,1687641964.956293,"['£1.79', '£3.58/kg']",1.79,£3.58/kg
19224,Tesco Watercress Spinach & Rocket 80G,https://www.tesco.com/groceries/en-GB/products/292704781,1687641965.046484,"['£1.35', '£1.69/100g']",1.35,£1.69/100g
19225,Tesco Stone Baked Bbq Chicken Pizza 303G,https://www.tesco.com/groceries/en-GB/products/308470697,1687641965.1422982,"['£3.50', '£1.16/100g']",3.5,£1.16/100g
19226,Fresh & Naked Mixed Little Leaves 90G,https://www.tesco.com/groceries/en-GB/products/268477290,1687641965.265463,"['£1.20', '£13.33/kg']",1.2,£13.33/kg
19227,Creamfields Lighter Mature Cheese 400G,https://www.tesco.com/groceries/en-GB/products/302676629,1687641965.379144,"['£2.85', '£7.12/kg']",2.85,£7.12/kg
19228,Philadelphia Light Soft Cheese 165G,https://www.tesco.com/groceries/en-GB/products/311786803,1687641965.46617,"['£2.20', '£13.33/kg']",2.2,£13.33/kg
19229,Tesco Carrot & Swede Mash 450G,https://www.tesco.com/groceries/en-GB/products/299982590,1687641965.564825,"['£1.50', '£3.33/kg']",1.5,£3.33/kg
19230,Ms Mollys Chocolate Layered Dessert 100G,https://www.tesco.com/groceries/en-GB/products/302064491,1687641965.6614609,"['£0.75', '£0.75/100g']",0.75,£0.75/100g
19231,Tesco Traditional Sliced Runner Beans 160G,https://www.tesco.com/groceries/en-GB/products/301194326,1687641965.735955,"['£1.75', '£10.94/kg']",1.75,£10.94/kg
19232,Tesco Apple Snack Pack 80G,https://www.tesco.com/groceries/en-GB/products/286681924,1687641965.826752,"['£0.50', '£6.25/kg']",0.5,£6.25/kg
19233,Albert Bartlett Root Vegetable Mash 400G,https://www.tesco.com/groceries/en-GB/products/309477901,1687641965.925406,"['£1.25', '£3.12/kg']",1.25,£3.12/kg
19234,Suntrail Farms Soft Citrus Pack 600G,https://www.tesco.com/groceries/en-GB/products/292216000,1687641966.019725,"['£0.99', '£1.65/kg']",0.99,£1.65/kg
19235,Tesco 10 Salami Slices 100G,https://www.tesco.com/groceries/en-GB/products/261764986,1687641966.095413,"['£1.10', '£1.10/100g']",1.1,£1.10/100g
19236,Ms Molly's Strawberry Trifle (2X115g) 230G,https://www.tesco.com/groceries/en-GB/products/300990854,1687641966.1672168,"['£0.79', '£0.34/100g']",0.79,£0.34/100g
19237,Tesco Mangetout 150G,https://www.tesco.com/groceries/en-GB/products/293952968,1687641966.242832,"['£1.05', '£7.00/kg']",1.05,£7.00/kg
19238,Creamfields 15 Cheese Slices 255G,https://www.tesco.com/groceries/en-GB/products/307760874,1687641966.3193622,"['£0.83', '£3.26/kg']",0.83,£3.26/kg
19239,Tesco Large Chicken Fillet Pack 1.6Kg,https://www.tesco.com/groceries/en-GB/products/303152949,1687641966.411627,"['£9.95', '£6.22/kg']",9.95,£6.22/kg
19240,Tesco Sirloin Steak 227G,https://www.tesco.com/groceries/en-GB/products/300400609,1687641966.495407,"['£4.60', '£20.26/kg']",4.6,£20.26/kg
19242,Tesco Southern Fried Breaded Chicken Mini Fillets 305G,https://www.tesco.com/groceries/en-GB/products/264566997,1687641966.689763,"['£3.30', '£10.82/kg']",3.3,£10.82/kg
19243,Tesco Finest Creamy Fish Pie 400G,https://www.tesco.com/groceries/en-GB/products/258137155,1687641966.800907,"['£4.25', '£10.62/kg']",4.25,£10.62/kg
19244,Muller Corner Strawberry Peach & Apricot Yogurts 6 X 136G,https://www.tesco.com/groceries/en-GB/products/311781503,1687641966.9157271,"['£3.50', '£0.43/100g']",3.5,£0.43/100g
19245,President 60% Foil Brie 200G,https://www.tesco.com/groceries/en-GB/products/257349263,1687641967.0472362,"['£2.70', '£13.50/kg']",2.7,£13.50/kg
19246,Tesco Finest 4 Beef Dripping York Shire Puddings 190G,https://www.tesco.com/groceries/en-GB/products/299344319,1687641967.14106,"['£2.35', '£1.24/100g']",2.35,£1.24/100g
19247,Happy Egg Co Medium Free Range Eggs 6 Pack,https://www.tesco.com/groceries/en-GB/products/264328894,1687641967.219695,"['£2.10', '£0.35/each']",2.1,£0.35/each
19248,Tesco Tomato And Mascarpone Sauce 350G,https://www.tesco.com/groceries/en-GB/products/253174037,1687641967.3050659,"['£1.90', '£0.54/100g']",1.9,£0.54/100g
19249,Petits Filous Strawberry &R/Berry Fromage Frais 4X85g,https://www.tesco.com/groceries/en-GB/products/285020943,1687641967.434508,"['£1.85', '£0.54/100g']",1.85,£0.54/100g
19250,Tesco Finest 2 Cod & Parsley Fishcakes 290G,https://www.tesco.com/groceries/en-GB/products/291818567,1687641967.538733,"['£3.00', '£10.34/kg']",3.0,£10.34/kg
19251,Tesco Chocolate Mousse 6X60g,https://www.tesco.com/groceries/en-GB/products/287661132,1687641967.640681,"['£1.45', '£0.40/100g']",1.45,£0.40/100g
19252,Tesco Red Cabbage & Apple 300G,https://www.tesco.com/groceries/en-GB/products/294083203,1687641967.715629,"['£2.25', '£7.50/kg']",2.25,£7.50/kg
19253,Tesco 8 British Cumberland Sausages 454G,https://www.tesco.com/groceries/en-GB/products/261879159,1687641967.831478,"['£2.30', '£5.07/kg']",2.3,£5.07/kg
19254,Flora Vegan All Natural Spread 450G,https://www.tesco.com/groceries/en-GB/products/312561365,1687641967.9075599,"['£2.15', '£4.78/kg']",2.15,£4.78/kg
19255,Tesco 70 Pork Cocktail Sausages 595G,https://www.tesco.com/groceries/en-GB/products/305053136,1687641968.010787,"['£3.50', '£0.59/100g']",3.5,£0.59/100g
19256,Tesco Boneless Salmon Half Side 500 G,https://www.tesco.com/groceries/en-GB/products/277160996,1687641968.147497,"['£9.50', '£19.00/kg']",9.5,£19.00/kg
19257,Bertolli Mediterranean Olive Oil Spread 250G,https://www.tesco.com/groceries/en-GB/products/314315194,1687641968.2186828,"['£1.50', '£6.00/kg']",1.5,£6.00/kg
19258,Pak Choi 250G,https://www.tesco.com/groceries/en-GB/products/252895723,1687641968.290192,"['£1.35', '£5.40/kg']",1.35,£5.40/kg
19259,Tesco Bitesize 18 Mini Savoury Eggs 216G,https://www.tesco.com/groceries/en-GB/products/268895088,1687641968.483753,"['£2.20', '£1.02/100g']",2.2,£1.02/100g
19260,Tesco Cooked & Peeled King Prawns 150G,https://www.tesco.com/groceries/en-GB/products/294007606,1687641968.583031,"['£3.25', '£2.17/100g']",3.25,£2.17/100g
19261,Tesco Reduced Fat Houmous Dip 200G,https://www.tesco.com/groceries/en-GB/products/260084012,1687641968.68096,"['£1.20', '£0.60/100g']",1.2,£0.60/100g
19262,Tesco Cranberry Juice 1 Litre,https://www.tesco.com/groceries/en-GB/products/293945418,1687641974.0020878,"['£1.70', '£0.17/100ml']",1.7,£0.17/100ml
19263,Dairylea Cheese Spread 270G,https://www.tesco.com/groceries/en-GB/products/285140562,1687641974.098358,"['£2.40', '£8.89/kg']",2.4,£8.89/kg
19264,The Collective Suckies Strawberry Yogurt 90G,https://www.tesco.com/groceries/en-GB/products/312346701,1687641974.182017,"['£0.95', '£1.06/100g']",0.95,£1.06/100g
19265,Scottish Monarch Smoked Scottish Salmon 90G,https://www.tesco.com/groceries/en-GB/products/291914234,1687641974.2740421,"['£2.40', '£2.67/100g']",2.4,£2.67/100g
19266,Tesco 8 Reduced Fat Pork Sausages 454G,https://www.tesco.com/groceries/en-GB/products/252995167,1687641974.342565,"['£2.30', '£5.07/kg']",2.3,£5.07/kg
19267,Tesco Broccoli Florets 240G,https://www.tesco.com/groceries/en-GB/products/277967105,1687641974.4084868,"['£1.75', '£7.29/kg']",1.75,£7.29/kg
19268,Woodside Farms Pork Belly Slices 500G,https://www.tesco.com/groceries/en-GB/products/292285964,1687641974.5081751,"['£3.49', '£6.98/kg']",3.49,£6.98/kg
19269,Tesco Sweet Chilli Stir Fry Sauce 180G,https://www.tesco.com/groceries/en-GB/products/290819683,1687641974.581536,"['£1.15', '£6.39/kg']",1.15,£6.39/kg
19270,Yazoo Chilled Chocolate Flavoured Milkshake 400Ml,https://www.tesco.com/groceries/en-GB/products/290369696,1687641974.6765609,"['£1.20', '£0.30/100ml']",1.2,£0.30/100ml
19271,Tesco Reduced Fat Mozzarella 240G,https://www.tesco.com/groceries/en-GB/products/254550063,1687641974.7825768,"['£1.10', '£8.80/kg DR.WT']",1.1,£8.80/kg DR.WT
19273,Tesco 6 British Chicken Sausages 400G,https://www.tesco.com/groceries/en-GB/products/291970788,1687641974.976843,"['£2.45', '£6.12/kg']",2.45,£6.12/kg
19275,Love Beets Cooked Beetroot 250G,https://www.tesco.com/groceries/en-GB/products/308089779,1687641975.136883,"['£0.65', '£2.60/kg']",0.65,£2.60/kg
19276,Tesco Finest Ribeye Steak 227G,https://www.tesco.com/groceries/en-GB/products/308458275,1687641975.21521,"['£5.80', '£25.55/kg']",5.8,£25.55/kg
19277,Creamfields Grana Padano Wedge 175G,https://www.tesco.com/groceries/en-GB/products/304390832,1687641975.2883682,"['£1.79', '£10.23/kg']",1.79,£10.23/kg
19279,Woodside Farms Smoked Gammon Joint,https://www.tesco.com/groceries/en-GB/products/301839665,1687641975.434879,"['£4.09', '£4.09/kg']",4.09,£4.09/kg
19280,Tesco Buttered Chicken Breast Joint 640G,https://www.tesco.com/groceries/en-GB/products/266508874,1687641975.520447,"['£6.00', '£9.38/kg']",6.0,£9.38/kg
19281,T Unsmoked Boneless Gammon Joint,https://www.tesco.com/groceries/en-GB/products/267158491,1687641975.6236641,"['£13.75', '£6.25/kg']",13.75,£6.25/kg
19282,Tesco Organic Butter 250G,https://www.tesco.com/groceries/en-GB/products/253114455,1687641975.700483,"['£2.75', '£11.00/kg']",2.75,£11.00/kg
19283,Tesco Fire Pit Chorizo Sausages 6Pack 300G,https://www.tesco.com/groceries/en-GB/products/303088379,1687641975.7713878,"['£3.50', '£11.67/kg']",3.5,£11.67/kg
19284,Anchor Lighter Spreadable 500G,https://www.tesco.com/groceries/en-GB/products/251607518,1687641975.844521,"['£4.50', '£9.00/kg']",4.5,£9.00/kg
19285,Yorkshire Provender Raost Chicken Soup With Traditional Vegetables 560G,https://www.tesco.com/groceries/en-GB/products/314116988,1687641975.921904,"['£3.00', '£0.54/100g']",3.0,£0.54/100g
19286,Tesco Diced Lamb Shoulder 300G,https://www.tesco.com/groceries/en-GB/products/304410983,1687641975.998904,"['£4.95', '£16.50/kg']",4.95,£16.50/kg
19287,Yorkshire Provender Chicken & Lentil Soup With B/Squash 560G,https://www.tesco.com/groceries/en-GB/products/314115085,1687641976.079206,"['£3.00', '£0.54/100g']",3.0,£0.54/100g
19288,Tesco Firepit Mango Coconut & Lime Chicken Mini Fillets 300G,https://www.tesco.com/groceries/en-GB/products/303065603,1687641976.163572,"['£3.50', '£11.67/kg']",3.5,£11.67/kg
19289,Jus-Rol Croissants Dough 6 Pack 350G,https://www.tesco.com/groceries/en-GB/products/290338693,1687641976.238423,"['£2.30', '£6.57/kg']",2.3,£6.57/kg
19290,Fresh Beef Brisket Slow- Roast,https://www.tesco.com/groceries/en-GB/products/257904508,1687641976.331337,"['£8.80', '£11.00/kg']",8.8,£11.00/kg
19291,Tesco Cashew Nuts 200G,https://www.tesco.com/groceries/en-GB/products/266376222,1687641976.421122,"['£3.30', '£16.50/kg']",3.3,£16.50/kg
19292,Tesco Fire Pit 2 Salt & Pepper Beef Steaks 200G,https://www.tesco.com/groceries/en-GB/products/313859375,1687641976.514258,"['£3.50', '£17.50/kg']",3.5,£17.50/kg
19293,Tesco Smooth Smoked Scottish Salmon Pate 100G,https://www.tesco.com/groceries/en-GB/products/292277634,1687641976.604598,"['£1.80', '£1.80/100g']",1.8,£1.80/100g
19294,Tesco Fire Pit Piri Piri Chicken Sizzlers 300G,https://www.tesco.com/groceries/en-GB/products/313758598,1687641976.720213,"['£3.50', '£11.67/kg']",3.5,£11.67/kg
19295,Tesco Fire Pit Chicken Tikka Sizzlers 300G,https://www.tesco.com/groceries/en-GB/products/313734367,1687641976.814441,"['£3.50', '£11.67/kg']",3.5,£11.67/kg
19296,Cauldron Foods Tofu 396G,https://www.tesco.com/groceries/en-GB/products/266727466,1687641976.8999062,"['£2.75', '£6.94/kg']",2.75,£6.94/kg
19297,Tesco Prosciutto Crudo & Salami Platter 120G,https://www.tesco.com/groceries/en-GB/products/299910479,1687641977.023402,"['£2.50', '£2.08/100g']",2.5,£2.08/100g
19298,Tesco Finest Maple Bacon & Extra Mature Cheddar Quiche 420G,https://www.tesco.com/groceries/en-GB/products/308457649,1687641977.10567,"['£3.75', '£0.89/100g']",3.75,£0.89/100g
19299,Muller Bliss Lemon Greek Style Yogurt 4X105g,https://www.tesco.com/groceries/en-GB/products/311677760,1687641977.222364,"['£2.75', '£0.66/100g']",2.75,£0.66/100g
19300,Pukka Steak And Kidney Pie,https://www.tesco.com/groceries/en-GB/products/304372589,1687641977.304747,"['£2.00', '£2.00/each']",2.0,£2.00/each
19301,Tesco Ready To Eat Bbq Chicken Breast Pieces 180G,https://www.tesco.com/groceries/en-GB/products/279817753,1687641977.409162,"['£3.00', '£1.67/100g']",3.0,£1.67/100g
19302,Munch Bunch Double Up Strawberry Raspberry Yogurt 4X85g,https://www.tesco.com/groceries/en-GB/products/272471895,1687641977.555716,"['£2.00', '£0.59/100g']",2.0,£0.59/100g
19303,Pukka Chip Shop Chicken Curry Pie,https://www.tesco.com/groceries/en-GB/products/313617149,1687641977.647706,"['£2.00', '£2.00/each']",2.0,£2.00/each
19304,Tesco Chicken & Chorizo Tortelloni 300G,https://www.tesco.com/groceries/en-GB/products/299829386,1687641977.7215412,"['£2.00', '£6.67/kg']",2.0,£6.67/kg
19305,Pukka Meat & Potato Pie,https://www.tesco.com/groceries/en-GB/products/313609188,1687641977.834715,"['£2.00', '£2.00/each']",2.0,£2.00/each
19306,Tesco Mozzarella & Slow Roasted Tomatoes 200G,https://www.tesco.com/groceries/en-GB/products/287531822,1687641977.9341068,"['£2.65', '£1.32/100g']",2.65,£1.32/100g
19307,Ginsters Peppered Steak Slice 170G,https://www.tesco.com/groceries/en-GB/products/277645642,1687641978.0577111,"['£1.95', '£1.15/100g']",1.95,£1.15/100g
19308,Tesco Tomato & Mozzarella Quiche 400G,https://www.tesco.com/groceries/en-GB/products/313524760,1687641978.17919,"['£2.50', '£0.62/100g']",2.5,£0.62/100g
19309,Billy Bear Slices 100G,https://www.tesco.com/groceries/en-GB/products/298766841,1687641978.2705522,"['£1.25', '£1.25/100g']",1.25,£1.25/100g
19310,Gosh Sweetcorn & Quinoa Bites & Harissa 247G,https://www.tesco.com/groceries/en-GB/products/314412954,1687641984.9199119,"['£2.60', '£10.53/kg']",2.6,£10.53/kg
19311,Tesco Beetroot Salad 305G,https://www.tesco.com/groceries/en-GB/products/261808728,1687641984.99841,"['£1.70', '£0.56/100g']",1.7,£0.56/100g
19312,Alpro Greek Style Strawberry Raspberry Yogurt Alternative 150G,https://www.tesco.com/groceries/en-GB/products/296151638,1687641985.0862389,"['£1.20', '£0.80/100g']",1.2,£0.80/100g
19313,Pukka Minced Beef & Onion Pie,https://www.tesco.com/groceries/en-GB/products/304388726,1687641985.2031229,"['£2.00', '£2.00/each']",2.0,£2.00/each
19314,The Coconut Collaborative Vanilla Rice Pudding 2 X 125G,https://www.tesco.com/groceries/en-GB/products/302286280,1687641985.284075,"['£2.50', '£1.00/100g']",2.5,£1.00/100g
19315,Gosh Beetroot Falafel Red Pepper & Chilli 266G,https://www.tesco.com/groceries/en-GB/products/313941225,1687641985.373632,"['£2.60', '£0.98/100g']",2.6,£0.98/100g
19316,Pukka Veggie Leek & Potato Pie,https://www.tesco.com/groceries/en-GB/products/304791542,1687641985.453037,"['£2.00', '£2.00/each']",2.0,£2.00/each
19317,Tesco Roast Beef Dinner 400G,https://www.tesco.com/groceries/en-GB/products/279476130,1687641985.527895,"['£3.75', '£9.38/kg']",3.75,£9.38/kg
19318,Tesco 2 Custard Slices,https://www.tesco.com/groceries/en-GB/products/299935922,1687641985.6206248,"['£1.65', '£0.82/each']",1.65,£0.82/each
19319,Woodside Farms Unsmoked Gammon Steaks 300G,https://www.tesco.com/groceries/en-GB/products/301801698,1687641985.6978822,"['£2.39', '£7.97/kg']",2.39,£7.97/kg
19320,Tesco Prime Cuts Peppered Ham 125G,https://www.tesco.com/groceries/en-GB/products/309498104,1687641985.788189,"['£2.25', '£1.80/100g']",2.25,£1.80/100g
19321,Milkybar Gold White Chocolate Caramel Dessert 2X65g,https://www.tesco.com/groceries/en-GB/products/313956058,1687641985.8995688,"['£1.75', '£1.35/100g']",1.75,£1.35/100g
19322,Tesco Sweet Bbq Pulled Pork With Cheesy Mash 400G,https://www.tesco.com/groceries/en-GB/products/310694458,1687641986.0058482,"['£3.00', '£7.50/kg']",3.0,£7.50/kg
19323,Tropicana Pineapple Juice 850Ml,https://www.tesco.com/groceries/en-GB/products/287294534,1687641986.109173,"['£3.50', '£0.41/100ml']",3.5,£0.41/100ml
19324,Tesco Shepherd's Pie 400G,https://www.tesco.com/groceries/en-GB/products/310191304,1687641986.19971,"['£3.00', '£7.50/kg']",3.0,£7.50/kg
19325,Tesco Finest Portobello Mushrooms 150G,https://www.tesco.com/groceries/en-GB/products/312571249,1687641986.294773,"['£1.10', '£7.33/kg']",1.1,£7.33/kg
19326,Tesco Fresh Chicken Livers 380G,https://www.tesco.com/groceries/en-GB/products/265490888,1687641986.412708,"['£1.30', '£3.42/kg']",1.3,£3.42/kg
19327,Ski Fruit Mousse Strawberry & Strawberry 4X60g,https://www.tesco.com/groceries/en-GB/products/271935014,1687641986.4965792,"['£1.25', '£0.52/100g']",1.25,£0.52/100g
19328,Tesco Crunchy Coleslaw Mix 300G,https://www.tesco.com/groceries/en-GB/products/302988699,1687641986.575556,"['£1.10', '£0.37/100g']",1.1,£0.37/100g
19329,Tesco Creamy Mustard Chicken With Potato & Onion Hash 400G,https://www.tesco.com/groceries/en-GB/products/310125387,1687641986.657887,"['£3.00', '£7.50/kg']",3.0,£7.50/kg
19330,Tesco 2 Chicken & Mushroom Slices 300G,https://www.tesco.com/groceries/en-GB/products/268949573,1687641986.760577,"['£2.10', '£0.70/100g']",2.1,£0.70/100g
19331,Tesco 2 Pork & Egg Gala Slices 250G,https://www.tesco.com/groceries/en-GB/products/263759212,1687641986.859315,"['£2.30', '£0.92/100g']",2.3,£0.92/100g
19332,Tesco Organic Bunched Carrots 400G,https://www.tesco.com/groceries/en-GB/products/307143735,1687641986.934419,"['£1.65', '£4.12/kg']",1.65,£4.12/kg
19333,Tesco Party Salad 455G,https://www.tesco.com/groceries/en-GB/products/311945898,1687641987.018133,"['£3.00', '£0.66/100g']",3.0,£0.66/100g
19334,Two Chicks Free Range Liquid Egg White 500Ml,https://www.tesco.com/groceries/en-GB/products/266552250,1687641987.09996,"['£3.50', '£7.00/litre']",3.5,£7.00/litre
19335,Yeo Valley Organic Whole Milk 2 Litre,https://www.tesco.com/groceries/en-GB/products/262586694,1687641987.1839418,"['£2.70', '£1.35/litre']",2.7,£1.35/litre
19336,Cathedral City Dairy Free Block 280G,https://www.tesco.com/groceries/en-GB/products/312563271,1687641987.293762,"['£3.60', '£12.86/kg']",3.6,£12.86/kg
19337,Yeo Valley Organic Semi Skimmed Milk 2 Litre,https://www.tesco.com/groceries/en-GB/products/258882358,1687641987.3773272,"['£2.70', '£1.35/litre']",2.7,£1.35/litre
19338,Tesco Pepperoni Pasta Bake 400G,https://www.tesco.com/groceries/en-GB/products/310094333,1687641987.4948869,"['£3.00', '£7.50/kg']",3.0,£7.50/kg
19339,Tesco Mixed Olives With Cheddar 220G,https://www.tesco.com/groceries/en-GB/products/287787562,1687641987.599443,"['£2.65', '£1.20/100g']",2.65,£1.20/100g
19340,Innocent Coconut Water 1L,https://www.tesco.com/groceries/en-GB/products/288178112,1687641987.708086,"['£4.30', '£0.43/100ml']",4.3,£0.43/100ml
19341,Tesco British Mild Cheddar Cheese 220G,https://www.tesco.com/groceries/en-GB/products/300257018,1687641987.790355,"['£2.45', '£11.14/kg']",2.45,£11.14/kg
19342,Tesco 30% Reduced Fat Medium Cheese 400G,https://www.tesco.com/groceries/en-GB/products/305943022,1687641987.868853,"['£3.40', '£8.50/kg']",3.4,£8.50/kg
19343,Tesco Organic Tenderstem Broccoli 200G,https://www.tesco.com/groceries/en-GB/products/277926811,1687641987.956115,"['£2.50', '£12.50/kg']",2.5,£12.50/kg
19344,Activia Grains & Nuts Walnuts & Oats Yogurt 4X120g,https://www.tesco.com/groceries/en-GB/products/297656316,1687641988.047273,"['£2.75', '£0.57/100g']",2.75,£0.57/100g
19345,Pork Farms Medium Pork Pie,https://www.tesco.com/groceries/en-GB/products/273445948,1687641988.167182,"['£2.20', '£2.20/each']",2.2,£2.20/each
19346,Tesco Indian Naan Breads 320G,https://www.tesco.com/groceries/en-GB/products/256236588,1687641988.2500758,"['£1.50', '£0.47/100g']",1.5,£0.47/100g
19347,Oatly The Original Barista Edition Oat Drink 1 Litre,https://www.tesco.com/groceries/en-GB/products/312104631,1687641988.34109,"['£2.20', '£2.20/litre']",2.2,£2.20/litre
19348,Tesco Natural Cottage Cheese Fat 600G,https://www.tesco.com/groceries/en-GB/products/274436278,1687641988.424607,"['£2.50', '£4.17/kg']",2.5,£4.17/kg
19349,Tesco Meat & Cheese Snacking Selection 105G,https://www.tesco.com/groceries/en-GB/products/305828234,1687641988.508978,"['£2.65', '£2.52/100g']",2.65,£2.52/100g
19350,Innocent Kids Smoothie Cherries Strawberries 4X150ml,https://www.tesco.com/groceries/en-GB/products/305529496,1687641988.65523,"['£3.60', '£0.60/100ml']",3.6,£0.60/100ml
19351,Tesco Raspberries & Blueberries 200G,https://www.tesco.com/groceries/en-GB/products/305977327,1687641988.776405,"['£2.75', '£13.75/kg']",2.75,£13.75/kg
19352,Cathedal City Mature Lighter 550G,https://www.tesco.com/groceries/en-GB/products/306504063,1687641988.8653271,"['£5.40', '£9.82/kg']",5.4,£9.82/kg
19353,Tesco Finest Spinach Pinenut Pasta 215G,https://www.tesco.com/groceries/en-GB/products/266078241,1687641989.0361369,"['£2.35', '£1.09/100g']",2.35,£1.09/100g
19354,The Collective Suckies Banana Yogurt 90G,https://www.tesco.com/groceries/en-GB/products/312085986,1687641989.153194,"['£0.95', '£1.06/100g']",0.95,£1.06/100g
19355,Tesco 100% Pressed Tomato Juice 1L,https://www.tesco.com/groceries/en-GB/products/293945270,1687641989.2773051,"['£1.70', '£0.17/100ml']",1.7,£0.17/100ml
19356,Milkybar Milk Slices 4X26g,https://www.tesco.com/groceries/en-GB/products/295790856,1687641989.351439,"['£1.35', '£1.30/100g']",1.35,£1.30/100g
19357,Jaffa Seedless Lemons Minimum 4Pack,https://www.tesco.com/groceries/en-GB/products/309172075,1687641989.42541,"['£1.60', '£0.40/each']",1.6,£0.40/each
19358,Oasis Summer Fruits 500Ml,https://www.tesco.com/groceries/en-GB/products/256942268,1687641995.4080372,"['£1.70', '£0.34/100ml']",1.7,£0.34/100ml
19359,Tesco Pineapple Paradise Fruit Smoothie 750Ml,https://www.tesco.com/groceries/en-GB/products/305948408,1687641995.527369,"['£1.80', '£0.24/100ml']",1.8,£0.24/100ml
19360,Alpro Almond Chilled Drink 1 Litre,https://www.tesco.com/groceries/en-GB/products/272103255,1687641995.6020532,"['£2.10', '£2.10/litre']",2.1,£2.10/litre
19361,Tesco Plant Chef Soya Alternative To Plain Yogurt 500G,https://www.tesco.com/groceries/en-GB/products/311693106,1687641995.711074,"['£1.45', '£2.90/kg']",1.45,£2.90/kg
19362,Tesco Organic Spinach 200G,https://www.tesco.com/groceries/en-GB/products/250342022,1687641995.7809112,"['£1.90', '£9.50/kg']",1.9,£9.50/kg
19363,Aero Mint Chocolate Mousse 4X58g,https://www.tesco.com/groceries/en-GB/products/259953235,1687641995.8615859,"['£1.85', '£0.80/100g']",1.85,£0.80/100g
19364,Ocean Spray Blueberry Juice Drink 1 Litre,https://www.tesco.com/groceries/en-GB/products/266597882,1687641995.956374,"['£1.75', '£0.18/100ml']",1.75,£0.18/100ml
19365,Pomegreat Pomegranate Juice Drink 1 Litre,https://www.tesco.com/groceries/en-GB/products/256648058,1687641996.023642,"['£1.85', '£0.18/100ml']",1.85,£0.18/100ml
19366,Tesco 10 Reduced Fat Mild Slices 200G,https://www.tesco.com/groceries/en-GB/products/263277540,1687641996.113239,"['£1.30', '£6.50/kg']",1.3,£6.50/kg
19367,Lactofree Milk Longlife Portions 5X20ml,https://www.tesco.com/groceries/en-GB/products/267309503,1687641996.181772,"['£0.75', '£7.50/litre']",0.75,£7.50/litre
19368,Tesco Mixed Nuts & Pecans 25G,https://www.tesco.com/groceries/en-GB/products/299497679,1687641996.2515242,"['£0.50', '£20.00/kg']",0.5,£20.00/kg
19369,Tesco Peppered Smoked Mackerel Fillets,https://www.tesco.com/groceries/en-GB/products/251631082,1687641996.349189,"['£3.31', '£12.50/kg']",3.31,£12.50/kg
19370,Pizza Express La Reine Classic 290G,https://www.tesco.com/groceries/en-GB/products/291358870,1687641996.422289,"['£5.50', '£1.90/100g']",5.5,£1.90/100g
19371,Tesco Hot Smoked Roasted Salmon Fillets 180G,https://www.tesco.com/groceries/en-GB/products/281693238,1687641996.494569,"['£5.50', '£3.06/100g']",5.5,£3.06/100g
19372,Tesco Whole Longlife Milk 6X1l,https://www.tesco.com/groceries/en-GB/products/260333496,1687641996.568355,"['£5.80', '£0.97/litre']",5.8,£0.97/litre
19373,Powters Newmarket Sausage 400G,https://www.tesco.com/groceries/en-GB/products/260391909,1687641996.641085,"['£3.75', '£9.38/kg']",3.75,£9.38/kg
19374,Tesco Finest Canadian Cooked Prawns 150G,https://www.tesco.com/groceries/en-GB/products/306821384,1687641996.712694,"['£3.50', '£23.33/kg']",3.5,£23.33/kg
19375,Tesco Pork Leg Joint 1Kg,https://www.tesco.com/groceries/en-GB/products/290028259,1687641996.781279,"['£6.40', '£6.40/kg']",6.4,£6.40/kg
19376,Pilgrims Choice Lighter Mature Cheddar Cheese 350G,https://www.tesco.com/groceries/en-GB/products/268111124,1687641996.856169,"['£4.20', '£12.00/kg']",4.2,£12.00/kg
19377,Tesco Gammon Steak With Cheese & Pineapple 345G,https://www.tesco.com/groceries/en-GB/products/289599764,1687641996.945605,"['£4.20', '£12.17/kg']",4.2,£12.17/kg
19378,Innocent Strawberry & Banana Smoothie 750Ml,https://www.tesco.com/groceries/en-GB/products/270927464,1687641997.034058,"['£3.50', '£0.47/100ml']",3.5,£0.47/100ml
19379,For Goodness Shakes Protein Chocolate 475Ml,https://www.tesco.com/groceries/en-GB/products/279846240,1687641997.10296,"['£2.30', '£0.48/100ml']",2.3,£0.48/100ml
19380,Alpro Soya Longlife Chocolate Shakes 3X250ml,https://www.tesco.com/groceries/en-GB/products/250126054,1687641997.195879,"['£2.10', '£2.80/litre']",2.1,£2.80/litre
19381,Alpro Yogurt Alternative Blueberry 500G,https://www.tesco.com/groceries/en-GB/products/293836997,1687641997.2731478,"['£2.10', '£0.42/100g']",2.1,£0.42/100g
19382,Yazoo Strawberry Milkshake 1 Litre Bottle,https://www.tesco.com/groceries/en-GB/products/258836704,1687641997.343787,"['£2.00', '£0.20/100ml']",2.0,£0.20/100ml
19383,Tesco Pork Stir Fry 500G,https://www.tesco.com/groceries/en-GB/products/276105696,1687641997.429056,"['£4.00', '£8.00/kg']",4.0,£8.00/kg
19384,Cully&Sully Tomato&Basil Soup 400G,https://www.tesco.com/groceries/en-GB/products/263663739,1687641997.5088818,"['£2.00', '£0.50/100g']",2.0,£0.50/100g
19385,Gosh Veggie Cocktail Sausages 216G,https://www.tesco.com/groceries/en-GB/products/314432437,1687641997.586549,"['£2.10', '£0.97/100g']",2.1,£0.97/100g
19386,Tesco Creme Brulee 2X96g,https://www.tesco.com/groceries/en-GB/products/256270878,1687641997.663199,"['£1.95', '£1.02/100g']",1.95,£1.02/100g
19387,Tesco Chicken & Bacon Sandwich Filler 450G,https://www.tesco.com/groceries/en-GB/products/307153061,1687641997.735255,"['£3.00', '£0.67/100g']",3.0,£0.67/100g
19388,Tesco Medium Pot Curled Parsley,https://www.tesco.com/groceries/en-GB/products/256212432,1687641997.820622,"['£1.50', '£1.50/each']",1.5,£1.50/each
19389,Tesco Mousse 6X60g,https://www.tesco.com/groceries/en-GB/products/287661181,1687641997.8969102,"['£1.45', '£0.40/100g']",1.45,£0.40/100g
19390,Tesco Tropical Tray 250G,https://www.tesco.com/groceries/en-GB/products/302972366,1687641997.971955,"['£2.25', '£9.00/kg']",2.25,£9.00/kg
19391,Tesco Plant Chef 4 Spicy Katsu Hot Dogs 320G,https://www.tesco.com/groceries/en-GB/products/313950404,1687641998.04883,"['£2.00', '£6.25/kg']",2.0,£6.25/kg
19392,Tesco New York Style Pork Rib 460G,https://www.tesco.com/groceries/en-GB/products/284949802,1687641998.1326551,"['£4.50', '£9.78/kg']",4.5,£9.78/kg
19393,Bernard Matthews Cooked Turkey Breast Chunks 90G,https://www.tesco.com/groceries/en-GB/products/312713601,1687641998.2557921,"['£1.20', '£1.33/100g']",1.2,£1.33/100g
19394,Deli Culture German Salami 24 Slices 250G,https://www.tesco.com/groceries/en-GB/products/307758630,1687641998.337059,"['£1.95', '£0.78/100g']",1.95,£0.78/100g
19395,Tesco Organic White Potatoes 1.5Kg,https://www.tesco.com/groceries/en-GB/products/288043116,1687641998.4058702,"['£1.50', '£1.00/kg']",1.5,£1.00/kg
19396,Apetina Classic Block Cheese 200G,https://www.tesco.com/groceries/en-GB/products/260650327,1687641998.490315,"['£1.80', '£9.00/kg']",1.8,£9.00/kg
19397,Tesco Finest Red Leicester Truckle 200G,https://www.tesco.com/groceries/en-GB/products/304379501,1687641998.616205,"['£2.20', '£11.00/kg']",2.2,£11.00/kg
19398,Tesco Tarragon 20G,https://www.tesco.com/groceries/en-GB/products/304413790,1687641998.7264798,"['£0.60', '£0.30/10g']",0.6,£0.30/10g
19399,Tesco Lamb Rogan Josh With Pilau Rice 400G,https://www.tesco.com/groceries/en-GB/products/310156128,1687641998.8113542,"['£3.00', '£7.50/kg']",3.0,£7.50/kg
19400,Tesco Plant Chef Red Pepper & Bean Bangers 300G,https://www.tesco.com/groceries/en-GB/products/313624584,1687641998.9176,"['£1.95', '£6.50/kg']",1.95,£6.50/kg
19401,Tesco Medjool Dates 3 Pack,https://www.tesco.com/groceries/en-GB/products/302687387,1687641999.0156102,"['£0.85', '£0.28/each']",0.85,£0.28/each
19402,Tesco Plant Chef Meat-Free Korean Style Bangers 300G,https://www.tesco.com/groceries/en-GB/products/313759211,1687641999.125047,"['£1.95', '£6.50/kg']",1.95,£6.50/kg
19403,Charlie Bigham's Chicken Tikka Masala 805G,https://www.tesco.com/groceries/en-GB/products/291242200,1687641999.249414,"['£9.50', '£11.80/kg']",9.5,£11.80/kg
19404,Innocent Kids Orange Mango & Pineapple 10X150ml,https://www.tesco.com/groceries/en-GB/products/305251351,1687641999.33624,"['£7.00', '£0.47/100ml']",7.0,£0.47/100ml
19405,Tesco 2 Cooked Skinless Chicken Breast Fillets 220G,https://www.tesco.com/groceries/en-GB/products/306938004,1687641999.435057,"['£4.15', '£1.89/100g']",4.15,£1.89/100g
19406,Lipton Ice Tea Peach 500Ml,https://www.tesco.com/groceries/en-GB/products/265633012,1687642005.9609978,"['£1.60', '£0.32/100ml']",1.6,£0.32/100ml
19407,Tesco Prime Cuts Garlic & Herb Ham 130G,https://www.tesco.com/groceries/en-GB/products/307733947,1687642006.084141,"['£2.25', '£1.73/100g']",2.25,£1.73/100g
19408,Counter Belton Farm Port Wine Derby Cheese 200G,https://www.tesco.com/groceries/en-GB/products/302301735,1687642006.178899,"['£2.20', '£11.00/kg']",2.2,£11.00/kg
19409,Ilchester Cheddar Cheese With Truffle 180G,https://www.tesco.com/groceries/en-GB/products/312827743,1687642006.279412,"['£2.20', '£0.01/kg']",2.2,£0.01/kg
19410,Tesco Mature Cheddar Oak Smoked Tomato & Herbs 180G,https://www.tesco.com/groceries/en-GB/products/312828707,1687642006.3719628,"['£2.50', '£13.89/kg']",2.5,£13.89/kg
19411,Twix Chocolate Bar 75G,https://www.tesco.com/groceries/en-GB/products/282539902,1687642006.475379,"['£0.90', '£1.20/100g']",0.9,£1.20/100g
19412,Tesco Pure Orange Juice With Bits 1L,https://www.tesco.com/groceries/en-GB/products/251741199,1687642006.5881448,"['£1.15', '£0.12/100ml']",1.15,£0.12/100ml
19413,Tesco Finest Steak & Red Wine Gravy Pie 500G,https://www.tesco.com/groceries/en-GB/products/304400413,1687642006.6823769,"['£4.95', '£0.99/100g']",4.95,£0.99/100g
19414,Charlie Bigham's Fish Pie 655G,https://www.tesco.com/groceries/en-GB/products/291241874,1687642006.754017,"['£9.50', '£14.50/kg']",9.5,£14.50/kg
19415,Tesco A Taste Of India Chicken Pakora 150G,https://www.tesco.com/groceries/en-GB/products/293944696,1687642006.843977,"['£3.30', '£22.00/kg']",3.3,£22.00/kg
19416,Tesco Rhubarb Pie Each,https://www.tesco.com/groceries/en-GB/products/254735283,1687642006.915746,"['£1.90', '£1.90/each']",1.9,£1.90/each
19417,Onken Naked Strawberry Yogurt Pouch 110G,https://www.tesco.com/groceries/en-GB/products/303673972,1687642006.983448,"['£1.25', '£1.14/100g']",1.25,£1.14/100g
19418,Jamie Oliver Bolognese Tortelloni Pasta 250G,https://www.tesco.com/groceries/en-GB/products/305952662,1687642007.099776,"['£2.60', '£10.40/kg']",2.6,£10.40/kg
19419,Flora Pro Activ Olive Oil Spread 450G,https://www.tesco.com/groceries/en-GB/products/312357170,1687642007.175447,"['£4.50', '£10.00/kg']",4.5,£10.00/kg
19420,Quorn Spinach And Red Pepper Slices 100G,https://www.tesco.com/groceries/en-GB/products/297661822,1687642007.274737,"['£2.60', '£26.00/kg']",2.6,£26.00/kg
19421,Peperami & Cheese Snack Box 50G,https://www.tesco.com/groceries/en-GB/products/302489656,1687642007.344875,"['£1.50', '£30.00/kg']",1.5,£30.00/kg
19422,Alpro Plant Protein Chocolate Flavoured Soya Drink 1L,https://www.tesco.com/groceries/en-GB/products/304797893,1687642007.436938,"['£2.30', '£2.30/litre']",2.3,£2.30/litre
19423,Oatly Oat Drink Chocolate Deluxe I Litre,https://www.tesco.com/groceries/en-GB/products/305529640,1687642007.511349,"['£2.20', '£2.20/litre']",2.2,£2.20/litre
19424,Oatly Strawberry Oatgurt 400G,https://www.tesco.com/groceries/en-GB/products/305943419,1687642007.584172,"['£2.40', '£0.60/100g']",2.4,£0.60/100g
19425,Annabel Karmel Tomato & Mascarpone With Vegetables 200G,https://www.tesco.com/groceries/en-GB/products/286999376,1687642007.6564019,"['£2.85', '£14.25/kg']",2.85,£14.25/kg
19426,Tesco Cheese Triple Sandwich,https://www.tesco.com/groceries/en-GB/products/264952868,1687642007.755382,"['£2.85', '£2.85/each']",2.85,£2.85/each
19427,Tesco French Style Dressing 175Ml,https://www.tesco.com/groceries/en-GB/products/292619260,1687642007.850066,"['£1.40', '£0.80/100ml']",1.4,£0.80/100ml
19428,Premier Deli Cooked Ham Trimmings 400G,https://www.tesco.com/groceries/en-GB/products/314107573,1687642007.9313421,"['£2.50', '£0.62/100g']",2.5,£0.62/100g
19429,Alpro My Cuppa Soya Drink 750Ml,https://www.tesco.com/groceries/en-GB/products/307744208,1687642008.010944,"['£1.95', '£2.60/litre']",1.95,£2.60/litre
19430,Better Nature Organic Tempeh 200G,https://www.tesco.com/groceries/en-GB/products/314601333,1687642008.0891461,"['£2.70', '£13.50/kg']",2.7,£13.50/kg
19431,Tesco Watermelon & Mango 230G,https://www.tesco.com/groceries/en-GB/products/309472739,1687642008.1895711,"['£2.25', '£0.98/100g']",2.25,£0.98/100g
19432,Fanta Orange 500Ml,https://www.tesco.com/groceries/en-GB/products/252061921,1687642008.268812,"['£1.70', '£0.34/100ml']",1.7,£0.34/100ml
19433,Tesco Pink Lady Apple & Grape Pot 100G,https://www.tesco.com/groceries/en-GB/products/301513359,1687642008.402434,"['£1.25', '£1.25/100g']",1.25,£1.25/100g
19434,Relentless Origin 500Ml,https://www.tesco.com/groceries/en-GB/products/260274716,1687642008.529176,"['£1.25', '£0.25/100ml']",1.25,£0.25/100ml
19435,Tesco Plant Chef Soya Alternative To Greek Style Yogurt 400G,https://www.tesco.com/groceries/en-GB/products/311442721,1687642008.66559,"['£1.45', '£3.62/kg']",1.45,£3.62/kg
19436,Starbucks Skinny Latte 220Ml,https://www.tesco.com/groceries/en-GB/products/277569409,1687642008.733761,"['£2.20', '£1.00/100ml']",2.2,£1.00/100ml
19437,Butlers Farmhouse Cheeses Firecracker Red Leicester 200G,https://www.tesco.com/groceries/en-GB/products/312557895,1687642008.853395,"['£2.70', '£13.50/kg']",2.7,£13.50/kg
19438,Tesco Egg Protein Pot 90G,https://www.tesco.com/groceries/en-GB/products/303675912,1687642008.968083,"['£1.25', '£1.39/100g']",1.25,£1.39/100g
19439,Lowicz Kefir Yoghurt-Style Drink 400G,https://www.tesco.com/groceries/en-GB/products/290882116,1687642009.149997,"['£0.85', '£0.21/100g']",0.85,£0.21/100g
19440,Tesco Cauliflower Florets 240G,https://www.tesco.com/groceries/en-GB/products/309743932,1687642009.241112,"['£1.25', '£5.21/kg']",1.25,£5.21/kg
19441,Innocent Invigorate Super Smoothie 750Ml,https://www.tesco.com/groceries/en-GB/products/305521078,1687642009.332858,"['£4.50', '£0.60/100ml']",4.5,£0.60/100ml
19442,Tesco Orkney Crab Meat 100G,https://www.tesco.com/groceries/en-GB/products/277116946,1687642009.399728,"['£3.75', '£3.75/100g']",3.75,£3.75/100g
19443,Tesco Free From Cheese & Onion Quiche 160G,https://www.tesco.com/groceries/en-GB/products/308085151,1687642009.487562,"['£2.20', '£1.38/100g']",2.2,£1.38/100g
19444,Pizza Company Waffle Fries 300G,https://www.tesco.com/groceries/en-GB/products/312097868,1687642009.555433,"['£3.15', '£1.05/100g']",3.15,£1.05/100g
19445,Alpro Barista Almond Long Life Drink 1 Litre,https://www.tesco.com/groceries/en-GB/products/304783080,1687642009.659255,"['£2.30', '£2.30/litre']",2.3,£2.30/litre
19446,Minor Figures Everyday Oat Drink 1 Litre,https://www.tesco.com/groceries/en-GB/products/312572162,1687642009.77218,"['£2.00', '£2.00/litre']",2.0,£2.00/litre
19447,Future Farm Plant-Based Future Tvna 150G,https://www.tesco.com/groceries/en-GB/products/313960058,1687642009.8633978,"['£2.50', '£16.67/kg']",2.5,£16.67/kg
19448,Tesco Chicken Caesar Salad 185G,https://www.tesco.com/groceries/en-GB/products/306947984,1687642009.9557278,"['£2.75', '£1.49/100g']",2.75,£1.49/100g
19449,Fage Total 5% Fat Greek Recipe Yogurt 150G,https://www.tesco.com/groceries/en-GB/products/311229681,1687642010.0844412,"['£1.50', '£1.00/100g']",1.5,£1.00/100g
19450,Bonne Maman Strawberry Mousse 2 X 70G,https://www.tesco.com/groceries/en-GB/products/289708182,1687642010.168227,"['£2.20', '£1.57/100g']",2.2,£1.57/100g
19451,Vita Coco Natural Coconut Water 1L,https://www.tesco.com/groceries/en-GB/products/268094074,1687642010.3535628,"['£4.00', '£0.40/100ml']",4.0,£0.40/100ml
19452,The Pizza Company Garlic Doughballs 165G,https://www.tesco.com/groceries/en-GB/products/313174856,1687642010.4490628,"['£3.00', '£1.82/100g']",3.0,£1.82/100g
19453,The Artisan Bread Company Olive Oil Bruschetta 70G,https://www.tesco.com/groceries/en-GB/products/309179275,1687642010.547124,"['£1.80', '£2.57/100g']",1.8,£2.57/100g
19454,Tesco Snack Pack Soft Apricots 50G,https://www.tesco.com/groceries/en-GB/products/302685769,1687642017.13062,"['£1.00', '£20.00/kg']",1.0,£20.00/kg
19455,Tesco Bbq Chicken Wings 750G,https://www.tesco.com/groceries/en-GB/products/309467683,1687642017.242086,"['£5.25', '£0.70/100g']",5.25,£0.70/100g
19456,Tesco Raisins And Cranberries 500G,https://www.tesco.com/groceries/en-GB/products/311807397,1687642017.337054,"['£4.00', '£0.80/100g']",4.0,£0.80/100g
19457,Tesco Finest Tomato & Burrata Ravioli 250G,https://www.tesco.com/groceries/en-GB/products/299829484,1687642017.4367611,"['£3.25', '£13.00/kg']",3.25,£13.00/kg
19458,Tesco Finest Porcini & Black Truffle Mezzelune 250G,https://www.tesco.com/groceries/en-GB/products/299829501,1687642017.519243,"['£3.25', '£13.00/kg']",3.25,£13.00/kg
19459,Costa Coffee Caramel Latte Cans 4 X 250Ml,https://www.tesco.com/groceries/en-GB/products/308850651,1687642017.595538,"['£4.50', '£0.45/100ml']",4.5,£0.45/100ml
19460,Wasabi Chicken Katsu Yakisoba 450G,https://www.tesco.com/groceries/en-GB/products/312722072,1687642017.669148,"['£4.25', '£9.44/kg']",4.25,£9.44/kg
19461,Tesco Ready To Eat 2 Lemon & Peppercorn Steamed Salmon Fillets 180G,https://www.tesco.com/groceries/en-GB/products/310689269,1687642017.7437901,"['£5.50', '£3.06/100g']",5.5,£3.06/100g
19462,Bradleys Jellied Eels 200G,https://www.tesco.com/groceries/en-GB/products/252050208,1687642017.8261409,"['£3.15', '£1.58/100g']",3.15,£1.58/100g
19463,Costa Coffee Late 250Ml,https://www.tesco.com/groceries/en-GB/products/304400252,1687642017.913461,"['£1.80', '£0.72/100ml']",1.8,£0.72/100ml
19464,Tarczynski Pork Kabanos & Chilli 105G,https://www.tesco.com/groceries/en-GB/products/309191985,1687642018.0091038,"['£2.25', '£2.14/100g']",2.25,£2.14/100g
19465,Tesco Finest Prosciutto Cotto With Herbs 100G,https://www.tesco.com/groceries/en-GB/products/304790382,1687642018.084139,"['£2.40', '£2.40/100g']",2.4,£2.40/100g
19466,Tesco Finest Ranch Steaks Plus Garlic & Herb & Pepper Butter 306G,https://www.tesco.com/groceries/en-GB/products/312221722,1687642018.182512,"['£6.50', '£21.24/kg']",6.5,£21.24/kg
19467,Lisner Vegetable Salad With Green Peas 500G,https://www.tesco.com/groceries/en-GB/products/291197275,1687642018.3102689,"['£2.00', '£0.40/100g']",2.0,£0.40/100g
19468,Tesco Plant Chef Alternative To Grated Mozzarella 200G,https://www.tesco.com/groceries/en-GB/products/311788640,1687642018.403251,"['£2.20', '£11.00/kg']",2.2,£11.00/kg
19469,Beretta Antipasto 120G,https://www.tesco.com/groceries/en-GB/products/304403639,1687642018.494155,"['£2.50', '£2.08/100g']",2.5,£2.08/100g
19470,"Tesco Salmon, Hoisin & Cucumber Mini Maki 188G",https://www.tesco.com/groceries/en-GB/products/305959925,1687642018.570981,"['£2.85', '£1.52/100g']",2.85,£1.52/100g
19471,Coca Cola Zero Cherry 500Ml,https://www.tesco.com/groceries/en-GB/products/292389520,1687642018.677939,"['£1.59', '£0.32/100ml']",1.59,£0.32/100ml
19473,Mlekovita Butter 200G,https://www.tesco.com/groceries/en-GB/products/264205947,1687642018.879898,"['£2.20', '£11.00/kg']",2.2,£11.00/kg
19474,The Artisan Bread Company Mini Wheat Toast 90G,https://www.tesco.com/groceries/en-GB/products/309197253,1687642018.9483662,"['£1.80', '£2.00/100g']",1.8,£2.00/100g
19475,Rustlers Meatless Chick Un Fillet 162G,https://www.tesco.com/groceries/en-GB/products/312559075,1687642019.048033,"['£2.00', '£12.35/kg']",2.0,£12.35/kg
19476,Tesco Calorie Controlled Chilli & Rice 380G,https://www.tesco.com/groceries/en-GB/products/312213064,1687642019.1220942,"['£3.00', '£7.90/kg']",3.0,£7.90/kg
19477,Wicked Kitchen Mexican Inspired Breakfast Wrap,https://www.tesco.com/groceries/en-GB/products/308829401,1687642019.218297,"['£3.00', '£3,000.00/kg']",3.0,"£3,000.00/kg"
19478,Rose Bouquet (Yellow),https://www.tesco.com/groceries/en-GB/products/296673026,1687642019.302541,"['£5.00', '£0.83/each']",5.0,£0.83/each
19479,Naked Blue Machine Blueberry Smoothie 300Ml,https://www.tesco.com/groceries/en-GB/products/309489582,1687642019.395394,"['£2.60', '£0.87/100ml']",2.6,£0.87/100ml
19480,Innocent Tropical Defence Super Smoothie 300Ml,https://www.tesco.com/groceries/en-GB/products/305525264,1687642019.5462961,"['£2.36', '£0.79/100ml']",2.36,£0.79/100ml
19481,Peperami Original Single 22.5G,https://www.tesco.com/groceries/en-GB/products/296526940,1687642019.686862,"['£1.25', '£5.56/100g']",1.25,£5.56/100g
19482,Coca Cola Zero 330Ml,https://www.tesco.com/groceries/en-GB/products/273350743,1687642019.8282518,"['£1.00', '£0.30/100ml']",1.0,£0.30/100ml
19483,Peperami Vegerami Smokin' Chick' Nless Bites 40G,https://www.tesco.com/groceries/en-GB/products/308107553,1687642019.956985,"['£1.15', '£28.75/kg']",1.15,£28.75/kg
19484,Tesco Neufchatel Cheese 200G,https://www.tesco.com/groceries/en-GB/products/304786756,1687642020.0313358,"['£2.75', '£13.75/kg']",2.75,£13.75/kg
19485,Tesco Piri Piri Half Chicken 502G,https://www.tesco.com/groceries/en-GB/products/305519669,1687642020.141757,"['£5.00', '£9.96/kg']",5.0,£9.96/kg
19486,Higgidy 8 Spinach Feta & Red Pepper Lattices 160G,https://www.tesco.com/groceries/en-GB/products/314306556,1687642020.223358,"['£3.50', '£2.19/100g']",3.5,£2.19/100g
19487,Arla Bob Mature Cheddar 300G,https://www.tesco.com/groceries/en-GB/products/311257480,1687642020.304536,"['£3.25', '£10.83/kg']",3.25,£10.83/kg
19488,The City Kitchen Honey Sriracha Chicken 380G,https://www.tesco.com/groceries/en-GB/products/308117989,1687642020.378591,"['£3.80', '£10.00/kg']",3.8,£10.00/kg
19489,Finne Brogue Naked Ultimate Pork Sausage 400G,https://www.tesco.com/groceries/en-GB/products/301512084,1687642020.451506,"['£3.50', '£8.75/kg']",3.5,£8.75/kg
19490,Tesco Feta Cubes 410G,https://www.tesco.com/groceries/en-GB/products/312098470,1687642020.523287,"['£3.00', '£20.00/kg DR.WT']",3.0,£20.00/kg DR.WT
19491,Tesco Finest Halkidiki & Kalamata Olives 160G,https://www.tesco.com/groceries/en-GB/products/304371066,1687642020.59509,"['£2.70', '£1.69/100g']",2.7,£1.69/100g
19492,Tropicana Multivitamins 300Ml,https://www.tesco.com/groceries/en-GB/products/287939251,1687642020.714983,"['£1.90', '£0.63/100ml']",1.9,£0.63/100ml
19493,Tesco Deli Roast Chicken Breast 120G,https://www.tesco.com/groceries/en-GB/products/312702643,1687642020.868532,"['£2.75', '£2.29/100g']",2.75,£2.29/100g
19494,Tesco Finest Double Stuffed Halkidiki Olives Red Pepper 160G,https://www.tesco.com/groceries/en-GB/products/308497124,1687642021.004239,"['£2.70', '£1.69/100g']",2.7,£1.69/100g
19495,Tropicana Original Orange Juice 300Ml,https://www.tesco.com/groceries/en-GB/products/287438135,1687642021.119013,"['£1.90', '£0.63/100ml']",1.9,£0.63/100ml
19496,Tesco Coronation Chicken Sandwich,https://www.tesco.com/groceries/en-GB/products/296545962,1687642021.2866292,"['£2.60', '£2.60/each']",2.6,£2.60/each
19497,Quorn Vegan Yorkshire Ham Style Slices 105G,https://www.tesco.com/groceries/en-GB/products/312347723,1687642021.410721,"['£3.00', '£28.57/kg']",3.0,£28.57/kg
19498,Elit Chicken Hot Dogs 650G,https://www.tesco.com/groceries/en-GB/products/309452372,1687642021.489999,"['£2.20', '£0.34/100g']",2.2,£0.34/100g
19499,Bol Indian Black Daal One Pot Meal 450G,https://www.tesco.com/groceries/en-GB/products/313860614,1687642021.567081,"['£2.80', '£6.22/kg']",2.8,£6.22/kg
19500,Tesco 4 British Turkey Burgers 454G,https://www.tesco.com/groceries/en-GB/products/312361256,1687642021.676936,"['£3.50', '£7.71/kg']",3.5,£7.71/kg
19501,Innocent Berry Set Go Juice 750Ml,https://www.tesco.com/groceries/en-GB/products/303415121,1687642021.75351,"['£3.80', '£0.51/100ml']",3.8,£0.51/100ml
19502,Risotto Gallo Risotto Pronto 4 Cheese 175G,https://www.tesco.com/groceries/en-GB/products/267030100,1687642027.179026,"['£2.65', '£0.02/kg']",2.65,£0.02/kg
19503,Tesco Smoked Ham & Mustard Sandwich,https://www.tesco.com/groceries/en-GB/products/274649544,1687642027.288554,"['£2.10', '£2.10/each']",2.1,£2.10/each
19504,Wasabi Spicy Korean Chicken Wings 230G,https://www.tesco.com/groceries/en-GB/products/312834498,1687642027.384994,"['£2.75', '£11.96/kg']",2.75,£11.96/kg
19505,Tesco Beautifully Balanced Indian Inspired Onion Bhaji 255G,https://www.tesco.com/groceries/en-GB/products/308496540,1687642027.459512,"['£2.75', '£1.08/100g']",2.75,£1.08/100g
19506,Tesco Finest Matured Lancashire Cream Cheese 140G,https://www.tesco.com/groceries/en-GB/products/312091007,1687642027.5628428,"['£2.80', '£20.00/kg']",2.8,£20.00/kg
19507,Tesco Tikka Chicken & Mango Chutney Sandwich,https://www.tesco.com/groceries/en-GB/products/278907435,1687642027.634516,"['£2.60', '£2.60/each']",2.6,£2.60/each
19508,Linda Mccartney Vegetarian Mini Pulled Pork Rolls 168G,https://www.tesco.com/groceries/en-GB/products/312341793,1687642027.739289,"['£2.25', '£1.34/100g']",2.25,£1.34/100g
19509,Tesco Teriyaki Beef Brisket 370G,https://www.tesco.com/groceries/en-GB/products/311958802,1687642027.806498,"['£4.00', '£10.81/kg']",4.0,£10.81/kg
19510,Beretta Coppa 80G,https://www.tesco.com/groceries/en-GB/products/307735663,1687642027.879937,"['£2.00', '£2.50/100g']",2.0,£2.50/100g
19511,Bonne Maman Blackcurrant Mousse 2X70g,https://www.tesco.com/groceries/en-GB/products/297005990,1687642027.948687,"['£2.20', '£1.57/100g']",2.2,£1.57/100g
19512,Tesco Peas & Carrots 300G,https://www.tesco.com/groceries/en-GB/products/288458115,1687642028.043531,"['£2.25', '£7.50/kg']",2.25,£7.50/kg
19513,Tesco Potato & Egg Salad 300G,https://www.tesco.com/groceries/en-GB/products/305988003,1687642028.1350532,"['£2.50', '£0.83/100g']",2.5,£0.83/100g
19514,Chop Miso Orange & Ginger Salad Dressing 120G,https://www.tesco.com/groceries/en-GB/products/311936961,1687642028.208391,"['£1.30', '£1.08/100g']",1.3,£1.08/100g
19515,Tesco Fire Pit Triple Grain Salad 450G,https://www.tesco.com/groceries/en-GB/products/308104873,1687642028.2783601,"['£2.50', '£0.56/100g']",2.5,£0.56/100g
19516,Tesco Tex Mex Sticky Bbq Rib Rack 460G,https://www.tesco.com/groceries/en-GB/products/308478677,1687642028.3534799,"['£4.20', '£9.13/kg']",4.2,£9.13/kg
19517,The Corner Deli Co Smoked Paprika Corn 75G,https://www.tesco.com/groceries/en-GB/products/304369012,1687642028.432079,"['£1.70', '£2.27/100g']",1.7,£2.27/100g
19518,Noel Chorizo Iberico 70G,https://www.tesco.com/groceries/en-GB/products/312699974,1687642028.523173,"['£3.00', '£4.29/100g']",3.0,£4.29/100g
19519,Tesco 2 Lemon Parsley Butterflied Sea Bass Fillets 255G,https://www.tesco.com/groceries/en-GB/products/312365943,1687642028.593361,"['£5.50', '£21.57/kg']",5.5,£21.57/kg
19520,Tesco Plant Chef Falafel & Houmous 85G,https://www.tesco.com/groceries/en-GB/products/310162307,1687642028.6630452,"['£1.25', '£1.47/100g']",1.25,£1.47/100g
19521,Pukka Chicken Balti Slice 170G,https://www.tesco.com/groceries/en-GB/products/311931937,1687642028.779937,"['£1.75', '£1.03/100g']",1.75,£1.03/100g
19522,Tesco Tomato & Basil Flavoured Pulse Mix 25G,https://www.tesco.com/groceries/en-GB/products/312573322,1687642028.872083,"['£0.75', '£3.00/100g']",0.75,£3.00/100g
19523,Charlie Bigham's Chicken & Mushroom Risotto 700G,https://www.tesco.com/groceries/en-GB/products/291243440,1687642028.967552,"['£9.50', '£13.57/kg']",9.5,£13.57/kg
19524,Rose & Lily,https://www.tesco.com/groceries/en-GB/products/293377128,1687642029.061562,"['£6.00', '£6.00/each']",6.0,£6.00/each
19525,Fisherman Brown Shrimp 70G,https://www.tesco.com/groceries/en-GB/products/312347700,1687642029.147903,"['£4.20', '£6.00/100g']",4.2,£6.00/100g
19526,Tesco Finest Vegetable Moussaka 800G,https://www.tesco.com/groceries/en-GB/products/313006890,1687642029.235425,"['£6.50', '£8.12/kg']",6.5,£8.12/kg
19527,Tesco Loaded Caramel & Honeycomb Cookie Dough 305G,https://www.tesco.com/groceries/en-GB/products/308477217,1687642029.3449512,"['£4.00', '£1.31/100g']",4.0,£1.31/100g
19528,Higgidy 10 Bang Bang Cauliflower Vegan Dinky Rolls 170G,https://www.tesco.com/groceries/en-GB/products/312586382,1687642029.4235709,"['£3.85', '£2.26/100g']",3.85,£2.26/100g
19529,Tesco Loaded Triple Chocolate Brownie 380G,https://www.tesco.com/groceries/en-GB/products/308832333,1687642029.498803,"['£4.00', '£1.05/100g']",4.0,£1.05/100g
19530,Zott Monte Snack Pack 8X29g,https://www.tesco.com/groceries/en-GB/products/309748414,1687642029.574501,"['£3.25', '£1.40/100g']",3.25,£1.40/100g
19531,Tesco Pesto Pasta With Semi Dried Tomatoes 225G,https://www.tesco.com/groceries/en-GB/products/283195992,1687642029.6484249,"['£2.75', '£0.01/kg']",2.75,£0.01/kg
19532,The Black Farmer Spicy Jerk Chicken With Rice 400G,https://www.tesco.com/groceries/en-GB/products/312362779,1687642029.750079,"['£3.75', '£9.38/kg']",3.75,£9.38/kg
19533,Tesco Chicken In Black Bean Sauce 400G,https://www.tesco.com/groceries/en-GB/products/310664045,1687642029.830493,"['£4.00', '£10.00/kg']",4.0,£10.00/kg
19534,English Cheesecake Company Ltd Lemon & Mascarpone Cheesecake 214G,https://www.tesco.com/groceries/en-GB/products/312836536,1687642029.938834,"['£3.75', '£1.75/100g']",3.75,£1.75/100g
19535,Tesco Plant Chef Alternative To Halloumi 200G,https://www.tesco.com/groceries/en-GB/products/311687356,1687642030.055338,"['£2.30', '£11.50/kg']",2.3,£11.50/kg
19536,Elit Summer Salami 400G,https://www.tesco.com/groceries/en-GB/products/309453584,1687642030.16907,"['£2.10', '£0.52/100g']",2.1,£0.52/100g
19537,Tesco Deli Style Cheese & Pickle Sandwich,https://www.tesco.com/groceries/en-GB/products/311794528,1687642030.238791,"['£2.60', '£2.60/each']",2.6,£2.60/each
19538,Bol Mediterranean Pesto Pasta Fresh Vegetable Pot 345G,https://www.tesco.com/groceries/en-GB/products/310166836,1687642030.3547242,"['£3.45', '£10.00/kg']",3.45,£10.00/kg
19539,Jolly Hog 6 Pork & Bramley Apple Sausages 400G,https://www.tesco.com/groceries/en-GB/products/309498093,1687642030.4628649,"['£3.75', '£9.38/kg']",3.75,£9.38/kg
19540,"Tesco Apple, Mango Strawberry And Raspberry 210G",https://www.tesco.com/groceries/en-GB/products/312985514,1687642030.5605278,"['£2.25', '£1.07/100g']",2.25,£1.07/100g
19541,Mighty M.Lkology Semi Uht Pea Protein Drink 1 Litre,https://www.tesco.com/groceries/en-GB/products/310098749,1687642030.637007,"['£1.90', '£1.90/litre']",1.9,£1.90/litre
19542,Higgidy 10 Cheddar & Chives Dinky Rolls 170G,https://www.tesco.com/groceries/en-GB/products/305983629,1687642030.725295,"['£3.85', '£2.26/100g']",3.85,£2.26/100g
19543,The Corner Deli Co Salted Corn & Habas Fritas 80G,https://www.tesco.com/groceries/en-GB/products/304398265,1687642030.821444,"['£1.70', '£2.12/100g']",1.7,£2.12/100g
19544,Tesco Smoky Red Pepper Dressing 175Ml,https://www.tesco.com/groceries/en-GB/products/307352476,1687642030.917877,"['£1.40', '£0.80/100ml']",1.4,£0.80/100ml
19545,Pakeeza Mango Lassi Thick Yogurt Drink 330G,https://www.tesco.com/groceries/en-GB/products/312982448,1687642031.025603,"['£1.35', '£0.41/100g']",1.35,£0.41/100g
19546,Tesco Tomato & Mozzarella Salad Bowl 220G,https://www.tesco.com/groceries/en-GB/products/308857298,1687642031.095403,"['£2.75', '£1.25/100g']",2.75,£1.25/100g
19547,Takul Halal Kitchen Beef & Vegetable Pasty 140G,https://www.tesco.com/groceries/en-GB/products/312368306,1687642031.1686158,"['£1.50', '£1.07/100g']",1.5,£1.07/100g
19548,Nakd Cocoa Delight 35G,https://www.tesco.com/groceries/en-GB/products/278942260,1687642031.2347991,"['£1.00', '£2.86/100g']",1.0,£2.86/100g
19549,Tesco Sour Cream Chive Flavoured Pulse & Nut Mix 25G,https://www.tesco.com/groceries/en-GB/products/312360107,1687642031.429676,"['£0.75', '£3.00/100g']",0.75,£3.00/100g
19550,Tesco Fresh Egg Custard Tarts 2 Pack,https://www.tesco.com/groceries/en-GB/products/257471105,1687642036.809778,"['£0.85', '£0.42/each']",0.85,£0.42/each
19551,Oggs Plant-Based Mini Chocolate Cupcakes 9 Pack 180G,https://www.tesco.com/groceries/en-GB/products/313362115,1687642036.941765,"['£3.95', '£2.19/100g']",3.95,£2.19/100g
19552,Finest Triple Chocolate Shortbread 4 Pack,https://www.tesco.com/groceries/en-GB/products/257800909,1687642037.152501,"['£1.80', '£0.45/each']",1.8,£0.45/each
19553,Cinnamon Swirl 2 Pack,https://www.tesco.com/groceries/en-GB/products/256943223,1687642037.302851,"['£1.70', '£0.85/each']",1.7,£0.85/each
19554,Tesco Chocolate Brownie Bites 20 Pack,https://www.tesco.com/groceries/en-GB/products/268394928,1687642037.38541,"['£2.30', '£0.12/each']",2.3,£0.12/each
19555,Paul Hollywood 4 Ready To Bake Multi-Seed Rolls,https://www.tesco.com/groceries/en-GB/products/305429741,1687642037.5054002,"['£2.00', '£0.50/each']",2.0,£0.50/each
19556,Heat & Eat White Baguette 3 Pack,https://www.tesco.com/groceries/en-GB/products/309461614,1687642037.58861,"['£1.40', '£0.47/each']",1.4,£0.47/each
19557,Tesco Pink Ring Doughnuts 4 Pack,https://www.tesco.com/groceries/en-GB/products/255874565,1687642037.680214,"['£1.30', '£0.32/each']",1.3,£0.32/each
19558,Crusty White Sandwich Loaf Sliced 800G,https://www.tesco.com/groceries/en-GB/products/258081507,1687642037.757795,"['£1.35', '£0.17/100g']",1.35,£0.17/100g
19559,Warburtons Gluten Free 4 Super Soft Sliced Square Rolls,https://www.tesco.com/groceries/en-GB/products/308494277,1687642037.843531,"['£2.90', '£0.72/each']",2.9,£0.72/each
19560,Tesco 6 Classic Egg Waffles 250G,https://www.tesco.com/groceries/en-GB/products/310685247,1687642037.931514,"['£1.60', '£0.64/100g']",1.6,£0.64/100g
19561,Tesco Fire Pit 8 Sliced Seeded Burger Buns,https://www.tesco.com/groceries/en-GB/products/313840978,1687642038.015933,"['£1.80', '£0.22/each']",1.8,£0.22/each
19562,Warburtons Fruit Loaf With Cinnamon & Raisin 400G,https://www.tesco.com/groceries/en-GB/products/255985687,1687642038.096448,"['£1.95', '£0.49/100g']",1.95,£0.49/100g
19563,Mr Kipling 8 Angel Slices Slices,https://www.tesco.com/groceries/en-GB/products/295848853,1687642038.1711638,"['£3.95', '£0.49/each']",3.95,£0.49/each
19564,Baker Street Burger Buns 6 Pack,https://www.tesco.com/groceries/en-GB/products/308463683,1687642038.272672,"['£1.60', '£0.27/each']",1.6,£0.27/each
19565,Soreen Malt Lunchbox Loaves 5 Pack,https://www.tesco.com/groceries/en-GB/products/273421003,1687642038.36935,"['£1.75', '£0.35/each']",1.75,£0.35/each
19566,Baker Street 4 Hot Dog Rolls,https://www.tesco.com/groceries/en-GB/products/308493065,1687642038.458823,"['£1.60', '£0.40/each']",1.6,£0.40/each
19567,Tesco Fire Pit 8 Sliced Brioche Burger Buns,https://www.tesco.com/groceries/en-GB/products/308475012,1687642038.5588942,"['£1.70', '£0.21/each']",1.7,£0.21/each
19568,Kingsmill Pancakes 6 Pack,https://www.tesco.com/groceries/en-GB/products/253738348,1687642038.650073,"['£1.15', '£19.17/100g']",1.15,£19.17/100g
19569,Mr Kipling Bakewell Slice 6 Pack,https://www.tesco.com/groceries/en-GB/products/254947337,1687642038.735898,"['£2.50', '£0.42/each']",2.5,£0.42/each
19570,Tesco 6 Sultana Scones,https://www.tesco.com/groceries/en-GB/products/279841965,1687642038.845868,"['£1.50', '£0.25/each']",1.5,£0.25/each
19571,Mcvities Jamaica Ginger Cake Each,https://www.tesco.com/groceries/en-GB/products/254946839,1687642038.919038,"['£1.50', '£1.50/each']",1.5,£1.50/each
19572,Tesco Fire Pit 6 Jumbo Brioche Hot Dog Rolls,https://www.tesco.com/groceries/en-GB/products/311216546,1687642038.996812,"['£1.60', '£0.27/each']",1.6,£0.27/each
19573,Hovis Seven Seeds Original 400G,https://www.tesco.com/groceries/en-GB/products/287424635,1687642039.0744839,"['£1.30', '£0.32/100g']",1.3,£0.32/100g
19574,Jason's 4 Everyday White Rolls With Sourdough 320G,https://www.tesco.com/groceries/en-GB/products/313757553,1687642039.1473,"['£1.50', '£0.47/100g']",1.5,£0.47/100g
19575,Mr Kipling Cherry Bakewells 6 Pack,https://www.tesco.com/groceries/en-GB/products/254947838,1687642039.242552,"['£1.99', '£0.33/each']",1.99,£0.33/each
19576,Mr Kipling Angel Slice 6 Pack,https://www.tesco.com/groceries/en-GB/products/296983673,1687642039.312514,"['£2.75', '£0.46/each']",2.75,£0.46/each
19577,Tesco White Sub Rolls 4 Pack,https://www.tesco.com/groceries/en-GB/products/299598842,1687642039.380543,"['£0.95', '£0.24/each']",0.95,£0.24/each
19578,Tesco Finest Wholemeal Seeds And Grains Bread 400G,https://www.tesco.com/groceries/en-GB/products/305836218,1687642039.447605,"['£1.00', '£0.25/100g']",1.0,£0.25/100g
19579,Tesco Assorted Jam Tarts 6 Pack,https://www.tesco.com/groceries/en-GB/products/254947936,1687642039.514945,"['£0.99', '£0.16/each']",0.99,£0.16/each
19580,Tesco Finest 4 Mango & Passion Fruit Buttermilk Pancakes,https://www.tesco.com/groceries/en-GB/products/313734217,1687642039.614004,"['£1.50', '£0.38/each']",1.5,£0.38/each
19581,Ms Molly's 12 Iced Fairy Cakes,https://www.tesco.com/groceries/en-GB/products/300120975,1687642039.6946099,"['£0.99', '£0.08/each']",0.99,£0.08/each
19582,Tgi Cupcakes Strawberry & Chocolate 6 Pack,https://www.tesco.com/groceries/en-GB/products/313610715,1687642039.7872698,"['£4.50', '£0.75/each']",4.5,£0.75/each
19583,Bramley Apple Pie Each,https://www.tesco.com/groceries/en-GB/products/256859922,1687642039.873356,"['£1.90', '£1.90/each']",1.9,£1.90/each
19584,Tesco 8 Sweet Pancakes,https://www.tesco.com/groceries/en-GB/products/258296697,1687642039.9569762,"['£2.85', '£0.36/each']",2.85,£0.36/each
19585,Tesco 4 Triple Chocolate Muffins,https://www.tesco.com/groceries/en-GB/products/268563873,1687642040.034703,"['£1.80', '£0.45/each']",1.8,£0.45/each
19586,Belgian Chocolate Muffins 4 Pack,https://www.tesco.com/groceries/en-GB/products/263905005,1687642040.1173928,"['£1.80', '£0.45/each']",1.8,£0.45/each
19587,Tesco White Iced Ring Doughnuts 4 Pack,https://www.tesco.com/groceries/en-GB/products/296902776,1687642040.209186,"['£1.30', '£0.32/each']",1.3,£0.32/each
19588,Whaoo! Chocolate Filled Crepes 8 Pack 256G,https://www.tesco.com/groceries/en-GB/products/309187121,1687642040.3032022,"['£2.50', '£0.98/100g']",2.5,£0.98/100g
19589,Tesco Finest 4 Belgian Sugar Waffles 200G,https://www.tesco.com/groceries/en-GB/products/311692580,1687642040.396634,"['£1.80', '£0.90/100g']",1.8,£0.90/100g
19590,Tesco White Chocolate Cookies 5 Pack,https://www.tesco.com/groceries/en-GB/products/276132127,1687642040.518574,"['£1.25', '£0.25/each']",1.25,£0.25/each
19591,Double Chocolate Cookie 5 Pack,https://www.tesco.com/groceries/en-GB/products/275156325,1687642040.603146,"['£1.25', '£0.25/each']",1.25,£0.25/each
19592,Warburtons Soft & Sliced Sesame Bagels 5 Pack,https://www.tesco.com/groceries/en-GB/products/304414570,1687642040.6897762,"['£1.85', '£0.37/each']",1.85,£0.37/each
19593,Soreen Sliced Malt Loaf 290G,https://www.tesco.com/groceries/en-GB/products/305953436,1687642040.820022,"['£1.75', '£0.60/100g']",1.75,£0.60/100g
19594,Soreen 5 Apple Lunchbox Loaves 150G,https://www.tesco.com/groceries/en-GB/products/297385855,1687642040.9483252,"['£1.75', '£1.17/100g']",1.75,£1.17/100g
19595,Tesco Finest Rye & Mixed Seed Sourdough 400G,https://www.tesco.com/groceries/en-GB/products/303629473,1687642041.064866,"['£1.70', '£0.42/100g']",1.7,£0.42/100g
19596,New York Bakery Red Onion & Chive Bagels 5 Pack,https://www.tesco.com/groceries/en-GB/products/292885006,1687642041.168308,"['£1.90', '£0.38/each']",1.9,£0.38/each
19597,Tesco Finest 4 Brioche Hot Dog Rolls,https://www.tesco.com/groceries/en-GB/products/305838965,1687642041.244651,"['£1.20', '£0.30/each']",1.2,£0.30/each
19598,Tesco Celebration Cake,https://www.tesco.com/groceries/en-GB/products/264983216,1687642046.780997,"['£10.00', '£10.00/each']",10.0,£10.00/each
19599,Tesco Free From Confetti Cake,https://www.tesco.com/groceries/en-GB/products/308452137,1687642046.857812,"['£10.00', '£10.00/each']",10.0,£10.00/each
19600,Cadbury Heroes Party Cupcakes 9 Pack,https://www.tesco.com/groceries/en-GB/products/306939527,1687642046.9331589,"['£10.00', '£1.11/each']",10.0,£1.11/each
19601,Peppa Pig Traybake,https://www.tesco.com/groceries/en-GB/products/306952522,1687642047.004982,"['£9.50', '£9.50/each']",9.5,£9.50/each
19602,Me To You Gift Cake,https://www.tesco.com/groceries/en-GB/products/277663050,1687642047.0961971,"['£5.00', '£5.00/each']",5.0,£5.00/each
19603,Thorntons Indulgent Chocolate Gift Cake,https://www.tesco.com/groceries/en-GB/products/301044637,1687642047.1665459,"['£5.50', '£5.50/each']",5.5,£5.50/each
19604,Tesco Finest Chocolate & Caramel Gift Cake,https://www.tesco.com/groceries/en-GB/products/312349836,1687642047.246752,"['£5.50', '£5.50/each']",5.5,£5.50/each
19605,Tesco Finest Cookies N' Cream Cookie Cake,https://www.tesco.com/groceries/en-GB/products/311439708,1687642047.3244748,"['£1.85', '£1.85/each']",1.85,£1.85/each
19606,Tesco Finest Chocolate And Salted Caramel Cake,https://www.tesco.com/groceries/en-GB/products/312365632,1687642047.394347,"['£5.50', '£5.50/each']",5.5,£5.50/each
19607,"Tesco Finest Lemon, Lime & White Chocolate Cake",https://www.tesco.com/groceries/en-GB/products/312230930,1687642047.46098,"['£5.50', '£5.50/each']",5.5,£5.50/each
19608,Tgi Fridays Chocolate Brownie Heaven Cake,https://www.tesco.com/groceries/en-GB/products/312694196,1687642047.529991,"['£5.00', '£5.00/each']",5.0,£5.00/each
19609,Seerys Porter Cake 500G,https://www.tesco.com/groceries/en-GB/products/272228919,1687642047.6442602,"['£3.30', '£0.66/100g']",3.3,£0.66/100g
19610,Oggs Vegan Chocolate Fudge Cupcakes 2 Pack 125G,https://www.tesco.com/groceries/en-GB/products/312696997,1687642047.735637,"['£2.35', '£1.86/100g']",2.35,£1.86/100g
19611,Oggs Brownie Bites 126G,https://www.tesco.com/groceries/en-GB/products/310097088,1687642047.824337,"['£2.35', '£1.86/100g']",2.35,£1.86/100g
19612,Mars Chocolate & Caramel Cake,https://www.tesco.com/groceries/en-GB/products/313858946,1687642047.92656,"['£3.50', '£3.50/each']",3.5,£3.50/each
19613,Tesco Finest Caramelised Biscuit Bites 208G,https://www.tesco.com/groceries/en-GB/products/311212003,1687642048.0000892,"['£2.75', '£1.32/100g']",2.75,£1.32/100g
19614,Tesco Finest 2 Sticky Toffee Cupbakes,https://www.tesco.com/groceries/en-GB/products/312343324,1687642048.06939,"['£2.90', '£1.45/each']",2.9,£1.45/each
19615,Tesco Finest Jammy Cookie Cake,https://www.tesco.com/groceries/en-GB/products/312087727,1687642048.1382139,"['£1.85', '£1.85/each']",1.85,£1.85/each
19616,Tesco Rose Bouquet Cake,https://www.tesco.com/groceries/en-GB/products/285313228,1687642048.220703,"['£15.00', '£15.00/each']",15.0,£15.00/each
19617,Nickelodeon Paw Patrol Celebration Cake,https://www.tesco.com/groceries/en-GB/products/289850236,1687642048.2970932,"['£15.00', '£15.00/each']",15.0,£15.00/each
19618,Tesco Finest Belgian Chocolate Cake,https://www.tesco.com/groceries/en-GB/products/305977834,1687642048.3779452,"['£16.00', '£16.00/each']",16.0,£16.00/each
19619,Tesco Finest Lemon Curd Drip Cake,https://www.tesco.com/groceries/en-GB/products/308485189,1687642048.446856,"['£16.00', '£16.00/each']",16.0,£16.00/each
19620,Disney Princess Ensemble Celebration Cake,https://www.tesco.com/groceries/en-GB/products/307158954,1687642048.5131578,"['£14.00', '£14.00/each']",14.0,£14.00/each
19621,Thorntons Celebration Cake Each,https://www.tesco.com/groceries/en-GB/products/272080844,1687642048.581333,"['£15.00', '£15.00/each']",15.0,£15.00/each
19622,Super Mario Celebration Cake,https://www.tesco.com/groceries/en-GB/products/305964969,1687642048.653598,"['£14.00', '£14.00/each']",14.0,£14.00/each
19623,Avengers Celebration Cake,https://www.tesco.com/groceries/en-GB/products/308490984,1687642048.725397,"['£14.00', '£14.00/each']",14.0,£14.00/each
19624,Disney Cars Lightning Mcqueen Chocolate Cake,https://www.tesco.com/groceries/en-GB/products/309748691,1687642048.793609,"['£15.00', '£15.00/each']",15.0,£15.00/each
19625,Tesco Princess Tiara Cake,https://www.tesco.com/groceries/en-GB/products/285312794,1687642048.8627598,"['£14.00', '£14.00/each']",14.0,£14.00/each
19626,Tesco Finest Strawberries & Cream Cake,https://www.tesco.com/groceries/en-GB/products/305945803,1687642048.9364412,"['£16.00', '£16.00/each']",16.0,£16.00/each
19627,Tesco Finest Blonde Cake,https://www.tesco.com/groceries/en-GB/products/311275878,1687642049.003856,"['£16.00', '£16.00/each']",16.0,£16.00/each
19628,Tesco Banoffee Celebration Cake,https://www.tesco.com/groceries/en-GB/products/312096558,1687642049.0742211,"['£13.00', '£13.00/each']",13.0,£13.00/each
19629,Sonic The Hedgehog Celebration Cake,https://www.tesco.com/groceries/en-GB/products/309479968,1687642049.144806,"['£13.00', '£13.00/each']",13.0,£13.00/each
19630,England Shirt Shaped Cake,https://www.tesco.com/groceries/en-GB/products/312367440,1687642049.226166,"['£13.00', '£13.00/each']",13.0,£13.00/each
19631,Tesco Finest Trillionaire Cake,https://www.tesco.com/groceries/en-GB/products/309759862,1687642049.295496,"['£16.00', '£16.00/each']",16.0,£16.00/each
19632,Tesco Finest Mocha Cake,https://www.tesco.com/groceries/en-GB/products/311275170,1687642049.372422,"['£16.00', '£16.00/each']",16.0,£16.00/each
19633,Tesco Patch The Puppy Cake,https://www.tesco.com/groceries/en-GB/products/312368519,1687642049.452373,"['£12.00', '£12.00/each']",12.0,£12.00/each
19634,Maltesers 12 Double Choc Crunchy Munchy Cupcakes,https://www.tesco.com/groceries/en-GB/products/308494657,1687642049.5326998,"['£10.00', '£0.83/each']",10.0,£0.83/each
19635,Tesco White Chocolate Cake,https://www.tesco.com/groceries/en-GB/products/312356827,1687642049.60734,"['£13.00', '£13.00/each']",13.0,£13.00/each
19636,Tesco Tess The Tiger Cake,https://www.tesco.com/groceries/en-GB/products/311939969,1687642049.6812549,"['£12.00', '£12.00/each']",12.0,£12.00/each
19637,Tesco Finest Butterscotch Brownie Cake,https://www.tesco.com/groceries/en-GB/products/310683304,1687642049.7601879,"['£16.00', '£16.00/each']",16.0,£16.00/each
19638,Tesco Finest Lemon & White Chocolate Gift Cake,https://www.tesco.com/groceries/en-GB/products/312568945,1687642049.8489048,"['£5.50', '£5.50/each']",5.5,£5.50/each
19639,Tgi Fridays Caramel Blondie,https://www.tesco.com/groceries/en-GB/products/312699133,1687642049.921939,"['£5.00', '£5.00/each']",5.0,£5.00/each
19640,Cadbury Mini Rolls Raspberry 10 Pack,https://www.tesco.com/groceries/en-GB/products/295848818,1687642050.015658,"['£3.95', '£0.40/each']",3.95,£0.40/each
19641,Cadbury Mini Rolls Milk Chocolate 10 Pack,https://www.tesco.com/groceries/en-GB/products/295848830,1687642050.091567,"['£3.95', '£0.40/each']",3.95,£0.40/each
19642,Thorntons Chocolate & Hazelnut Brookie Bars 4 Pack,https://www.tesco.com/groceries/en-GB/products/312720581,1687642050.2245498,"['£2.25', '£0.56/each']",2.25,£0.56/each
19643,Peppa Pig Celebration Cake,https://www.tesco.com/groceries/en-GB/products/313956611,1687642050.360924,"['£12.00', '£12.00/each']",12.0,£12.00/each
19644,Tesco Finest Belgian Triple Chocolate Muffins 2 Pack,https://www.tesco.com/groceries/en-GB/products/311265533,1687642050.460714,"['£1.90', '£0.95/each']",1.9,£0.95/each
19645,Mini Danish Selection 5 Pack,https://www.tesco.com/groceries/en-GB/products/273889083,1687642050.6535418,"['£1.75', '£0.35/each']",1.75,£0.35/each
19646,Tesco Chicken Korma With Pilau Rice 400G,https://www.tesco.com/groceries/en-GB/products/299917719,1687642056.547555,"['£1.75', '£4.38/kg']",1.75,£4.38/kg
19647,Tesco Casserole Beef 500G,https://www.tesco.com/groceries/en-GB/products/260067183,1687642056.637957,"['£4.50', '£9.00/kg']",4.5,£9.00/kg
19648,Ms Molly's Lemon Swirl Cheesecake 375G,https://www.tesco.com/groceries/en-GB/products/299475302,1687642056.7328231,"['£0.80', '£0.21/100g']",0.8,£0.21/100g
19649,Tesco Finest 8 Mini Lobster Mac & Cheese 160G,https://www.tesco.com/groceries/en-GB/products/312231589,1687642056.822442,"['£2.25', '£1.41/100g']",2.25,£1.41/100g
19650,Tesco Basa Fillets 500G,https://www.tesco.com/groceries/en-GB/products/268228424,1687642056.93972,"['£4.00', '£8.00/kg']",4.0,£8.00/kg
19651,Goodfella's Gluten Free Margherita Pizza 328G,https://www.tesco.com/groceries/en-GB/products/288017880,1687642057.023115,"['£3.75', '£11.43/kg']",3.75,£11.43/kg
19652,Goodfella's Pepperoni Pizza Gluten Free 317G,https://www.tesco.com/groceries/en-GB/products/307340657,1687642057.110155,"['£3.75', '£1.18/100g']",3.75,£1.18/100g
19653,Tesco Steam Bags Long Grain White Rice 4 X 200G,https://www.tesco.com/groceries/en-GB/products/260409799,1687642057.194227,"['£2.50', '£3.12/kg']",2.5,£3.12/kg
19654,Tesco 4 Steam Bag Carrots Broccoli & Sweetcorn 640G,https://www.tesco.com/groceries/en-GB/products/271223759,1687642057.286089,"['£2.50', '£3.91/kg']",2.5,£3.91/kg
19655,Jus-Rol 2 Shortcrust Pastry Blocks 1Kg,https://www.tesco.com/groceries/en-GB/products/252632373,1687642057.367606,"['£2.80', '£0.28/100g']",2.8,£0.28/100g
19656,Strong Roots Oven Baked Sweet Potato Fries 500G,https://www.tesco.com/groceries/en-GB/products/292523862,1687642057.449266,"['£3.30', '£6.60/kg']",3.3,£6.60/kg
19657,Tesco Finest Raspberry & Dark Chocolate Roulade 450G,https://www.tesco.com/groceries/en-GB/products/305729766,1687642057.54497,"['£5.00', '£1.11/100g']",5.0,£1.11/100g
19658,Tesco Southern Fried Mini Chicken Breast Fillets 300G,https://www.tesco.com/groceries/en-GB/products/262083678,1687642057.63306,"['£3.00', '£10.00/kg']",3.0,£10.00/kg
19659,Tesco Mediterranean Style Roasting Vegetables 700G,https://www.tesco.com/groceries/en-GB/products/294892180,1687642057.719446,"['£3.00', '£4.29/kg']",3.0,£4.29/kg
19660,Kelly's Cornish Vanilla Dairy Ice Cream 2 Litres,https://www.tesco.com/groceries/en-GB/products/252335598,1687642057.805602,"['£5.00', '£0.25/100ml']",5.0,£0.25/100ml
19661,Aunt Bessie's Mashed Carrot & Swede 500G,https://www.tesco.com/groceries/en-GB/products/268323259,1687642057.88912,"['£2.50', '£5.00/kg']",2.5,£5.00/kg
19662,Birds Eye 8 Crispy Batter Fish Fingers 224G,https://www.tesco.com/groceries/en-GB/products/265536824,1687642057.982595,"['£2.00', '£8.93/kg']",2.0,£8.93/kg
19663,Tesco Diced Chicken Breast Fillets 640G,https://www.tesco.com/groceries/en-GB/products/295710820,1687642058.091506,"['£4.20', '£6.56/kg']",4.2,£6.56/kg
19664,Tesco 4 Chicken & Vegetable Pies 568G,https://www.tesco.com/groceries/en-GB/products/287490313,1687642058.190899,"['£2.50', '£0.44/100g']",2.5,£0.44/100g
19665,Zizzi Rustica Piccante Pepperoni Pizza 410G,https://www.tesco.com/groceries/en-GB/products/311253115,1687642058.27895,"['£4.15', '£1.01/100g']",4.15,£1.01/100g
19666,Cadbury Flake 99 Ice Cream Cones 4 X 125Ml,https://www.tesco.com/groceries/en-GB/products/251821479,1687642058.3881862,"['£4.00', '£0.80/100ml']",4.0,£0.80/100ml
19667,The Real Yorkshire Pudding Co. 6 Gluten Free Yorkshire Puddings 180G,https://www.tesco.com/groceries/en-GB/products/311953427,1687642058.492219,"['£2.50', '£13.89/kg']",2.5,£13.89/kg
19668,Birds Eye Hash Brown Waffles 650G,https://www.tesco.com/groceries/en-GB/products/307358280,1687642058.5721998,"['£3.10', '£4.77/kg']",3.1,£4.77/kg
19669,Aunt Bessie's 4 Yorkshire Puddings Sea Salt & Rosemary 220G,https://www.tesco.com/groceries/en-GB/products/309742720,1687642058.653951,"['£2.00', '£9.09/kg']",2.0,£9.09/kg
19670,Tesco 4 Cheese & Bacon Breaded Chicken Kievs 500G,https://www.tesco.com/groceries/en-GB/products/293535996,1687642058.738881,"['£3.00', '£6.00/kg']",3.0,£6.00/kg
19671,Tesco 4 Chicken & Bacon Pies 568G,https://www.tesco.com/groceries/en-GB/products/287490273,1687642058.818125,"['£2.50', '£0.44/100g']",2.5,£0.44/100g
19672,Tesco Family Cottage Pie 1.4Kg,https://www.tesco.com/groceries/en-GB/products/308098942,1687642058.9035158,"['£5.00', '£3.57/kg']",5.0,£3.57/kg
19673,Cadbury Dairy Milk Buttons Ice Cream Cones 4 X 100Ml,https://www.tesco.com/groceries/en-GB/products/282692727,1687642059.006124,"['£2.75', '£0.69/100ml']",2.75,£0.69/100ml
19674,Quorn 12 Sausages 504G,https://www.tesco.com/groceries/en-GB/products/281442254,1687642059.081294,"['£2.95', '£5.85/kg']",2.95,£5.85/kg
19675,Aunt Bessie's Onion Rings 375G,https://www.tesco.com/groceries/en-GB/products/268266126,1687642059.162539,"['£2.35', '£6.27/kg']",2.35,£6.27/kg
19676,Cornetto Mint Ice Cream Cones 6 X 90Ml,https://www.tesco.com/groceries/en-GB/products/303067238,1687642059.231667,"['£3.25', '£0.60/100ml']",3.25,£0.60/100ml
19677,Birds Eye Steamfresh 4 Classic Garden Mix Vegetable 540G,https://www.tesco.com/groceries/en-GB/products/273125982,1687642059.3103948,"['£2.90', '£5.37/kg']",2.9,£5.37/kg
19678,Tesco Finest Valencia Orange Juice Lollies 4 X 73Ml,https://www.tesco.com/groceries/en-GB/products/256174211,1687642059.4272408,"['£2.50', '£0.86/100ml']",2.5,£0.86/100ml
19679,Tesco Finest 4 Beef Burgers 454G,https://www.tesco.com/groceries/en-GB/products/293709025,1687642059.519039,"['£3.75', '£8.26/kg']",3.75,£8.26/kg
19680,Oreo Ice Cream Sandwich 4Pkl 55Ml,https://www.tesco.com/groceries/en-GB/products/306157202,1687642059.6287842,"['£2.00', '£3.64/100ml']",2.0,£3.64/100ml
19681,Solero Exotic Ice Cream 3 X 90Ml,https://www.tesco.com/groceries/en-GB/products/291971159,1687642059.711183,"['£2.50', '£0.93/100ml']",2.5,£0.93/100ml
19682,Tesco Sausage And Mash 400G,https://www.tesco.com/groceries/en-GB/products/303182209,1687642059.8185759,"['£1.70', '£4.25/kg']",1.7,£4.25/kg
19683,Tesco 6 Dark Chocolate Ices 6X70ml,https://www.tesco.com/groceries/en-GB/products/310092600,1687642059.9169018,"['£1.50', '£0.36/100ml']",1.5,£0.36/100ml
19684,Tesco White Chocolate Ice Creams 3X110ml,https://www.tesco.com/groceries/en-GB/products/303067964,1687642060.02454,"['£1.35', '£0.41/100ml']",1.35,£0.41/100ml
19685,Tesco Lamb Hotpot 400G,https://www.tesco.com/groceries/en-GB/products/303182343,1687642060.111377,"['£1.75', '£4.38/kg']",1.75,£4.38/kg
19686,Tesco Shepherds Pie 400G,https://www.tesco.com/groceries/en-GB/products/303182147,1687642060.2423239,"['£1.70', '£4.25/kg']",1.7,£4.25/kg
19687,Tesco All Day Breakfast 350G,https://www.tesco.com/groceries/en-GB/products/292400397,1687642060.325768,"['£2.25', '£6.43/kg']",2.25,£6.43/kg
19688,Hearty Food Co 4 Bean & Cheese Melts 400G,https://www.tesco.com/groceries/en-GB/products/299390350,1687642060.4396281,"['£1.10', '£0.28/100g']",1.1,£0.28/100g
19689,Tesco Chicken Breast Joint 800G,https://www.tesco.com/groceries/en-GB/products/272866077,1687642060.535367,"['£5.10', '£6.38/kg']",5.1,£6.38/kg
19690,Ms Molly's Strawberry Swirl Cheesecake 375G,https://www.tesco.com/groceries/en-GB/products/299475285,1687642060.618817,"['£0.85', '£0.23/100g']",0.85,£0.23/100g
19691,Tesco 8 Mini Fish Pies 124G,https://www.tesco.com/groceries/en-GB/products/312210827,1687642060.7018309,"['£1.50', '£1.21/100g']",1.5,£1.21/100g
19692,Birds Eye 4 Large Breaded Haddock 440G,https://www.tesco.com/groceries/en-GB/products/303334280,1687642060.839974,"['£6.00', '£13.64/kg']",6.0,£13.64/kg
19693,Ben & Jerry's Cookie Dough Vanilla Ice Cream 465Ml,https://www.tesco.com/groceries/en-GB/products/305955388,1687642060.915667,"['£5.00', '£1.08/100ml']",5.0,£1.08/100ml
19694,Tesco Beautifully Balanced Prawn & Kale Linguine 400G,https://www.tesco.com/groceries/en-GB/products/311216984,1687642066.914026,"['£2.30', '£5.75/kg']",2.3,£5.75/kg
19695,Ben & Jerry's Tony's Chocolonely Chocolate Love A Fair Ice Cream 465Ml,https://www.tesco.com/groceries/en-GB/products/312581076,1687642067.0160818,"['£5.00', '£1.08/100ml']",5.0,£1.08/100ml
19696,Ben & Jerry's Cookie Dough Sandwich Up Vanilla Ice Cream 465Ml,https://www.tesco.com/groceries/en-GB/products/305736469,1687642067.179942,"['£5.00', '£1.08/100ml']",5.0,£1.08/100ml
19697,Ben & Jerry's Caramel Chew Chew Ice Cream 465Ml,https://www.tesco.com/groceries/en-GB/products/305968091,1687642067.2938309,"['£5.00', '£1.08/100ml']",5.0,£1.08/100ml
19698,Ben & Jerry's Karamel Sutra Core Ice Cream 465Ml,https://www.tesco.com/groceries/en-GB/products/305956750,1687642067.4548721,"['£5.00', '£1.08/100ml']",5.0,£1.08/100ml
19699,Ben & Jerry's Peanut Butter Cup Ice Cream 465Ml,https://www.tesco.com/groceries/en-GB/products/305947489,1687642067.5878232,"['£5.00', '£1.08/100ml']",5.0,£1.08/100ml
19700,Tesco Free From 4 Breaded Chicken Steaks 380G,https://www.tesco.com/groceries/en-GB/products/281865600,1687642067.712569,"['£4.15', '£10.92/kg']",4.15,£10.92/kg
19701,Goodfellas Takeaway Chicken & Bacon Bbq Pizza 549G,https://www.tesco.com/groceries/en-GB/products/308099797,1687642067.818929,"['£5.00', '£9.11/kg']",5.0,£9.11/kg
19702,Mccain Flavour Maker Smokey Bbq Fries 762G,https://www.tesco.com/groceries/en-GB/products/308112074,1687642067.952278,"['£3.50', '£4.59/kg']",3.5,£4.59/kg
19703,Tesco Finest Chocolate Sauce 250G,https://www.tesco.com/groceries/en-GB/products/276519886,1687642068.047425,"['£2.90', '£1.16/100g']",2.9,£1.16/100g
19704,Birds Eye Texas Style Bbq Popcorn Chicken 325G,https://www.tesco.com/groceries/en-GB/products/309746290,1687642068.169462,"['£4.10', '£12.62/kg']",4.1,£12.62/kg
19705,Crosta & Mollica Pizzeria Imperia Sourdough 419G,https://www.tesco.com/groceries/en-GB/products/308103309,1687642068.294763,"['£5.10', '£1.22/100g']",5.1,£1.22/100g
19706,Kirsty's Free From Pepperoni Pizza 325G,https://www.tesco.com/groceries/en-GB/products/304369634,1687642068.406432,"['£4.10', '£12.62/kg']",4.1,£12.62/kg
19707,Lotus Biscoff Ice Cream Sticks 3X90ml,https://www.tesco.com/groceries/en-GB/products/305977074,1687642068.500237,"['£4.50', '£1.67/100ml']",4.5,£1.67/100ml
19708,Halo Top Gooey Brownie Ice Cream 473Ml,https://www.tesco.com/groceries/en-GB/products/305830759,1687642068.6101062,"['£5.25', '£1.11/100ml']",5.25,£1.11/100ml
19709,Vfc Original Recipe Vegan Crispy Chicken Tenders 200G,https://www.tesco.com/groceries/en-GB/products/312990703,1687642068.709666,"['£3.00', '£15.00/kg']",3.0,£15.00/kg
19710,Youngs Gastro 2 Extra Large Battered Cod Fillets 450G,https://www.tesco.com/groceries/en-GB/products/312579431,1687642068.778954,"['£6.00', '£13.33/kg']",6.0,£13.33/kg
19711,Ben & Jerry's Tony's Chocolonely Chocolate Love A Fair Non Dairy 465Ml,https://www.tesco.com/groceries/en-GB/products/312348031,1687642068.850595,"['£5.00', '£1.08/100ml']",5.0,£1.08/100ml
19712,Northern Dough Co. Pizza Dough Italian Herb 2X200g,https://www.tesco.com/groceries/en-GB/products/308470426,1687642068.9368792,"['£2.60', '£0.59/100g']",2.6,£0.59/100g
19713,Gosh! Original Falafel 308G,https://www.tesco.com/groceries/en-GB/products/312853256,1687642069.015616,"['£2.50', '£8.12/kg']",2.5,£8.12/kg
19714,Strong Roots The Kale & Quinoa Burger 300G,https://www.tesco.com/groceries/en-GB/products/307359958,1687642069.110251,"['£3.30', '£11.00/kg']",3.3,£11.00/kg
19715,Little Moons Honey Roasted Pistachio Mochi Ice Cream 192G,https://www.tesco.com/groceries/en-GB/products/311217159,1687642069.188725,"['£5.00', '£2.60/100g']",5.0,£2.60/100g
19716,Little Moons Chocolate & Hazelnut Ice Cream Mochi 192G,https://www.tesco.com/groceries/en-GB/products/310123980,1687642069.265714,"['£5.00', '£2.60/100g']",5.0,£2.60/100g
19717,Little Moons 6 Creamy Coconut Treats 192G,https://www.tesco.com/groceries/en-GB/products/307746108,1687642069.337715,"['£5.00', '£2.60/100g']",5.0,£2.60/100g
19718,Extreme Cookie Cone Caramel 4X110ml,https://www.tesco.com/groceries/en-GB/products/310663265,1687642069.4161012,"['£4.25', '£0.97/100ml']",4.25,£0.97/100ml
19719,Carousel Nougat Wafers 6 Pack,https://www.tesco.com/groceries/en-GB/products/286787609,1687642069.542576,"['£2.00', '£0.33/each']",2.0,£0.33/each
19720,Tesco Free From 6 Strawberry Splits 6X70g,https://www.tesco.com/groceries/en-GB/products/306660660,1687642069.6409228,"['£2.35', '£0.56/100ml']",2.35,£0.56/100ml
19721,Tesco Strawberry Cheesecake Ice Cream 480Ml,https://www.tesco.com/groceries/en-GB/products/312698497,1687642069.7383838,"['£2.40', '£0.50/100ml']",2.4,£0.50/100ml
19722,Beyond Meatballs 200G,https://www.tesco.com/groceries/en-GB/products/310189057,1687642069.820101,"['£4.00', '£20.00/kg']",4.0,£20.00/kg
19723,Haagen Dazs Mango & Raspberry Ice Cream Bar 3X80ml,https://www.tesco.com/groceries/en-GB/products/295432233,1687642069.89687,"['£4.20', '£1.75/100ml']",4.2,£1.75/100ml
19724,Wicked Kitchen Cookie Dough Ice Dream Treat 500Ml,https://www.tesco.com/groceries/en-GB/products/308117063,1687642069.974017,"['£3.00', '£0.60/100ml']",3.0,£0.60/100ml
19725,Rowntree's Fruit Blaster Ice Lollies 6X58ml,https://www.tesco.com/groceries/en-GB/products/312694187,1687642070.065223,"['£2.50', '£0.72/100ml']",2.5,£0.72/100ml
19726,Oumph! The Spiced Kebab 280G,https://www.tesco.com/groceries/en-GB/products/310650827,1687642070.186753,"['£3.50', '£12.50/kg']",3.5,£12.50/kg
19727,Oumph! Spicy Drums 270G,https://www.tesco.com/groceries/en-GB/products/312992816,1687642070.278303,"['£3.50', '£12.96/kg']",3.5,£12.96/kg
19728,Birds Eye Green Cuisine 4 Veggie Quarter Pounders 454G,https://www.tesco.com/groceries/en-GB/products/312833672,1687642070.372417,"['£3.00', '£6.61/kg']",3.0,£6.61/kg
19729,Mccain Street Fries Cheese & Bacon 300G,https://www.tesco.com/groceries/en-GB/products/310187120,1687642070.459587,"['£3.20', '£10.67/kg']",3.2,£10.67/kg
19730,Tesco Free From Salted Caramel Iced Dessert 900Ml,https://www.tesco.com/groceries/en-GB/products/306802580,1687642070.538977,"['£3.00', '£0.33/100ml']",3.0,£0.33/100ml
19731,Snacksters Classic Hot Dog 135G,https://www.tesco.com/groceries/en-GB/products/311253737,1687642070.621653,"['£1.20', '£8.89/kg']",1.2,£8.89/kg
19732,Tesco Finest Canadian Cooked Prawns 225G,https://www.tesco.com/groceries/en-GB/products/305523531,1687642070.715255,"['£5.20', '£2.31/100g']",5.2,£2.31/100g
19733,Ben & Jerry's Strawberry Cheesecake Ice Cream 465Ml,https://www.tesco.com/groceries/en-GB/products/310699919,1687642070.79916,"['£5.00', '£1.08/100ml']",5.0,£1.08/100ml
19734,Tesco Pork Shoulder In A Bbq Sauce 465G,https://www.tesco.com/groceries/en-GB/products/309207554,1687642070.896608,"['£4.40', '£9.46/kg']",4.4,£9.46/kg
19735,Mccain Takeaway Salt & Pepper Fries 762G,https://www.tesco.com/groceries/en-GB/products/312104429,1687642070.9700701,"['£3.50', '£4.59/kg']",3.5,£4.59/kg
19736,Hollands Potato & Meat Family Pie,https://www.tesco.com/groceries/en-GB/products/307745812,1687642071.049269,"['£4.40', '£4.40/each']",4.4,£4.40/each
19737,Kirsty's Free From Margherita Pizza 315G,https://www.tesco.com/groceries/en-GB/products/301810497,1687642071.171683,"['£4.10', '£1.30/100g']",4.1,£1.30/100g
19738,Tesco Easy Fill Ice Cube Tray,https://www.tesco.com/groceries/en-GB/products/307394725,1687642071.255424,"['£3.25', '£3.25/each']",3.25,£3.25/each
19739,Pret Greens Smoothie Mix 400G,https://www.tesco.com/groceries/en-GB/products/312708118,1687642071.34671,"['£3.50', '£8.75/kg']",3.5,£8.75/kg
19740,Nuii Coconut & Indian Mango Ice Cream 3X90ml,https://www.tesco.com/groceries/en-GB/products/305981172,1687642071.4249,"['£4.00', '£1.48/100ml']",4.0,£1.48/100ml
19741,Halo Top Sea Salt Caramel Ice Cream 473Ml,https://www.tesco.com/groceries/en-GB/products/299443317,1687642071.533649,"['£5.25', '£1.11/100ml']",5.25,£1.11/100ml
19742,Tesco Butter Mintoes 200G,https://www.tesco.com/groceries/en-GB/products/268378378,1687642077.437292,"['£1.10', '£0.55/100g']",1.1,£0.55/100g
19743,Werther's Original Butter Candies 135G,https://www.tesco.com/groceries/en-GB/products/266403370,1687642077.537365,"['£1.22', '£0.90/100g']",1.22,£0.90/100g
19744,Tesco Cosmic Whip Chocolate Bars Multipack 8 X 22g,https://www.tesco.com/groceries/en-GB/products/300876950,1687642077.635605,"['£1.30', '£0.74/100g']",1.3,£0.74/100g
19745,Skittles Fruits Sweets Pouch 152G,https://www.tesco.com/groceries/en-GB/products/311259685,1687642077.718487,"['£0.99', '£0.65/100g']",0.99,£0.65/100g
19746,Tesco Milk Chocolate Butter Biscuits 125G,https://www.tesco.com/groceries/en-GB/products/309167479,1687642077.799104,"['£1.00', '£0.80/100g']",1.0,£0.80/100g
19747,Tesco Meaty Variety Crisps 6X25g,https://www.tesco.com/groceries/en-GB/products/268396241,1687642077.878709,"['£1.10', '£0.73/100g']",1.1,£0.73/100g
19748,Mars Bounty Chocolate Bars Multipack 4 X 57g,https://www.tesco.com/groceries/en-GB/products/272431350,1687642077.950113,"['£1.65', '£0.72/100g']",1.65,£0.72/100g
19749,Maltesers Milk Chocolate Bag 102G,https://www.tesco.com/groceries/en-GB/products/305829106,1687642078.0231721,"['£1.50', '£1.47/100g']",1.5,£1.47/100g
19750,Stockwell & Co. Variety Pack Crisps 6X25g,https://www.tesco.com/groceries/en-GB/products/306653529,1687642078.107923,"['£0.85', '£0.57/100g']",0.85,£0.57/100g
19751,Tesco Cranberries 200G,https://www.tesco.com/groceries/en-GB/products/271074203,1687642078.1814048,"['£2.60', '£13.00/kg']",2.6,£13.00/kg
19752,Tesco Cashew Nuts 200G,https://www.tesco.com/groceries/en-GB/products/266376222,1687642078.262246,"['£3.30', '£16.50/kg']",3.3,£16.50/kg
19753,Kp Dry Roasted Peanuts 250G,https://www.tesco.com/groceries/en-GB/products/299581619,1687642078.341063,"['£3.00', '£12.00/kg']",3.0,£12.00/kg
19754,Sensations Onion & Balsamic Vinegar 150G,https://www.tesco.com/groceries/en-GB/products/267349622,1687642078.413762,"['£2.50', '£1.67/100g']",2.5,£1.67/100g
19755,Tesco Unsalted Mixed Nuts 200G,https://www.tesco.com/groceries/en-GB/products/268419141,1687642078.485476,"['£2.20', '£11.00/kg']",2.2,£11.00/kg
19756,Sensations Mango & Chilli Chutney Poppadoms 82.5G,https://www.tesco.com/groceries/en-GB/products/296801901,1687642078.561725,"['£2.50', '£3.03/100g']",2.5,£3.03/100g
19757,Bear Strawberry Yoyo Multipack 5X20g,https://www.tesco.com/groceries/en-GB/products/271189177,1687642078.6459038,"['£2.85', '£2.85/100g']",2.85,£2.85/100g
19758,Jacobs Cream Crackers 300G,https://www.tesco.com/groceries/en-GB/products/254925029,1687642078.7472389,"['£1.70', '£0.57/100g']",1.7,£0.57/100g
19759,Butterkist Toffee Popcorn 170G,https://www.tesco.com/groceries/en-GB/products/295649616,1687642078.8182359,"['£2.00', '£1.18/100g']",2.0,£1.18/100g
19760,Walkers Meaty Variety Crisps 12X25g,https://www.tesco.com/groceries/en-GB/products/305042316,1687642078.9182458,"['£3.25', '£1.08/100g']",3.25,£1.08/100g
19761,Mccoy's Thai Sweet Chicken Ridge Cut Crisps 6X25g,https://www.tesco.com/groceries/en-GB/products/309760940,1687642078.9921122,"['£2.25', '£1.50/100g']",2.25,£1.50/100g
19762,Walkers Sunbites Sour Cream & Black Pepper 6X25g,https://www.tesco.com/groceries/en-GB/products/264127141,1687642079.061837,"['£1.95', '£1.30/100g']",1.95,£1.30/100g
19763,Mcvities Chocolate Hobnobs 262G,https://www.tesco.com/groceries/en-GB/products/278371514,1687642079.133627,"['£1.90', '£0.72/100g']",1.9,£0.72/100g
19764,Dairylea Cheese Spread 270G,https://www.tesco.com/groceries/en-GB/products/285140562,1687642079.206499,"['£2.40', '£8.89/kg']",2.4,£8.89/kg
19765,Soreen Malt Lunchbox Loaves 5 Pack,https://www.tesco.com/groceries/en-GB/products/273421003,1687642079.279945,"['£1.75', '£0.35/each']",1.75,£0.35/each
19766,Tesco Dry Roasted Peanuts 550G,https://www.tesco.com/groceries/en-GB/products/297512061,1687642079.377402,"['£2.00', '£3.64/kg']",2.0,£3.64/kg
19767,Go Ahead Apple Bakes 6X35g,https://www.tesco.com/groceries/en-GB/products/251232560,1687642079.4496,"['£1.85', '£0.88/100g']",1.85,£0.88/100g
19768,Mr Kipling Bakewell Slice 6 Pack,https://www.tesco.com/groceries/en-GB/products/254947337,1687642079.531583,"['£2.50', '£0.42/each']",2.5,£0.42/each
19769,Kp Hula Hoops Salt & Vinegar 6X24g,https://www.tesco.com/groceries/en-GB/products/287135827,1687642079.628126,"['£2.25', '£1.56/100g']",2.25,£1.56/100g
19770,Kellogg's Rice Krispie Squares Caramel 4 X 36G,https://www.tesco.com/groceries/en-GB/products/250202816,1687642079.725163,"['£2.00', '£1.39/100g']",2.0,£1.39/100g
19771,Pringles Salt & Vinegar Crisps 165G,https://www.tesco.com/groceries/en-GB/products/308832114,1687642079.7974982,"['£1.95', '£1.18/100g']",1.95,£1.18/100g
19772,Philadelphia Garlic & Herbs Soft Cheese 165G,https://www.tesco.com/groceries/en-GB/products/311794004,1687642079.8707871,"['£2.20', '£13.33/kg']",2.2,£13.33/kg
19773,Jacobs Baked Cheddar Biscuits Cheese 150G,https://www.tesco.com/groceries/en-GB/products/254925467,1687642079.967158,"['£1.20', '£0.80/100g']",1.2,£0.80/100g
19774,Tesco Scottish Rough Oatcakes 250G,https://www.tesco.com/groceries/en-GB/products/251373824,1687642080.042034,"['£1.00', '£0.40/100g']",1.0,£0.40/100g
19775,Pom Bear Cheese & Onion Crisps 6 Pack 6 X 13G,https://www.tesco.com/groceries/en-GB/products/302293599,1687642080.119191,"['£1.50', '£1.92/100g']",1.5,£1.92/100g
19776,Rowntrees Vegan Fruit Pastilles 143G,https://www.tesco.com/groceries/en-GB/products/308473498,1687642080.1895108,"['£1.25', '£0.87/100g']",1.25,£0.87/100g
19777,Smiths Chipstick Salt & Vinegar Snack 6 X17g,https://www.tesco.com/groceries/en-GB/products/310185963,1687642080.263626,"['£1.49', '£1.46/100g']",1.49,£1.46/100g
19778,Tesco Oat & Honey Granola Bars 6 Pack 180G,https://www.tesco.com/groceries/en-GB/products/301466944,1687642080.3409522,"['£1.25', '£0.69/100g']",1.25,£0.69/100g
19779,Tesco Soft Apricots 250G,https://www.tesco.com/groceries/en-GB/products/258057537,1687642080.429448,"['£2.00', '£8.00/kg']",2.0,£8.00/kg
19780,Jacobs Hovis Digestives 250G,https://www.tesco.com/groceries/en-GB/products/254922706,1687642080.5119328,"['£1.50', '£0.60/100g']",1.5,£0.60/100g
19781,Tesco Meaty Variety Crisps 30X25g,https://www.tesco.com/groceries/en-GB/products/286717509,1687642080.5907269,"['£4.20', '£0.56/100g']",4.2,£0.56/100g
19782,Cadbury Brunch Bar Raisin 5X32g,https://www.tesco.com/groceries/en-GB/products/309464219,1687642080.6682692,"['£1.15', '£0.72/100g']",1.15,£0.72/100g
19783,Oreo Vanilla 154G,https://www.tesco.com/groceries/en-GB/products/264375347,1687642080.7456372,"['£1.10', '£0.71/100g']",1.1,£0.71/100g
19784,Wagon Wheels Jammie 6 Pack,https://www.tesco.com/groceries/en-GB/products/257595546,1687642080.8550148,"['£1.15', '£0.50/100g']",1.15,£0.50/100g
19785,Tesco Assorted Jam Tarts 6 Pack,https://www.tesco.com/groceries/en-GB/products/254947936,1687642080.9590578,"['£0.99', '£0.16/each']",0.99,£0.16/each
19786,Kinder Chocolate Bars Multipack 8 X 12.5g,https://www.tesco.com/groceries/en-GB/products/254891246,1687642081.038208,"['£1.30', '£1.30/100g']",1.3,£1.30/100g
19787,Tesco Chocolate Chip Cookies 250G,https://www.tesco.com/groceries/en-GB/products/258025719,1687642081.135212,"['£0.85', '£0.34/100g']",0.85,£0.34/100g
19788,Cadbury Chocolate Eclairs 166G,https://www.tesco.com/groceries/en-GB/products/289149439,1687642081.2117472,"['£1.00', '£0.60/100g']",1.0,£0.60/100g
19790,Milkybar White Chocolate Pouch 94G,https://www.tesco.com/groceries/en-GB/products/308468129,1687642086.591317,"['£1.35', '£1.44/100g']",1.35,£1.44/100g
19791,Haribo Jelly Babies Double Trouble 175G,https://www.tesco.com/groceries/en-GB/products/307733642,1687642086.804023,"['£1.25', '£0.71/100g']",1.25,£0.71/100g
19792,Walkers Max Paprika Crisps 50G,https://www.tesco.com/groceries/en-GB/products/290572748,1687642086.907627,"['£0.95', '£1.90/100g']",0.95,£1.90/100g
19793,Cadbury Crunchie Rocks 110G,https://www.tesco.com/groceries/en-GB/products/285332960,1687642087.047133,"['£1.35', '£1.23/100g']",1.35,£1.23/100g
19795,Cadbury Dairy Milk Whole Nut Chocolate Bar 120G,https://www.tesco.com/groceries/en-GB/products/275523231,1687642087.219666,"['£1.35', '£1.12/100g']",1.35,£1.12/100g
19796,The Skinny Cracker Co Rosemary Crackers 185G,https://www.tesco.com/groceries/en-GB/products/311938642,1687642087.30657,"['£1.00', '£0.54/100g']",1.0,£0.54/100g
19797,Properchips Salt & Vinegar Lentil Chips 85G,https://www.tesco.com/groceries/en-GB/products/305736014,1687642087.3915362,"['£2.00', '£2.35/100g']",2.0,£2.35/100g
19798,Proper Chips 85G Bbq,https://www.tesco.com/groceries/en-GB/products/305846270,1687642087.472405,"['£2.00', '£2.35/100g']",2.0,£2.35/100g
19799,Tesco Dark Chocolate Butter Biscuits 125G,https://www.tesco.com/groceries/en-GB/products/309175953,1687642087.551589,"['£1.00', '£0.80/100g']",1.0,£0.80/100g
19800,M&M's Crispy Chocolate Pouch 107G,https://www.tesco.com/groceries/en-GB/products/303670704,1687642087.629039,"['£1.50', '£1.40/100g']",1.5,£1.40/100g
19801,Tesco 10 Chocolate Cake Bars,https://www.tesco.com/groceries/en-GB/products/306926577,1687642087.7083478,"['£1.45', '£0.14/each']",1.45,£0.14/each
19802,Tesco Shortbread Petticoat Tails 450G,https://www.tesco.com/groceries/en-GB/products/293574661,1687642087.789859,"['£2.25', '£0.50/100g']",2.25,£0.50/100g
19803,Tesco Cherry Bakewell Tarts 6 Pack,https://www.tesco.com/groceries/en-GB/products/268405088,1687642087.879296,"['£1.19', '£0.20/each']",1.19,£0.20/each
19804,Lindt Lindor Milk Chocolate Truffles Carton 337G,https://www.tesco.com/groceries/en-GB/products/259183944,1687642087.958766,"['£9.50', '£2.82/100g']",9.5,£2.82/100g
19805,Tesco Finest Ice Cream Madagascan Vanilla 480Ml,https://www.tesco.com/groceries/en-GB/products/303007679,1687642088.029336,"['£3.00', '£0.62/100ml']",3.0,£0.62/100ml
19806,Belvita Milk & Cereal Biscuits 12 Pack 540G,https://www.tesco.com/groceries/en-GB/products/297544535,1687642088.104084,"['£2.90', '£0.54/100g']",2.9,£0.54/100g
19807,Organix 12 Month Strawberry Cereal Bar 6X30g,https://www.tesco.com/groceries/en-GB/products/278233874,1687642088.178872,"['£3.00', '£1.67/100g']",3.0,£1.67/100g
19808,Border Biscuits Sharing Pack 400G,https://www.tesco.com/groceries/en-GB/products/290392552,1687642088.252031,"['£3.75', '£0.94/100g']",3.75,£0.94/100g
19809,Tyrrells Mixed Root Vegetable Crisps 125G,https://www.tesco.com/groceries/en-GB/products/298179879,1687642088.325579,"['£2.75', '£2.20/100g']",2.75,£2.20/100g
19810,Organix 12 Month Goodies Carrot Cake Bar 6X30g,https://www.tesco.com/groceries/en-GB/products/261476025,1687642088.398554,"['£3.00', '£1.67/100g']",3.0,£1.67/100g
19811,Tyrrells Mediterranean Herb Crisps 150G,https://www.tesco.com/groceries/en-GB/products/310668375,1687642088.4735281,"['£2.50', '£1.67/100g']",2.5,£1.67/100g
19812,Green & Blacks Organic Milk Chocolate 90G,https://www.tesco.com/groceries/en-GB/products/303670290,1687642088.5708349,"['£2.45', '£2.72/100g']",2.45,£2.72/100g
19813,Fox's Golden Crunch Cream Biscuit Twin Pack 2X200g,https://www.tesco.com/groceries/en-GB/products/310111504,1687642088.637164,"['£1.95', '£0.49/100g']",1.95,£0.49/100g
19814,Graze Protein Oat Boosts Lemon Blueberry 4X 30G,https://www.tesco.com/groceries/en-GB/products/312367434,1687642088.706614,"['£1.99', '£1.66/100g']",1.99,£1.66/100g
19815,Jacobs Twiglets Snacks 6X24g,https://www.tesco.com/groceries/en-GB/products/273813634,1687642088.7863889,"['£2.00', '£1.39/100g']",2.0,£1.39/100g
19816,Tesco Sesame Seeds 100G,https://www.tesco.com/groceries/en-GB/products/259652136,1687642088.858973,"['£1.15', '£11.50/kg']",1.15,£11.50/kg
19817,Nairns Stem Ginger Oat Biscuits 200G,https://www.tesco.com/groceries/en-GB/products/257859333,1687642088.9272902,"['£1.60', '£0.80/100g']",1.6,£0.80/100g
19818,Kellogg's Nutri-Grain Raisin 6 X 45G,https://www.tesco.com/groceries/en-GB/products/262103796,1687642089.003784,"['£2.50', '£0.93/100g']",2.5,£0.93/100g
19819,Mcvities Dark Chocolate Hobnob 262G,https://www.tesco.com/groceries/en-GB/products/278370924,1687642089.102953,"['£1.90', '£0.72/100g']",1.9,£0.72/100g
19820,Tesco Party Cake Selection 12 Pack,https://www.tesco.com/groceries/en-GB/products/267207059,1687642089.1755798,"['£3.00', '£0.25/each']",3.0,£0.25/each
19821,Nature Valley Sweet & Salty Nut Peanut Bars 4X30g,https://www.tesco.com/groceries/en-GB/products/304374230,1687642089.247524,"['£1.75', '£1.46/100g']",1.75,£1.46/100g
19822,Mr Kipling Almond Slices 6 Pack,https://www.tesco.com/groceries/en-GB/products/254947308,1687642089.317631,"['£2.50', '£0.42/each']",2.5,£0.42/each
19823,Galaxy Milk Chocolate Bar 200G,https://www.tesco.com/groceries/en-GB/products/268549827,1687642089.415169,"['£2.00', '£1.00/100g']",2.0,£1.00/100g
19824,Walkers Wotsits Giants Flamin' Hot Snacks 130G,https://www.tesco.com/groceries/en-GB/products/305955307,1687642089.48961,"['£2.50', '£1.92/100g']",2.5,£1.92/100g
19825,Ryvita Sesame Crisp Bread 250G,https://www.tesco.com/groceries/en-GB/products/254926420,1687642089.5842319,"['£1.60', '£0.64/100g']",1.6,£0.64/100g
19826,Bassetts Liquorice Allsorts 190G,https://www.tesco.com/groceries/en-GB/products/272492835,1687642089.657614,"['£1.50', '£0.79/100g']",1.5,£0.79/100g
19827,Maynards Wine Gums 190G,https://www.tesco.com/groceries/en-GB/products/272493080,1687642089.729571,"['£1.50', '£0.79/100g']",1.5,£0.79/100g
19828,Proper Chips Bbq Lentil Chips 5X14g,https://www.tesco.com/groceries/en-GB/products/310111579,1687642089.798698,"['£1.90', '£2.71/100g']",1.9,£2.71/100g
19829,Nairn's Super Seeded Oatcakes 200G,https://www.tesco.com/groceries/en-GB/products/290089232,1687642089.868761,"['£1.40', '£0.70/100g']",1.4,£0.70/100g
19830,Nestle Kit Kat Chunky Peanut Butter Chocolate Bars Multipack 4 X 34g,https://www.tesco.com/groceries/en-GB/products/310654103,1687642089.936594,"['£1.50', '£1.10/100g']",1.5,£1.10/100g
19831,Nestle Kit Kat Chunky White Chocolate Bars Multipack 4 X 40g,https://www.tesco.com/groceries/en-GB/products/306832307,1687642090.0047119,"['£1.50', '£0.94/100g']",1.5,£0.94/100g
19832,Maoam 8 Pack Bloxx Chewy Sweets 176G,https://www.tesco.com/groceries/en-GB/products/303861876,1687642090.0748868,"['£1.25', '£0.71/100g']",1.25,£0.71/100g
19833,Smarties Pouch 105G,https://www.tesco.com/groceries/en-GB/products/308833384,1687642090.14467,"['£1.35', '£1.29/100g']",1.35,£1.29/100g
19834,Haribo Fruitilicious Fruit Gums 150G,https://www.tesco.com/groceries/en-GB/products/308491637,1687642090.220333,"['£1.25', '£0.83/100g']",1.25,£0.83/100g
19835,Tesco 10 Reduced Fat Mild Slices 200G,https://www.tesco.com/groceries/en-GB/products/263277540,1687642090.2939038,"['£1.30', '£6.50/kg']",1.3,£6.50/kg
19836,Tesco Mini Jelly Beans 85G,https://www.tesco.com/groceries/en-GB/products/255906264,1687642090.374794,"['£0.70', '£0.82/100g']",0.7,£0.82/100g
19837,Bahlsen Pick Up! Minis Milk Chocolate 10.6Gx10,https://www.tesco.com/groceries/en-GB/products/293226763,1687642090.454317,"['£1.00', '£0.94/100g']",1.0,£0.94/100g
19838,Ferrero Collection 30 Pieces Assorted Chocolates 324G,https://www.tesco.com/groceries/en-GB/products/306808487,1687642095.63109,"['£11.50', '£3.55/100g']",11.5,£3.55/100g
19839,Tesco Walnut Halves 250G,https://www.tesco.com/groceries/en-GB/products/256514378,1687642095.716119,"['£3.60', '£14.40/kg']",3.6,£14.40/kg
19840,Ben & Jerry's Oh My Banoffee Pie Ice Cream 427Ml,https://www.tesco.com/groceries/en-GB/products/310184584,1687642095.808877,"['£5.40', '£1.26/100ml']",5.4,£1.26/100ml
19841,Tesco Sesame Seeds 300G,https://www.tesco.com/groceries/en-GB/products/260259682,1687642095.894874,"['£2.50', '£8.33/kg']",2.5,£8.33/kg
19842,Tesco Organic Soft Figs 200G,https://www.tesco.com/groceries/en-GB/products/309465748,1687642096.052799,"['£2.80', '£14.00/kg']",2.8,£14.00/kg
19843,Tesco Finest 4 Millionaire Shortbread Slices,https://www.tesco.com/groceries/en-GB/products/305834981,1687642096.12775,"['£2.70', '£2.70/each']",2.7,£2.70/each
19844,Tesco Peanuts And Raisins 300G,https://www.tesco.com/groceries/en-GB/products/276377586,1687642096.212085,"['£2.10', '£7.00/kg']",2.1,£7.00/kg
19845,Taste Inc 100% Chargrilled Chicken Fillets Bbq 175G,https://www.tesco.com/groceries/en-GB/products/302530095,1687642096.2869508,"['£2.75', '£1.57/100g']",2.75,£1.57/100g
19846,Haagen-Dazs Cookies & Cream Ice Cream 460Ml,https://www.tesco.com/groceries/en-GB/products/300111358,1687642096.360129,"['£5.15', '£1.12/100ml']",5.15,£1.12/100ml
19847,Organix Carrot Stix Multi Pack 4X15g,https://www.tesco.com/groceries/en-GB/products/260827874,1687642096.430027,"['£2.30', '£3.83/100g']",2.3,£3.83/100g
19848,Organix Noughts & Crosses 4X15g,https://www.tesco.com/groceries/en-GB/products/271646161,1687642096.502632,"['£2.30', '£3.83/100g']",2.3,£3.83/100g
19849,Haribo Share The Happy Fizzy & Fruit Gums 352G,https://www.tesco.com/groceries/en-GB/products/308497889,1687642096.5787892,"['£3.00', '£0.85/100g']",3.0,£0.85/100g
19850,Cadbury Caramel Ice Cream 480Ml,https://www.tesco.com/groceries/en-GB/products/305735919,1687642096.651375,"['£3.50', '£0.73/100ml']",3.5,£0.73/100ml
19851,Kp Salted Peanuts Snack Packs 5 X 30G,https://www.tesco.com/groceries/en-GB/products/310129639,1687642096.7456698,"['£3.25', '£2.17/100g']",3.25,£2.17/100g
19852,Itsu Seaweed Sweet Soy Multipack 3X5g,https://www.tesco.com/groceries/en-GB/products/301518792,1687642096.839823,"['£2.15', '£14.33/100g']",2.15,£14.33/100g
19854,Lindt Excellence Milk Sea Salt Caramel Chocolate 100G,https://www.tesco.com/groceries/en-GB/products/304411947,1687642097.015311,"['£2.45', '£2.45/100g']",2.45,£2.45/100g
19855,Haribo Starmix 400G,https://www.tesco.com/groceries/en-GB/products/296527402,1687642097.109954,"['£2.50', '£0.62/100g']",2.5,£0.62/100g
19856,Walkers Max Strong Hot Sauce Blaze Crisps 6X27g,https://www.tesco.com/groceries/en-GB/products/312083723,1687642097.17659,"['£1.95', '£1.20/100g']",1.95,£1.20/100g
19857,Mcvities Jaffa Cakes Cake Bars 5 Pack,https://www.tesco.com/groceries/en-GB/products/258871840,1687642097.268165,"['£1.90', '£0.38/each']",1.9,£0.38/each
19858,Loacker Napolitaner Wafer 90G,https://www.tesco.com/groceries/en-GB/products/277552596,1687642097.33521,"['£1.10', '£1.22/100g']",1.1,£1.22/100g
19859,Bakery Delights Crisp Bakes 125G,https://www.tesco.com/groceries/en-GB/products/313182299,1687642097.4056032,"['£1.10', '£0.88/100g']",1.1,£0.88/100g
19860,Mccoy's Cheddar & Onion Grab Bag Crisps 45G,https://www.tesco.com/groceries/en-GB/products/311258375,1687642097.487376,"['£1.00', '£2.22/100g']",1.0,£2.22/100g
19861,Galaxy Cookie Crumble Chocolate Bar 114G,https://www.tesco.com/groceries/en-GB/products/279934913,1687642097.610378,"['£1.50', '£1.32/100g']",1.5,£1.32/100g
19862,Cadbury Raspberry Mini Roll 5 Pack,https://www.tesco.com/groceries/en-GB/products/287504132,1687642097.683273,"['£2.35', '£0.47/each']",2.35,£0.47/each
19863,Bahlsen Leibniz Orange 125G,https://www.tesco.com/groceries/en-GB/products/295065644,1687642097.776445,"['£1.60', '£1.28/100g']",1.6,£1.28/100g
19864,Mcvities Jaffa Cake Bars 10 Pack,https://www.tesco.com/groceries/en-GB/products/284508478,1687642097.869641,"['£2.80', '£0.28/each']",2.8,£0.28/each
19865,Extra White Bubblemint Gum 10 Pieces,https://www.tesco.com/groceries/en-GB/products/277491120,1687642097.939734,"['£0.70', '£5.00/100g']",0.7,£5.00/100g
19866,Wicked Kitchen Salt & Vinegar Squares 85G,https://www.tesco.com/groceries/en-GB/products/309173327,1687642098.014998,"['£1.10', '£1.29/100g']",1.1,£1.29/100g
19867,Cadbury Caramilk Chocolate Bar 90G,https://www.tesco.com/groceries/en-GB/products/309765480,1687642098.083244,"['£1.35', '£1.50/100g']",1.35,£1.50/100g
19868,Cadbury Dairy Milk Marvellous Creations Jelly Candy Bar 47G,https://www.tesco.com/groceries/en-GB/products/277746822,1687642098.1522229,"['£0.75', '£1.60/100g']",0.75,£1.60/100g
19869,Snickers Creamy Peanut Butter Chocolate Trio Bar 3 X 18.25G,https://www.tesco.com/groceries/en-GB/products/306651256,1687642098.2677262,"['£0.95', '£1.74/100g']",0.95,£1.74/100g
19870,Skittles Fruit Bag 45G,https://www.tesco.com/groceries/en-GB/products/303836629,1687642098.3885021,"['£0.65', '£1.44/100g']",0.65,£1.44/100g
19871,Cadbury Wispa Chocolate Duo Bar 47.4G,https://www.tesco.com/groceries/en-GB/products/309452032,1687642098.5237398,"['£0.90', '£1.90/100g']",0.9,£1.90/100g
19872,M&M's Crispy Chocolate More To Share Pouch 213G,https://www.tesco.com/groceries/en-GB/products/311686259,1687642098.6559649,"['£2.49', '£1.17/100g']",2.49,£1.17/100g
19873,Tesco Mixed Berries 25G,https://www.tesco.com/groceries/en-GB/products/299497719,1687642098.7281651,"['£0.50', '£20.00/kg']",0.5,£20.00/kg
19874,Guylian Seashells 500G Box,https://www.tesco.com/groceries/en-GB/products/258195592,1687642098.824039,"['£10.00', '£2.00/100g']",10.0,£2.00/100g
19875,Ben & Jerry's Caramel Brownie Party Ice Cream 465Ml,https://www.tesco.com/groceries/en-GB/products/310144275,1687642098.892718,"['£5.00', '£1.08/100ml']",5.0,£1.08/100ml
19876,Tesco Finest Cornish Sea Salted Caramel Ice Cream 480Ml,https://www.tesco.com/groceries/en-GB/products/303007691,1687642098.992257,"['£3.00', '£0.62/100ml']",3.0,£0.62/100ml
19877,Tesco Organic Fair Trade Cashew Nuts 150G,https://www.tesco.com/groceries/en-GB/products/260942646,1687642099.060289,"['£3.20', '£21.33/kg']",3.2,£21.33/kg
19878,Thorntons Pearls Salted Caramel Chocolate 167G,https://www.tesco.com/groceries/en-GB/products/309183252,1687642099.131906,"['£4.50', '£2.70/100g']",4.5,£2.70/100g
19879,Tesco 16 Chocolate Chip Madeleines 400G,https://www.tesco.com/groceries/en-GB/products/282979202,1687642099.2115939,"['£2.85', '£0.71/100g']",2.85,£0.71/100g
19880,Wrigley's Extra Ice Peppermint 6X10 Pieces 84G,https://www.tesco.com/groceries/en-GB/products/302312912,1687642099.2939892,"['£2.75', '£3.27/100g']",2.75,£3.27/100g
19881,Urban Fruit Dried Mango Slices 100G,https://www.tesco.com/groceries/en-GB/products/262929382,1687642099.363762,"['£2.60', '£26.00/kg']",2.6,£26.00/kg
19882,Nakd Cocoa Delight Bars 4 Pack 140G,https://www.tesco.com/groceries/en-GB/products/278339174,1687642099.458774,"['£3.00', '£2.14/100g']",3.0,£2.14/100g
19883,Lindt Excellence Caramelised Hazelnut Dark Chocolate 100G,https://www.tesco.com/groceries/en-GB/products/310683615,1687642099.5692632,"['£2.45', '£2.45/100g']",2.45,£2.45/100g
19884,Tesco Strawberry & Banana Bars 5X30g,https://www.tesco.com/groceries/en-GB/products/301576635,1687642099.695165,"['£2.00', '£1.33/100g']",2.0,£1.33/100g
19885,Tesco Poppy Seeds 100G,https://www.tesco.com/groceries/en-GB/products/271090212,1687642099.7831821,"['£1.15', '£11.50/kg']",1.15,£11.50/kg
19886,Thorntons Chocolate & Hazelnut Brookie Bars 4 Pack,https://www.tesco.com/groceries/en-GB/products/312720581,1687642105.18363,"['£2.25', '£0.56/each']",2.25,£0.56/each
19887,Urban Fruit Wellness Strength 85G,https://www.tesco.com/groceries/en-GB/products/309455674,1687642105.268598,"['£3.00', '£35.29/kg']",3.0,£35.29/kg
19888,Urban Fruit Wellness Immune 85G,https://www.tesco.com/groceries/en-GB/products/309467654,1687642105.3826911,"['£3.00', '£35.29/kg']",3.0,£35.29/kg
19889,Urban Fruit Wellness Glow 85G,https://www.tesco.com/groceries/en-GB/products/309496589,1687642105.571973,"['£3.00', '£35.29/kg']",3.0,£35.29/kg
19890,Tesco Nutty Bites Mocha Flavour 45G,https://www.tesco.com/groceries/en-GB/products/311685214,1687642105.686809,"['£1.00', '£22.22/kg']",1.0,£22.22/kg
19891,Ben & Jerry's Lighten Up Chocolate Cookie Dough 465Ml,https://www.tesco.com/groceries/en-GB/products/313613127,1687642105.763187,"['£5.00', '£1.08/100ml']",5.0,£1.08/100ml
19892,Bolands Lemon Puff 200G,https://www.tesco.com/groceries/en-GB/products/272323138,1687642105.835671,"['£1.50', '£0.75/100g']",1.5,£0.75/100g
19893,Tesco Poppy & Sesame Thins 150G,https://www.tesco.com/groceries/en-GB/products/254925346,1687642105.909927,"['£1.10', '£0.73/100g']",1.1,£0.73/100g
19896,Maryland Chocolate Orange Mini Cookies 6Pack 118.8G,https://www.tesco.com/groceries/en-GB/products/309169673,1687642106.123054,"['£1.25', '£1.05/100g']",1.25,£1.05/100g
19897,Maryland Caramel Crisp Mini Cookies 6 Pack 118.8G,https://www.tesco.com/groceries/en-GB/products/311669050,1687642106.22629,"['£1.25', '£1.05/100g']",1.25,£1.05/100g
19898,Tesco Cheese Thins 150G,https://www.tesco.com/groceries/en-GB/products/265201247,1687642106.3249831,"['£1.10', '£0.73/100g']",1.1,£0.73/100g
19899,Tesco Fire Pit 10 Peri Peri Flavoured Cheesy Slices 200G,https://www.tesco.com/groceries/en-GB/products/311421026,1687642106.415621,"['£1.30', '£6.50/kg']",1.3,£6.50/kg
19900,Tesco Triple Chocolate Cook 200G,https://www.tesco.com/groceries/en-GB/products/301052380,1687642106.500694,"['£1.20', '£0.60/100g']",1.2,£0.60/100g
19901,Tesco Dark Chocolate Digestives 300G,https://www.tesco.com/groceries/en-GB/products/273420511,1687642106.586996,"['£0.85', '£0.28/100g']",0.85,£0.28/100g
19902,The Skinny Cookie Sugar Free Chocolate Chip Cookies 200G,https://www.tesco.com/groceries/en-GB/products/311952250,1687642106.672759,"['£0.90', '£0.45/100g']",0.9,£0.45/100g
19903,Capsicana Full-On Feisty Salsa 285G,https://www.tesco.com/groceries/en-GB/products/313182869,1687642106.749016,"['£2.85', '£1.00/100g']",2.85,£1.00/100g
19904,Lazyday 4 Vegan & Free From Belgian Chocolate Cake Bars 120G,https://www.tesco.com/groceries/en-GB/products/311421942,1687642106.831627,"['£2.45', '£2.04/100g']",2.45,£2.04/100g
19905,Tesco Finest Salted Caramel Truffles 140G,https://www.tesco.com/groceries/en-GB/products/278557727,1687642106.909122,"['£6.75', '£4.82/100g']",6.75,£4.82/100g
19906,Tesco Finest Marc De Champagne Boxed Truffles 140G,https://www.tesco.com/groceries/en-GB/products/278558029,1687642107.003902,"['£6.75', '£4.82/100g']",6.75,£4.82/100g
19907,Lazyday Salted Caramel Crispies 5 Slices 150G,https://www.tesco.com/groceries/en-GB/products/312716137,1687642107.107506,"['£2.45', '£1.63/100g']",2.45,£1.63/100g
19908,Jacobs Butter Puffs 200G,https://www.tesco.com/groceries/en-GB/products/254925219,1687642107.1902452,"['£2.00', '£1.00/100g']",2.0,£1.00/100g
19909,Jacobs High Fibre Cream Crackers 200G,https://www.tesco.com/groceries/en-GB/products/259031923,1687642107.2723572,"['£1.70', '£0.85/100g']",1.7,£0.85/100g
19910,Cadbury Dairy Milk Fruitier & Nuttier Orange Trail Mix 100G,https://www.tesco.com/groceries/en-GB/products/313950773,1687642107.352633,"['£2.50', '£2.50/100g']",2.5,£2.50/100g
19911,Cadbury Dairy Milk Fruitier & Nuttier Trail Mix 100G,https://www.tesco.com/groceries/en-GB/products/314108416,1687642107.431798,"['£2.50', '£2.50/100g']",2.5,£2.50/100g
19912,Kit Kat 4 Finger Vegan Chocolate Bar 41.5G,https://www.tesco.com/groceries/en-GB/products/312984193,1687642107.523812,"['£1.00', '£2.41/100g']",1.0,£2.41/100g
19913,Mcvities Digestives Original Twin Pack 2 X 360G,https://www.tesco.com/groceries/en-GB/products/313848238,1687642107.66848,"['£2.30', '£3.19/kg']",2.3,£3.19/kg
19914,Jacobs Cream Crackers 2X300g,https://www.tesco.com/groceries/en-GB/products/307743519,1687642107.7638521,"['£2.70', '£0.45/100g']",2.7,£0.45/100g
19915,Doritos Flamegrilled Whopper Tortilla Chips 180G,https://www.tesco.com/groceries/en-GB/products/313861348,1687642107.851976,"['£2.10', '£1.17/100g']",2.1,£1.17/100g
19916,Tesco Finest Dark Chocolate Ginger Cookies 200G,https://www.tesco.com/groceries/en-GB/products/270916621,1687642107.9650471,"['£2.00', '£1.00/100g']",2.0,£1.00/100g
19917,Mcvitie's Digestive Original 360G,https://www.tesco.com/groceries/en-GB/products/313832055,1687642108.055331,"['£1.60', '£4.44/kg']",1.6,£4.44/kg
19918,Mr Kipling Gooey Brownie Bites Salted Caramel 10 Pack,https://www.tesco.com/groceries/en-GB/products/312983712,1687642108.140511,"['£2.25', '£0.22/each']",2.25,£0.22/each
19919,Go Ahead Yogurt Breaks Strawberry 4Pack 142G,https://www.tesco.com/groceries/en-GB/products/313382051,1687642108.254944,"['£1.75', '£12.32/kg']",1.75,£12.32/kg
19920,Go Ahead Yogurt Break Forest Fruit 4 Pack 142G,https://www.tesco.com/groceries/en-GB/products/313842423,1687642108.377861,"['£1.75', '£12.32/kg']",1.75,£12.32/kg
19921,Popworks Sweet Bbq Popped Crisps 85G,https://www.tesco.com/groceries/en-GB/products/312097471,1687642108.49854,"['£2.25', '£2.65/100g']",2.25,£2.65/100g
19922,Maltesers Orange Cake Bars 5 Pack,https://www.tesco.com/groceries/en-GB/products/313510131,1687642108.609823,"['£2.00', '£0.40/each']",2.0,£0.40/each
19923,Mcvitie's Digestive The Light One 250G,https://www.tesco.com/groceries/en-GB/products/313750952,1687642108.6928089,"['£1.50', '£6.00/kg']",1.5,£6.00/kg
19924,Cadbury Twirl Xtra Chocolate Duo Bars 54G,https://www.tesco.com/groceries/en-GB/products/313507268,1687642108.804845,"['£0.90', '£1.67/100g']",0.9,£1.67/100g
19925,Cadbury Dairy Milk Brwnie Bites X14,https://www.tesco.com/groceries/en-GB/products/313513738,1687642108.932147,"['£2.30', '£0.16/each']",2.3,£0.16/each
19926,Kit Kat Chunky Lotus Biscoff White Chocolate 42G,https://www.tesco.com/groceries/en-GB/products/313733339,1687642109.013808,"['£0.70', '£1.67/100g']",0.7,£1.67/100g
19927,Kit Kat 4 Finger Caramel Milk Chocolate Bar 41.5G,https://www.tesco.com/groceries/en-GB/products/313744332,1687642109.139022,"['£0.70', '£1.69/100g']",0.7,£1.69/100g
19928,Capsicana Mexican Guacamole Mix 25G,https://www.tesco.com/groceries/en-GB/products/313172651,1687642109.265265,"['£0.75', '£3.00/100g']",0.75,£3.00/100g
19929,Cadbury Dairy Milk Cornflake Cluster Bites X14,https://www.tesco.com/groceries/en-GB/products/313735844,1687642109.335954,"['£2.30', '£0.16/each']",2.3,£0.16/each
19930,Cadbury Milk Tray Boxed Chocolates 360G,https://www.tesco.com/groceries/en-GB/products/290504888,1687642109.415367,"['£4.00', '£1.11/100g']",4.0,£1.11/100g
19931,Tesco Cream Crackers 300G,https://www.tesco.com/groceries/en-GB/products/300112569,1687642109.488798,"['£0.52', '£0.17/100g']",0.52,£0.17/100g
19932,Ben & Jerrys Cookies & Brownies Ice Cream 4X100ml,https://www.tesco.com/groceries/en-GB/products/313516793,1687642109.568641,"['£5.35', '£1.34/100ml']",5.35,£1.34/100ml
19933,Ben & Jerry's Cookie Dulce Dough Ice Cream 4 X 100Ml,https://www.tesco.com/groceries/en-GB/products/313623147,1687642109.706023,"['£5.35', '£1.34/100ml']",5.35,£1.34/100ml
19934,Surya Crushed Ginger 400g,https://www.tesco.com/groceries/en-GB/products/314698816,1687642116.76092,"['£1.00', '£2.50/kg']",1.0,£2.50/kg
19935,Sweet Zone Halal Mighty Mallows 140G,https://www.tesco.com/groceries/en-GB/products/282264630,1687642116.8399518,"['£1.10', '£0.79/100g']",1.1,£0.79/100g
19936,Surya Crushed Garlic & Ginger 400g,https://www.tesco.com/groceries/en-GB/products/314695860,1687642116.9195578,"['£1.00', '£2.50/kg']",1.0,£2.50/kg
19937,Heinz Baked Beans In Tomato Sauce 150G,https://www.tesco.com/groceries/en-GB/products/254876294,1687642117.0038881,"['£0.65', '£4.33/kg']",0.65,£4.33/kg
19938,Tesco Mandarin Segments In Juice 298G,https://www.tesco.com/groceries/en-GB/products/254901000,1687642117.080466,"['£0.90', '£5.14/kg DR.WT']",0.9,£5.14/kg DR.WT
19939,Tesco Linguine Pasta 500G,https://www.tesco.com/groceries/en-GB/products/257798842,1687642117.162442,"['£0.80', '£1.60/kg']",0.8,£1.60/kg
19940,Tesco Bolognese Pasta Sauce Smooth 500G,https://www.tesco.com/groceries/en-GB/products/282594567,1687642117.251616,"['£0.95', '£0.19/100g']",0.95,£0.19/100g
19941,Tesco Cream Of Mushroom Soup 400G,https://www.tesco.com/groceries/en-GB/products/250412579,1687642117.324726,"['£0.75', '£0.19/100g']",0.75,£0.19/100g
19942,Tesco Minestrone Soup 400G,https://www.tesco.com/groceries/en-GB/products/250412470,1687642117.400801,"['£0.75', '£0.19/100g']",0.75,£0.19/100g
19943,Tesco Milk Chocolate Chips 100G,https://www.tesco.com/groceries/en-GB/products/278244694,1687642117.471972,"['£0.69', '£0.69/100g']",0.69,£0.69/100g
19944,Heinz Spaghetti Hoops In Tomato Sauce 205G,https://www.tesco.com/groceries/en-GB/products/252750146,1687642117.546387,"['£0.75', '£3.66/kg']",0.75,£3.66/kg
19945,Tesco Spirali Pasta 500G,https://www.tesco.com/groceries/en-GB/products/277016742,1687642117.622508,"['£0.80', '£1.60/kg']",0.8,£1.60/kg
19946,Tesco All Butter Shortbread Fingers 210G,https://www.tesco.com/groceries/en-GB/products/313731687,1687642117.701191,"['£1.00', '£0.48/100g']",1.0,£0.48/100g
19947,Ms Molly's Digestive 400G,https://www.tesco.com/groceries/en-GB/products/300410563,1687642117.779968,"['£0.55', '£0.14/100g']",0.55,£0.14/100g
19948,Tesco Lasagne Pasta 500G,https://www.tesco.com/groceries/en-GB/products/250211327,1687642117.861449,"['£0.80', '£1.60/kg']",0.8,£1.60/kg
19949,Growers Harvest British Mushy Peas 300G,https://www.tesco.com/groceries/en-GB/products/300594632,1687642117.941813,"['£0.32', '£1.07/kg']",0.32,£1.07/kg
19950,Tesco Pillows With Milk Chocolate Filling 375G,https://www.tesco.com/groceries/en-GB/products/292975954,1687642118.0357912,"['£1.00', '£0.27/100g']",1.0,£0.27/100g
19951,Quality Street Matchmakers Zingy Orange Chocolate Box 120G,https://www.tesco.com/groceries/en-GB/products/301736850,1687642118.1173701,"['£1.25', '£1.04/100g']",1.25,£1.04/100g
19952,Hearty Food Co. Tomato & Herb Pasta Sauce 440G,https://www.tesco.com/groceries/en-GB/products/297844094,1687642118.197241,"['£0.47', '£0.11/100g']",0.47,£0.11/100g
19953,Tesco Distilled Vinegar 568Ml,https://www.tesco.com/groceries/en-GB/products/261781314,1687642118.27752,"['£0.29', '£0.05/100ml']",0.29,£0.05/100ml
19954,Alpro Oat No Sugars Long Life Drink 1L,https://www.tesco.com/groceries/en-GB/products/304792587,1687642118.3623428,"['£2.10', '£2.10/litre']",2.1,£2.10/litre
19955,Bisto Best Beef Gravy 230G,https://www.tesco.com/groceries/en-GB/products/311795683,1687642118.44034,"['£4.00', '£1.74/100g']",4.0,£1.74/100g
19956,Princes Tuna Chunks In Spring Water 4X145g,https://www.tesco.com/groceries/en-GB/products/302197264,1687642118.52251,"['£3.99', '£0.98/100g DR.WT']",3.99,£0.98/100g DR.WT
19957,Heinz Top Down Squeezy Tomato Ketchup Sauce 700G,https://www.tesco.com/groceries/en-GB/products/250181618,1687642118.6120698,"['£3.90', '£0.56/100g']",3.9,£0.56/100g
19958,Kp Original Salted Peanuts 250G,https://www.tesco.com/groceries/en-GB/products/299577245,1687642118.725261,"['£3.00', '£12.00/kg']",3.0,£12.00/kg
19959,Hula Hoops Variety Pack 12X24g,https://www.tesco.com/groceries/en-GB/products/302036830,1687642118.81519,"['£3.50', '£1.22/100g']",3.5,£1.22/100g
19960,Alpro Almond No Sugars Long Life Drink 1 Litre,https://www.tesco.com/groceries/en-GB/products/276761995,1687642118.901987,"['£2.10', '£2.10/litre']",2.1,£2.10/litre
19961,Sensations Lime & Coriander Chutney Poppadoms 82.5G,https://www.tesco.com/groceries/en-GB/products/264339339,1687642118.995852,"['£2.50', '£3.03/100g']",2.5,£3.03/100g
19962,Tesco Cooking Salt 1.5Kg,https://www.tesco.com/groceries/en-GB/products/258030678,1687642119.084277,"['£1.75', '£1.17/kg']",1.75,£1.17/kg
19963,Ferrero Rocher 16 Pieces Boxed Chocolates 200G,https://www.tesco.com/groceries/en-GB/products/254896546,1687642119.192493,"['£5.75', '£2.88/100g']",5.75,£2.88/100g
19964,Lindt Excellence Dark 70% Cocoa Chocolate Bar 100G,https://www.tesco.com/groceries/en-GB/products/259301725,1687642119.278406,"['£2.45', '£2.45/100g']",2.45,£2.45/100g
19965,Mcvitie's Milk Chocolate Digestive Biscuit 2 X 266G,https://www.tesco.com/groceries/en-GB/products/313008974,1687642119.3960161,"['£2.65', '£0.50/100g']",2.65,£0.50/100g
19966,Tesco Biscuits For Cheese 500G,https://www.tesco.com/groceries/en-GB/products/254926040,1687642119.513629,"['£3.65', '£0.73/100g']",3.65,£0.73/100g
19967,East End Coriander Whole 100G,https://www.tesco.com/groceries/en-GB/products/260739402,1687642119.6054132,"['£1.20', '£0.12/10g']",1.2,£0.12/10g
19968,East End Mustard Seeds Black 100G,https://www.tesco.com/groceries/en-GB/products/260752604,1687642119.69506,"['£1.20', '£0.12/10g']",1.2,£0.12/10g
19969,Knorr Rich Beef Stock Pot 4 X 28G,https://www.tesco.com/groceries/en-GB/products/273952198,1687642119.783565,"['£1.90', '£1.70/100g']",1.9,£1.70/100g
19970,Haribo Halal Tropifrutti 100G,https://www.tesco.com/groceries/en-GB/products/308471729,1687642119.8793862,"['£1.25', '£1.25/100g']",1.25,£1.25/100g
19971,Haribo Halal Happy Peaches 100G,https://www.tesco.com/groceries/en-GB/products/308462989,1687642119.9803572,"['£1.25', '£1.25/100g']",1.25,£1.25/100g
19972,Branston Small Chunk Pickle 360G,https://www.tesco.com/groceries/en-GB/products/256633210,1687642120.058481,"['£1.75', '£0.49/100g']",1.75,£0.49/100g
19973,East End Ginger Powder 100G,https://www.tesco.com/groceries/en-GB/products/260739362,1687642120.145917,"['£1.20', '£0.12/10g']",1.2,£0.12/10g
19974,Tesco Strawberry Seedless Jam 454G,https://www.tesco.com/groceries/en-GB/products/301323296,1687642120.276022,"['£1.15', '£0.25/100g']",1.15,£0.25/100g
19975,Tesco Instant Oats Porridge Pot Apple & Blueberry 55G,https://www.tesco.com/groceries/en-GB/products/292991312,1687642120.361681,"['£0.45', '£0.82/100g']",0.45,£0.82/100g
19976,Tesco Light Coconut Milk 400Ml,https://www.tesco.com/groceries/en-GB/products/289660616,1687642120.448448,"['£0.85', '£2.12/litre']",0.85,£2.12/litre
19977,Laila Mini Poppadoms Mango Chutney 75g,https://www.tesco.com/groceries/en-GB/products/313732006,1687642120.541547,"['£0.80', '£1.07/100g']",0.8,£1.07/100g
19978,"Laila Mini Poppadoms, Yoghurt, Mint & Coriander 75g",https://www.tesco.com/groceries/en-GB/products/313848941,1687642120.6255019,"['£0.80', '£1.07/100g']",0.8,£1.07/100g
19979,Laila Plain Mini Poppadoms 75g,https://www.tesco.com/groceries/en-GB/products/313860073,1687642120.7107918,"['£0.80', '£1.07/100g']",0.8,£1.07/100g
19980,Tesco Cheese Savouries Snacks 250G,https://www.tesco.com/groceries/en-GB/products/250089080,1687642120.80344,"['£1.00', '£0.40/100g']",1.0,£0.40/100g
19981,Cadbury Animals With Freddo 7 Pack 139.3G,https://www.tesco.com/groceries/en-GB/products/304783949,1687642120.889489,"['£0.95', '£0.68/100g']",0.95,£0.68/100g
19982,Tesco Drained Tuna Steak In Brine 110G,https://www.tesco.com/groceries/en-GB/products/300991951,1687642126.8773491,"['£1.20', '£0.01/kg']",1.2,£0.01/kg
19983,Cadbury Brunch Bar Raisin 5X32g,https://www.tesco.com/groceries/en-GB/products/309464219,1687642126.975611,"['£1.15', '£0.72/100g']",1.15,£0.72/100g
19984,Oreo Vanilla 154G,https://www.tesco.com/groceries/en-GB/products/264375347,1687642127.051369,"['£1.10', '£0.71/100g']",1.1,£0.71/100g
19985,Wagon Wheels Jammie 6 Pack,https://www.tesco.com/groceries/en-GB/products/257595546,1687642127.147388,"['£1.15', '£0.50/100g']",1.15,£0.50/100g
19986,Kinder Chocolate Bars Multipack 8 X 12.5g,https://www.tesco.com/groceries/en-GB/products/254891246,1687642127.25751,"['£1.30', '£1.30/100g']",1.3,£1.30/100g
19987,Tesco Chocolate Chip Cookies 250G,https://www.tesco.com/groceries/en-GB/products/258025719,1687642127.328469,"['£0.85', '£0.34/100g']",0.85,£0.34/100g
19988,Cadbury Chocolate Eclairs 166G,https://www.tesco.com/groceries/en-GB/products/289149439,1687642127.39862,"['£1.00', '£0.60/100g']",1.0,£0.60/100g
19990,Tesco Mixed Baked Beans 415G,https://www.tesco.com/groceries/en-GB/products/276975828,1687642127.541614,"['£0.75', '£1.81/kg']",0.75,£1.81/kg
19991,Tesco White Chocolate Chips 100G,https://www.tesco.com/groceries/en-GB/products/278235814,1687642127.6185632,"['£0.69', '£0.69/100g']",0.69,£0.69/100g
19992,Tesco Spaghetti Rings & Sausages 410G,https://www.tesco.com/groceries/en-GB/products/289055642,1687642127.696401,"['£0.95', '£2.32/kg']",0.95,£2.32/kg
19993,Kingsfood 8 Hot Dog Sausages,https://www.tesco.com/groceries/en-GB/products/257350462,1687642127.7766678,"['£0.70', '£0.38/100g DR.WT']",0.7,£0.38/100g DR.WT
19994,Stockwell & Co Salmon Paste 75G,https://www.tesco.com/groceries/en-GB/products/300535156,1687642127.8491251,"['£0.49', '£0.65/100g']",0.49,£0.65/100g
19995,Tesco Broccoli And Stilton Soup 400G,https://www.tesco.com/groceries/en-GB/products/251108973,1687642127.9181929,"['£0.75', '£0.19/100g']",0.75,£0.19/100g
19996,Tesco Pasta Bake Creamy Tomato & Herb 500G,https://www.tesco.com/groceries/en-GB/products/264691387,1687642127.986797,"['£0.95', '£0.19/100g']",0.95,£0.19/100g
19997,Tesco Sour Cream & Chive Combo Mix 150G,https://www.tesco.com/groceries/en-GB/products/297348923,1687642128.0532649,"['£1.20', '£0.80/100g']",1.2,£0.80/100g
19998,Tesco Cranberries 200G,https://www.tesco.com/groceries/en-GB/products/271074203,1687642128.124817,"['£2.60', '£13.00/kg']",2.6,£13.00/kg
19999,Tiptree Caramelised Red Onion Chutney 220G,https://www.tesco.com/groceries/en-GB/products/287873903,1687642128.195137,"['£2.65', '£1.20/100g']",2.65,£1.20/100g
20000,Dolmio Creamy White Lasagne Sauce 470G,https://www.tesco.com/groceries/en-GB/products/250410132,1687642128.267825,"['£2.50', '£0.53/100g']",2.5,£0.53/100g
20001,Graze Salt & Vinegar Crunch 100G,https://www.tesco.com/groceries/en-GB/products/312842160,1687642128.341344,"['£2.50', '£25.00/kg']",2.5,£25.00/kg
20002,Graze Sweet Chilli Crunch 100G,https://www.tesco.com/groceries/en-GB/products/313373148,1687642128.411714,"['£2.50', '£25.00/kg']",2.5,£25.00/kg
20003,Graze Peri Peri Crunch 100G,https://www.tesco.com/groceries/en-GB/products/313369897,1687642128.485287,"['£2.50', '£25.00/kg']",2.5,£25.00/kg
20004,Graze Smoky Barbecue Crunch 100G,https://www.tesco.com/groceries/en-GB/products/313370900,1687642128.5548239,"['£2.50', '£25.00/kg']",2.5,£25.00/kg
20005,Tesco Dark Soft Brown Sugar 500G,https://www.tesco.com/groceries/en-GB/products/254917477,1687642128.6303842,"['£1.55', '£3.10/kg']",1.55,£3.10/kg
20007,Tesco Unsalted Mixed Nuts 200G,https://www.tesco.com/groceries/en-GB/products/268419141,1687642128.787864,"['£2.20', '£11.00/kg']",2.2,£11.00/kg
20008,Knorr Vegetable Stock Pot 8'S 224G,https://www.tesco.com/groceries/en-GB/products/273967169,1687642128.869119,"['£2.80', '£1.25/100g']",2.8,£1.25/100g
20009,Graze Honey Roast Crunch 100G,https://www.tesco.com/groceries/en-GB/products/313942754,1687642128.93982,"['£2.50', '£25.00/kg']",2.5,£25.00/kg
20010,Graze Sea Salt & Pepper Veggie Protein Nuts 100G,https://www.tesco.com/groceries/en-GB/products/313361456,1687642129.009291,"['£2.50', '£25.00/kg']",2.5,£25.00/kg
20011,Tesco Chocolate Spread 400G,https://www.tesco.com/groceries/en-GB/products/251170920,1687642129.081752,"['£1.70', '£0.42/100g']",1.7,£0.42/100g
20012,Frylight Olive Oil Spray 190Ml,https://www.tesco.com/groceries/en-GB/products/274089279,1687642129.157495,"['£2.75', '£1.45/100ml']",2.75,£1.45/100ml
20013,Tesco Finest Beef Gravy 350Ml,https://www.tesco.com/groceries/en-GB/products/280517456,1687642129.2482638,"['£2.00', '£0.57/100ml']",2.0,£0.57/100ml
20014,Graze Chilli & Lime Protein Crunchy Nuts 100G,https://www.tesco.com/groceries/en-GB/products/313730481,1687642129.323112,"['£2.50', '£25.00/kg']",2.5,£25.00/kg
20015,Nutella B-Ready 6 X 22G,https://www.tesco.com/groceries/en-GB/products/297543012,1687642129.398123,"['£2.25', '£1.70/100g']",2.25,£1.70/100g
20016,Walkers Sunbites Sour Cream & Black Pepper 6X25g,https://www.tesco.com/groceries/en-GB/products/264127141,1687642129.4712691,"['£1.95', '£1.30/100g']",1.95,£1.30/100g
20017,Heinz Big Soup Steak & Potato 400G,https://www.tesco.com/groceries/en-GB/products/307337414,1687642129.5461729,"['£2.00', '£0.50/100g']",2.0,£0.50/100g
20018,Tesco Fruit & Nut Granola 1Kg,https://www.tesco.com/groceries/en-GB/products/262580101,1687642129.649048,"['£2.25', '£0.22/100g']",2.25,£0.22/100g
20019,Mackays Scottish Strawberry Preserve 340G,https://www.tesco.com/groceries/en-GB/products/261843674,1687642129.7340631,"['£1.50', '£0.44/100g']",1.5,£0.44/100g
20020,Love Corn Salt & Vinegar 115G,https://www.tesco.com/groceries/en-GB/products/314102843,1687642129.823714,"['£2.20', '£1.91/100g']",2.2,£1.91/100g
20021,Tesco White Mini Marshmallows 100G,https://www.tesco.com/groceries/en-GB/products/304381175,1687642129.89846,"['£1.00', '£1.00/100g']",1.0,£1.00/100g
20022,Batchelors Cup A Soup Chicken 81G,https://www.tesco.com/groceries/en-GB/products/270974142,1687642129.97361,"['£1.50', '£1.85/100g']",1.5,£1.85/100g
20023,Lea & Perrins Worcestershire Sauce 150Ml,https://www.tesco.com/groceries/en-GB/products/250179532,1687642130.0431612,"['£1.70', '£1.13/100ml']",1.7,£1.13/100ml
20024,Tesco Ground Cumin 43G,https://www.tesco.com/groceries/en-GB/products/256150470,1687642130.136779,"['£0.90', '£0.21/10g']",0.9,£0.21/10g
20025,Cadbury Dairy Milk Fruit & Nut Chocolate 180G,https://www.tesco.com/groceries/en-GB/products/311433867,1687642130.228273,"['£2.00', '£1.11/100g']",2.0,£1.11/100g
20026,Ambrosia Devon Custard 500G,https://www.tesco.com/groceries/en-GB/products/309468935,1687642130.351551,"['£1.60', '£0.32/100g']",1.6,£0.32/100g
20027,Aleyna Sliced Green Jalapeno Peppers 480G,https://www.tesco.com/groceries/en-GB/products/278831443,1687642130.4378939,"['£1.15', '£0.48/100g DR.WT']",1.15,£0.48/100g DR.WT
20028,Jacobs Baked Cheddar Biscuits Cheese 150G,https://www.tesco.com/groceries/en-GB/products/254925467,1687642130.511022,"['£1.20', '£0.80/100g']",1.2,£0.80/100g
20029,Tesco Finest All Butter Cheese Straws 100G,https://www.tesco.com/groceries/en-GB/products/312207953,1687642130.588174,"['£1.85', '£1.85/100g']",1.85,£1.85/100g
20030,Tesco Reduced Fat Rich Tea Biscuits 300G,https://www.tesco.com/groceries/en-GB/products/254766453,1687642136.292235,"['£0.70', '£0.23/100g']",0.7,£0.23/100g
20031,Alpen Strawberry & Yogurt Cereal Bars 5X29g,https://www.tesco.com/groceries/en-GB/products/264351180,1687642136.3685682,"['£1.00', '£0.69/100g']",1.0,£0.69/100g
20032,Angel Delight Chocolate 59G,https://www.tesco.com/groceries/en-GB/products/271247155,1687642136.447806,"['£0.90', '£1.52/100g']",0.9,£1.52/100g
20033,Giant New Refresher Chew Bar (C),https://www.tesco.com/groceries/en-GB/products/256407784,1687642136.526092,"['£0.10', '£0.56/100g']",0.1,£0.56/100g
20034,Galaxy Minstrels Chocolate Pouch 125G,https://www.tesco.com/groceries/en-GB/products/305730775,1687642136.602527,"['£1.50', '£1.20/100g']",1.5,£1.20/100g
20035,Thorntons Continental Collection Boxed Chocolate 264G,https://www.tesco.com/groceries/en-GB/products/309162346,1687642136.680606,"['£10.00', '£3.79/100g']",10.0,£3.79/100g
20036,Bisto Gravy Granules 350G,https://www.tesco.com/groceries/en-GB/products/296383605,1687642136.752246,"['£3.50', '£1.00/100g']",3.5,£1.00/100g
20037,Tesco Olive Oil 500Ml,https://www.tesco.com/groceries/en-GB/products/254918418,1687642136.8225348,"['£4.15', '£0.83/100ml']",4.15,£0.83/100ml
20038,Spam Chopped Pork & Ham 340G,https://www.tesco.com/groceries/en-GB/products/255206418,1687642136.891777,"['£3.40', '£1.00/100g']",3.4,£1.00/100g
20039,Wrigleys Extra Peppermint Gum Bottle 60 Pieces,https://www.tesco.com/groceries/en-GB/products/279782677,1687642136.967911,"['£2.75', '£3.27/100g']",2.75,£3.27/100g
20040,Tesco Organic Porridge Oats 750G,https://www.tesco.com/groceries/en-GB/products/256039303,1687642137.045818,"['£2.15', '£0.29/100g']",2.15,£0.29/100g
20041,Wholefood Dried Mango 100G,https://www.tesco.com/groceries/en-GB/products/260733201,1687642137.124533,"['£2.00', '£20.00/kg']",2.0,£20.00/kg
20042,Tidmans Natural Rock Salt 500G,https://www.tesco.com/groceries/en-GB/products/253729822,1687642137.198092,"['£1.70', '£3.40/kg']",1.7,£3.40/kg
20043,Hartleys Multi No Added Sugar Strawberry Jelly 6 X 115G,https://www.tesco.com/groceries/en-GB/products/293031935,1687642137.269255,"['£2.25', '£0.33/100g']",2.25,£0.33/100g
20044,Loyd Grossman Smoky Bacon Pasta Sauce 350G,https://www.tesco.com/groceries/en-GB/products/250567240,1687642137.339442,"['£3.00', '£0.86/100g']",3.0,£0.86/100g
20045,Knorr Vegetable Stock Pot 4 X 28G,https://www.tesco.com/groceries/en-GB/products/259339243,1687642137.43217,"['£1.90', '£1.70/100g']",1.9,£1.70/100g
20046,Tesco Finest Cantabrian Anchovy Fillets 50G,https://www.tesco.com/groceries/en-GB/products/306930957,1687642137.5055912,"['£1.65', '£5.50/100g DR.WT']",1.65,£5.50/100g DR.WT
20047,Snack A Jacks Jumbo Chocolate Chip 180G,https://www.tesco.com/groceries/en-GB/products/264786293,1687642137.578558,"['£2.25', '£1.25/100g']",2.25,£1.25/100g
20048,Trebor Extra Strong P/Mints 7 Rolls 289.1G,https://www.tesco.com/groceries/en-GB/products/268045899,1687642137.657575,"['£2.00', '£0.69/100g']",2.0,£0.69/100g
20049,Tesco Red Wine Stock Pots 4 Pack 112G,https://www.tesco.com/groceries/en-GB/products/289037439,1687642137.7351098,"['£1.40', '£1.25/100g']",1.4,£1.25/100g
20050,Tesco Dried Parsley 11G Jar,https://www.tesco.com/groceries/en-GB/products/256146844,1687642137.8021052,"['£0.90', '£0.82/10g']",0.9,£0.82/10g
20051,Barilla Penne Rigate 500G,https://www.tesco.com/groceries/en-GB/products/283223142,1687642137.870102,"['£1.40', '£2.80/kg']",1.4,£2.80/kg
20052,Tesco Dried Sage 12G,https://www.tesco.com/groceries/en-GB/products/268595414,1687642137.9386802,"['£0.90', '£0.75/10g']",0.9,£0.75/10g
20053,Tesco Dried Rosemary 27G Jar,https://www.tesco.com/groceries/en-GB/products/256149680,1687642138.01038,"['£0.90', '£0.33/10g']",0.9,£0.33/10g
20054,Tesco Tuscan Inspired Bean Soup 400G,https://www.tesco.com/groceries/en-GB/products/255951566,1687642138.0797372,"['£1.10', '£0.28/100g']",1.1,£0.28/100g
20055,Princes Strawberries In Light Syrup 410G,https://www.tesco.com/groceries/en-GB/products/305054331,1687642138.151596,"['£1.30', '£3.17/kg DR.WT']",1.3,£3.17/kg DR.WT
20056,Popchips Sea Salt & Vinegar Chips 85G,https://www.tesco.com/groceries/en-GB/products/275236674,1687642138.224617,"['£2.25', '£2.65/100g']",2.25,£2.65/100g
20057,Tesco Red Wine Vinegar 350Ml,https://www.tesco.com/groceries/en-GB/products/260511660,1687642138.302681,"['£1.30', '£0.37/100ml']",1.3,£0.37/100ml
20058,Tesco Bbq Flavoured Coated Peanuts 200G,https://www.tesco.com/groceries/en-GB/products/268345256,1687642138.373837,"['£1.30', '£6.50/kg']",1.3,£6.50/kg
20059,Mcvities Milk Chocolate Digestive 266G,https://www.tesco.com/groceries/en-GB/products/300917252,1687642138.457629,"['£1.75', '£0.66/100g']",1.75,£0.66/100g
20060,Tesco Pecan Nuts 100G,https://www.tesco.com/groceries/en-GB/products/266375275,1687642138.561269,"['£2.25', '£22.50/kg']",2.25,£22.50/kg
20061,Real Foods Original Corn Thins 150G,https://www.tesco.com/groceries/en-GB/products/250137778,1687642138.637536,"['£1.25', '£0.83/100g']",1.25,£0.83/100g
20062,Del Monte Fruit Cocktail In Syrup 420G,https://www.tesco.com/groceries/en-GB/products/254901478,1687642138.717303,"['£1.20', '£4.80/kg DR.WT']",1.2,£4.80/kg DR.WT
20063,Hartleys Ready To Eat Jelly Strawberry 125G,https://www.tesco.com/groceries/en-GB/products/252468628,1687642138.7864,"['£0.80', '£0.64/100g']",0.8,£0.64/100g
20064,Schwartz Hollandaise Sauce 25G,https://www.tesco.com/groceries/en-GB/products/253209545,1687642138.892056,"['£0.95', '£3.80/100g']",0.95,£3.80/100g
20065,Del Monte Pear Halves In Juice 415G,https://www.tesco.com/groceries/en-GB/products/254900709,1687642138.9903412,"['£1.20', '£5.22/kg DR.WT']",1.2,£5.22/kg DR.WT
20066,Nestle Aero Milk Chocolate Bars Multipack 4 X 27g,https://www.tesco.com/groceries/en-GB/products/265046131,1687642139.065623,"['£1.50', '£1.39/100g']",1.5,£1.39/100g
20067,Blue Dragon Sweet Chilli & Garlic Stir Fry Sauce 120G,https://www.tesco.com/groceries/en-GB/products/295871818,1687642139.153887,"['£0.95', '£0.79/100g']",0.95,£0.79/100g
20068,Tesco Petits Pois & Baby Carrot In Water 200G,https://www.tesco.com/groceries/en-GB/products/264166324,1687642139.2631328,"['£0.80', '£6.15/kg DR.WT']",0.8,£6.15/kg DR.WT
20069,Tesco Mini Gems 200G,https://www.tesco.com/groceries/en-GB/products/271373598,1687642139.335397,"['£1.10', '£0.55/100g']",1.1,£0.55/100g
20070,Tesco Raspberry Mushrooms 75G,https://www.tesco.com/groceries/en-GB/products/284181880,1687642139.4182131,"['£0.70', '£0.93/100g']",0.7,£0.93/100g
20071,Snack Organisation Crackers Lightly Salted 100G,https://www.tesco.com/groceries/en-GB/products/287733661,1687642139.504365,"['£1.00', '£1.00/100g']",1.0,£1.00/100g
20072,Hartleys Best Raspberry Jam Seedless 340G,https://www.tesco.com/groceries/en-GB/products/253736836,1687642139.623478,"['£1.95', '£0.57/100g']",1.95,£0.57/100g
20073,Tesco Lemon & Coriander Cous Cous 110G,https://www.tesco.com/groceries/en-GB/products/253748586,1687642139.706392,"['£0.55', '£5.00/kg']",0.55,£5.00/kg
20074,Tesco Chicken Paste 75G,https://www.tesco.com/groceries/en-GB/products/254851605,1687642139.784757,"['£0.55', '£0.73/100g']",0.55,£0.73/100g
20075,Tesco Fruit Shortcake Biscuits 200G,https://www.tesco.com/groceries/en-GB/products/290329053,1687642139.8558578,"['£0.65', '£0.32/100g']",0.65,£0.32/100g
20076,Tesco Lentil Curls Sour Cream & Chive 6 Pack 120G,https://www.tesco.com/groceries/en-GB/products/297348860,1687642139.9240892,"['£1.15', '£0.96/100g']",1.15,£0.96/100g
20077,Galaxy Minstrels Large Pouch 240G,https://www.tesco.com/groceries/en-GB/products/303667790,1687642140.015519,"['£2.25', '£0.94/100g']",2.25,£0.94/100g
20078,Tesco Turkish Delight Bar 150G,https://www.tesco.com/groceries/en-GB/products/300809449,1687642146.40175,"['£1.20', '£0.80/100g']",1.2,£0.80/100g
20079,Tesco Mild Chilli Powder 50G,https://www.tesco.com/groceries/en-GB/products/251994901,1687642146.475245,"['£0.90', '£0.18/10g']",0.9,£0.18/10g
20080,Naked Rice Japanese Chicken Katsu Curry 78G,https://www.tesco.com/groceries/en-GB/products/300497183,1687642146.547025,"['£1.20', '£15.38/kg']",1.2,£15.38/kg
20081,Hartleys Ready To Eat Jelly Lemon & Lime 125G,https://www.tesco.com/groceries/en-GB/products/252465758,1687642146.632288,"['£0.80', '£0.64/100g']",0.8,£0.64/100g
20082,Naked Noodle Thai Green Curry Pot 78G,https://www.tesco.com/groceries/en-GB/products/297172796,1687642146.7249842,"['£1.20', '£15.38/kg']",1.2,£15.38/kg
20083,E.Wedel Aha! Sezamki Bar 27.2G,https://www.tesco.com/groceries/en-GB/products/271681089,1687642146.801292,"['£0.35', '£1.29/100g']",0.35,£1.29/100g
20084,Crosse And Blackwell Best Of British Roast Chicken & Vegetable Soup 400G,https://www.tesco.com/groceries/en-GB/products/274246877,1687642146.87186,"['£1.25', '£0.31/100g']",1.25,£0.31/100g
20085,Tesco Liquorice Allsorts 250G,https://www.tesco.com/groceries/en-GB/products/256582436,1687642146.94107,"['£1.10', '£0.44/100g']",1.1,£0.44/100g
20086,Tesco Low Fat Tomato Soup 400G,https://www.tesco.com/groceries/en-GB/products/300524048,1687642147.01181,"['£0.75', '£0.19/100g']",0.75,£0.19/100g
20087,Tesco Whole Cloves 30G,https://www.tesco.com/groceries/en-GB/products/268595570,1687642147.0816052,"['£0.90', '£0.30/10g']",0.9,£0.30/10g
20088,Tesco Peanut Munch Bar 6 Pack 192G,https://www.tesco.com/groceries/en-GB/products/255526391,1687642147.1621382,"['£1.10', '£0.57/100g']",1.1,£0.57/100g
20089,Maggi Juicy Chicken Mexican 38g,https://www.tesco.com/groceries/en-GB/products/314114057,1687642147.232096,"['£0.70', '£1.84/100g']",0.7,£1.84/100g
20090,Tesco Chocolate Eclairs 175G,https://www.tesco.com/groceries/en-GB/products/306666072,1687642147.301067,"['£1.10', '£0.63/100g']",1.1,£0.63/100g
20091,Tesco Sundried Tomato Antipasti 535G,https://www.tesco.com/groceries/en-GB/products/268569072,1687642147.372237,"['£4.15', '£0.02/kg DR.WT']",4.15,£0.02/kg DR.WT
20092,Tesco Light Brown Soft Sugar 1Kg Pack,https://www.tesco.com/groceries/en-GB/products/256775623,1687642147.442764,"['£3.00', '£3.00/kg']",3.0,£3.00/kg
20093,Bear Pure Fruit Yoyo Strawberry 9X20g,https://www.tesco.com/groceries/en-GB/products/286782799,1687642147.511382,"['£4.45', '£2.47/100g']",4.45,£2.47/100g
20094,Butterkist Microwave Popcorn Sweet & Salted 3X60g,https://www.tesco.com/groceries/en-GB/products/303543078,1687642147.5845811,"['£2.50', '£1.39/100g']",2.5,£1.39/100g
20095,Tesco Light In Colour Olive Oil 1Ltr,https://www.tesco.com/groceries/en-GB/products/259045325,1687642147.6559842,"['£5.80', '£0.58/100ml']",5.8,£0.58/100ml
20096,Jordans Simply Granola 750G,https://www.tesco.com/groceries/en-GB/products/285398720,1687642147.731835,"['£3.60', '£0.48/100g']",3.6,£0.48/100g
20097,Bonne Maman Orange Fine Shred Marmalade 370G,https://www.tesco.com/groceries/en-GB/products/252780755,1687642147.801564,"['£3.25', '£0.88/100g']",3.25,£0.88/100g
20098,Dolmio Light Creamy Sauce For Lasagne 470G,https://www.tesco.com/groceries/en-GB/products/277006339,1687642147.8941262,"['£2.50', '£0.53/100g']",2.5,£0.53/100g
20099,Princes Mackerel Fillets Olive Oil 125G,https://www.tesco.com/groceries/en-GB/products/311788692,1687642147.963191,"['£1.60', '£1.95/100g DR.WT']",1.6,£1.95/100g DR.WT
20100,Robertsons Golden Shred Marmalade 454G,https://www.tesco.com/groceries/en-GB/products/254850658,1687642148.0316002,"['£2.10', '£0.46/100g']",2.1,£0.46/100g
20101,Nuts About Nature Peanut Butter Smooth 340G,https://www.tesco.com/groceries/en-GB/products/307157609,1687642148.102108,"['£2.10', '£0.62/100g']",2.1,£0.62/100g
20102,Kp Honey Roast Peanuts 225G,https://www.tesco.com/groceries/en-GB/products/297385515,1687642148.17672,"['£3.00', '£13.33/kg']",3.0,£13.33/kg
20103,Fruit Factory Multi Fruit Strings 5X 20G,https://www.tesco.com/groceries/en-GB/products/265285233,1687642148.2731972,"['£2.35', '£2.35/100g']",2.35,£2.35/100g
20104,Mama Vermicelli Noodles 225G,https://www.tesco.com/groceries/en-GB/products/272673304,1687642148.3678741,"['£1.85', '£8.22/kg']",1.85,£8.22/kg
20105,Lindt Excellence Extra Creamy Milk Chocolate Bar 100G,https://www.tesco.com/groceries/en-GB/products/251277783,1687642148.441273,"['£2.45', '£2.45/100g']",2.45,£2.45/100g
20106,Lindt Excellence Dark Orange Intense Chocolate Bar 100G,https://www.tesco.com/groceries/en-GB/products/256363293,1687642148.534564,"['£2.45', '£2.45/100g']",2.45,£2.45/100g
20107,Rochelle Crispy Onions 100G,https://www.tesco.com/groceries/en-GB/products/296361856,1687642148.630941,"['£1.45', '£1.45/100g']",1.45,£1.45/100g
20108,Walkers Variety Ready Salted &Vngr Crisps 12X25g,https://www.tesco.com/groceries/en-GB/products/309195900,1687642148.703041,"['£3.25', '£1.08/100g']",3.25,£1.08/100g
20109,Tabasco Original Red Hot Pepper Sauce 57Ml,https://www.tesco.com/groceries/en-GB/products/254886967,1687642148.777647,"['£1.99', '£3.49/100ml']",1.99,£3.49/100ml
20110,Tesco Organic Baked Beans 420G,https://www.tesco.com/groceries/en-GB/products/276778394,1687642148.849451,"['£1.00', '£2.38/kg']",1.0,£2.38/kg
20111,Tesco Yogurt Coated Rice Cakes 105G,https://www.tesco.com/groceries/en-GB/products/308828886,1687642148.917556,"['£1.30', '£1.24/100g']",1.3,£1.24/100g
20112,Tesco Irish Stew 392G,https://www.tesco.com/groceries/en-GB/products/307734693,1687642148.986376,"['£2.40', '£6.12/kg']",2.4,£6.12/kg
20113,Princes Tuna Chunks In Spring Water 145G,https://www.tesco.com/groceries/en-GB/products/302291238,1687642149.055244,"['£1.75', '£1.72/100g DR.WT']",1.75,£1.72/100g DR.WT
20114,Polo Sugar Free Tube Multipack 4 X 33.4G,https://www.tesco.com/groceries/en-GB/products/288953750,1687642149.124388,"['£1.75', '£1.31/100g']",1.75,£1.31/100g
20115,Wholefood Roasted Monkey Nuts 250G,https://www.tesco.com/groceries/en-GB/products/256056991,1687642149.1928031,"['£1.30', '£5.20/kg']",1.3,£5.20/kg
20116,Tesco Italian Seasoning 18G ..,https://www.tesco.com/groceries/en-GB/products/300456422,1687642149.2676601,"['£0.90', '£0.50/10g']",0.9,£0.50/10g
20117,Nature Valley Sweet & Salty Dark Chocolate With Nuts 120G,https://www.tesco.com/groceries/en-GB/products/304792132,1687642149.336182,"['£1.75', '£1.46/100g']",1.75,£1.46/100g
20118,Tesco Crushed Chillies 28G,https://www.tesco.com/groceries/en-GB/products/251620901,1687642149.406155,"['£0.90', '£0.32/10g']",0.9,£0.32/10g
20119,Trebor Softmints Peppermint 4Roll,https://www.tesco.com/groceries/en-GB/products/268046374,1687642149.480515,"['£1.35', '£0.75/100g']",1.35,£0.75/100g
20120,Ryvita Multiseed Thins 125G,https://www.tesco.com/groceries/en-GB/products/263831587,1687642149.56844,"['£2.20', '£1.76/100g']",2.2,£1.76/100g
20121,Tesco Chocolate Chip Cookie 2 X 250G,https://www.tesco.com/groceries/en-GB/products/290359230,1687642149.664336,"['£1.60', '£0.32/100g']",1.6,£0.32/100g
20122,Tesco Ploughmans Plum Chutney 295G,https://www.tesco.com/groceries/en-GB/products/300413116,1687642149.7363782,"['£1.30', '£0.44/100g']",1.3,£0.44/100g
20123,Mugshot Tomato & Herb Pasta 64G,https://www.tesco.com/groceries/en-GB/products/251171838,1687642149.80702,"['£1.00', '£15.62/kg']",1.0,£15.62/kg
20124,Blue Dragon Black Bean Stir Fry Sauce 120G,https://www.tesco.com/groceries/en-GB/products/295871778,1687642149.8829482,"['£0.95', '£0.79/100g']",0.95,£0.79/100g
20125,Kallo Very Low Salt Vegetable Stock Cube 60G,https://www.tesco.com/groceries/en-GB/products/255325148,1687642149.983267,"['£1.90', '£3.17/100g']",1.9,£3.17/100g
20126,Old El Paso Refried Beans 435G,https://www.tesco.com/groceries/en-GB/products/253836073,1687642155.311266,"['£1.95', '£0.45/100g']",1.95,£0.45/100g
20127,Nestle Nesquik Cereal 375G,https://www.tesco.com/groceries/en-GB/products/276973594,1687642155.388267,"['£2.75', '£0.73/100g']",2.75,£0.73/100g
20128,Bear Blackcurrant Yoyo Multipack 5X20g,https://www.tesco.com/groceries/en-GB/products/282614122,1687642155.463222,"['£2.85', '£2.85/100g']",2.85,£2.85/100g
20129,Pizza Express House Light Salad Dressing 235Ml,https://www.tesco.com/groceries/en-GB/products/254849578,1687642155.556472,"['£2.30', '£0.98/100ml']",2.3,£0.98/100ml
20130,Nature Valley Protein Salted Caramel Nut Bars 4X40g,https://www.tesco.com/groceries/en-GB/products/293837316,1687642155.661331,"['£3.00', '£1.88/100g']",3.0,£1.88/100g
20131,Tesco Milled Flax Seed Mix 175G,https://www.tesco.com/groceries/en-GB/products/302677255,1687642155.733292,"['£1.85', '£10.57/kg']",1.85,£10.57/kg
20132,Ben's Original Classic Wholegrain Microwave Rice 220G,https://www.tesco.com/groceries/en-GB/products/313170935,1687642155.803668,"['£0.99', '£4.50/kg']",0.99,£4.50/kg
20133,Tesco Finest Rye Sour Dough Cracker 130G,https://www.tesco.com/groceries/en-GB/products/304408559,1687642155.876417,"['£2.15', '£1.65/100g']",2.15,£1.65/100g
20134,Lindt Lindor Milk Chocolate Bar 100G,https://www.tesco.com/groceries/en-GB/products/268370997,1687642155.951051,"['£2.35', '£2.35/100g']",2.35,£2.35/100g
20135,Tesco Organic Medjool Dates 200G,https://www.tesco.com/groceries/en-GB/products/250281502,1687642156.0546129,"['£2.50', '£12.50/kg']",2.5,£12.50/kg
20136,Nissin Wok Style Soba Noodles Classic 109G,https://www.tesco.com/groceries/en-GB/products/306955818,1687642156.140126,"['£1.20', '£11.01/kg']",1.2,£11.01/kg
20137,De Cecco Linguine 500G,https://www.tesco.com/groceries/en-GB/products/250646417,1687642156.221985,"['£2.00', '£4.00/kg']",2.0,£4.00/kg
20138,Chop Garlic Puree 75G,https://www.tesco.com/groceries/en-GB/products/303823191,1687642156.3262131,"['£1.30', '£0.17/10g']",1.3,£0.17/10g
20139,Tesco Finest British Beef & Red Onion Gravy Granules 200G,https://www.tesco.com/groceries/en-GB/products/307733544,1687642156.4041731,"['£1.90', '£0.95/100g']",1.9,£0.95/100g
20140,Kingfisher Bamboo Shoots In Water 225G,https://www.tesco.com/groceries/en-GB/products/265819146,1687642156.477356,"['£1.15', '£0.96/100g DR.WT']",1.15,£0.96/100g DR.WT
20141,Stockwell & Co Chicken Curry 392G,https://www.tesco.com/groceries/en-GB/products/300535719,1687642156.5498922,"['£1.49', '£3.80/kg']",1.49,£3.80/kg
20142,Tesco Reduced Fat Rice Pudding 400G,https://www.tesco.com/groceries/en-GB/products/311227527,1687642156.629319,"['£0.90', '£0.22/100g']",0.9,£0.22/100g
20143,Pataks Tikka Masala Paste Pots 2X70g,https://www.tesco.com/groceries/en-GB/products/293134261,1687642156.7029078,"['£1.49', '£1.06/100g']",1.49,£1.06/100g
20144,Lu Petit Beurre Salted Butter Biscuit 167G,https://www.tesco.com/groceries/en-GB/products/309197155,1687642156.776711,"['£1.50', '£0.90/100g']",1.5,£0.90/100g
20145,Princes Mackerel Fillets In Tomato Sauce 125G,https://www.tesco.com/groceries/en-GB/products/254864066,1687642156.843637,"['£1.60', '£1.28/100g']",1.6,£1.28/100g
20146,Tesco Tomato & Chilli Pesto 190G,https://www.tesco.com/groceries/en-GB/products/268675677,1687642156.912129,"['£1.25', '£0.66/100g']",1.25,£0.66/100g
20147,Tilda Microwave Katsu Curry Jasmine Rice 250G,https://www.tesco.com/groceries/en-GB/products/310657676,1687642156.980739,"['£1.25', '£5.00/kg']",1.25,£5.00/kg
20148,Doves Farm Gluten Free Self Raising 1Kg,https://www.tesco.com/groceries/en-GB/products/264177046,1687642157.047915,"['£1.95', '£1.95/kg']",1.95,£1.95/kg
20149,Swizzels Scrumptious Sweets 173G,https://www.tesco.com/groceries/en-GB/products/311427757,1687642157.122793,"['£1.15', '£0.66/100g']",1.15,£0.66/100g
20150,Cadbury Dairy Milk Caramel Chocolate Bar 180G,https://www.tesco.com/groceries/en-GB/products/311268242,1687642157.193507,"['£2.00', '£1.11/100g']",2.0,£1.11/100g
20151,Takul Halal Kitchen Poultry Bacon 80G,https://www.tesco.com/groceries/en-GB/products/311220483,1687642157.2662961,"['£1.05', '£13.12/kg']",1.05,£13.12/kg
20152,Naked Noodle Chow Mein 78G,https://www.tesco.com/groceries/en-GB/products/289537873,1687642157.336416,"['£1.20', '£15.38/kg']",1.2,£15.38/kg
20153,Tesco Free From Stem Ginger Cookie 150G,https://www.tesco.com/groceries/en-GB/products/300832622,1687642157.4085371,"['£1.50', '£1.00/100g']",1.5,£1.00/100g
20154,Tesco Fizzy Multicolour Sweet Belt 75G,https://www.tesco.com/groceries/en-GB/products/255259088,1687642157.4783611,"['£0.70', '£0.93/100g']",0.7,£0.93/100g
20155,Batchelors Pasta & Sauce Low Fat Tomato Onion & Herb 99G,https://www.tesco.com/groceries/en-GB/products/306930525,1687642157.557645,"['£1.00', '£10.10/kg']",1.0,£10.10/kg
20156,Tesco Fruit & Nut Snack Pot 55G,https://www.tesco.com/groceries/en-GB/products/302677353,1687642157.648215,"['£1.00', '£1.82/100g']",1.0,£1.82/100g
20157,Drumstick Chew Bar Bubblegum 18G,https://www.tesco.com/groceries/en-GB/products/303177119,1687642157.740736,"['£0.10', '£0.56/100g']",0.1,£0.56/100g
20158,Cadbury Freddo 18G,https://www.tesco.com/groceries/en-GB/products/275341411,1687642157.809588,"['£0.25', '£1.39/100g']",0.25,£1.39/100g
20159,Tesco Brazil Nuts Snack Pack 60G,https://www.tesco.com/groceries/en-GB/products/283111885,1687642157.875813,"['£1.00', '£1.67/100g']",1.0,£1.67/100g
20160,Bisto Best Lamb Gravy 230G,https://www.tesco.com/groceries/en-GB/products/312217895,1687642157.9675379,"['£4.00', '£1.74/100g']",4.0,£1.74/100g
20161,Aasani Almonds 500G,https://www.tesco.com/groceries/en-GB/products/289206165,1687642158.04087,"['£4.40', '£8.80/kg']",4.4,£8.80/kg
20162,Tesco Flame Raisins 500G,https://www.tesco.com/groceries/en-GB/products/271063268,1687642158.108694,"['£3.10', '£6.20/kg']",3.1,£6.20/kg
20163,Gressingham Duck Fat 250G,https://www.tesco.com/groceries/en-GB/products/271754096,1687642158.177939,"['£3.15', '£12.60/kg']",3.15,£12.60/kg
20164,Maille Wholegrain Mustard 210G,https://www.tesco.com/groceries/en-GB/products/250859033,1687642158.2482,"['£2.65', '£1.26/100g']",2.65,£1.26/100g
20165,Oxo Reduced Salt Vegetable Stock Cubes 12 Pack 71G,https://www.tesco.com/groceries/en-GB/products/272080228,1687642158.319097,"['£2.40', '£3.38/100g']",2.4,£3.38/100g
20166,Tesco Easy Cook Rice 2Kg,https://www.tesco.com/groceries/en-GB/products/254877362,1687642158.3885598,"['£3.10', '£1.55/kg']",3.1,£1.55/kg
20167,Tesco Nuts And Seeds Muesli 750G,https://www.tesco.com/groceries/en-GB/products/292990601,1687642158.4763572,"['£2.60', '£0.35/100g']",2.6,£0.35/100g
20168,Itsu Crispy Seaweed Thins Multipack 3X5g,https://www.tesco.com/groceries/en-GB/products/301518779,1687642158.560328,"['£2.15', '£14.33/100g']",2.15,£14.33/100g
20169,Tesco Bulgur Wheat 500G,https://www.tesco.com/groceries/en-GB/products/256533144,1687642158.6323378,"['£1.70', '£3.40/kg']",1.7,£3.40/kg
20170,Trek Flapjack Cocoa Oat 50G 3 Pack,https://www.tesco.com/groceries/en-GB/products/291558943,1687642158.702612,"['£3.00', '£2.00/100g']",3.0,£2.00/100g
20171,Grace Green Plantain Chips Salted 85G,https://www.tesco.com/groceries/en-GB/products/285097892,1687642158.793046,"['£1.05', '£1.24/100g']",1.05,£1.24/100g
20172,Loyd Grossman No Added Sugar Tomato & Chilli Sauce 350G,https://www.tesco.com/groceries/en-GB/products/301324076,1687642158.875233,"['£3.00', '£0.86/100g']",3.0,£0.86/100g
20173,Nandos Squeezy Perinaise 265G,https://www.tesco.com/groceries/en-GB/products/292200236,1687642158.966039,"['£2.25', '£0.85/100g']",2.25,£0.85/100g
20174,Tesco Low Fat Chicken & Sweetcorn Soup 400G,https://www.tesco.com/groceries/en-GB/products/300524060,1687642164.415765,"['£0.75', '£0.19/100g']",0.75,£0.19/100g
20175,Cirio Peeled Plum Tomatoes 4X400g,https://www.tesco.com/groceries/en-GB/products/255836513,1687642164.4930182,"['£4.20', '£2.62/kg DR.WT']",4.2,£2.62/kg DR.WT
20176,Lily O'brien's Desserts Collection 210G,https://www.tesco.com/groceries/en-GB/products/311782519,1687642164.5686421,"['£7.00', '£3.33/100g']",7.0,£3.33/100g
20177,Lotus Biscuit Spread Crunchy 380G,https://www.tesco.com/groceries/en-GB/products/281928141,1687642164.683908,"['£3.20', '£0.84/100g']",3.2,£0.84/100g
20178,Dorset Cereal Pecan & Almond Muesli Crunch 400G,https://www.tesco.com/groceries/en-GB/products/312096345,1687642164.7603672,"['£4.00', '£1.00/100g']",4.0,£1.00/100g
20179,Tesco Mint Jelly 340G,https://www.tesco.com/groceries/en-GB/products/265305729,1687642164.857362,"['£1.70', '£0.50/100g']",1.7,£0.50/100g
20180,Billington's Golden Granulated Sugar 1Kg,https://www.tesco.com/groceries/en-GB/products/254917120,1687642164.928745,"['£2.30', '£2.30/kg']",2.3,£2.30/kg
20181,Tesco Free From 5 Angel Slices,https://www.tesco.com/groceries/en-GB/products/303127531,1687642165.00067,"['£2.50', '£0.50/each']",2.5,£0.50/each
20182,Bear Bites Strawberry & Butternut Squash 5 Pack,https://www.tesco.com/groceries/en-GB/products/306942056,1687642165.073576,"['£2.85', '£3.17/100g']",2.85,£3.17/100g
20183,Kuchnia Polska Sour Cucumber 700G,https://www.tesco.com/groceries/en-GB/products/281343475,1687642165.1701708,"['£2.00', '£0.50/100g']",2.0,£0.50/100g
20184,Mr Kipling Sponge Pudding Lemon 2X95g,https://www.tesco.com/groceries/en-GB/products/282663751,1687642165.25146,"['£2.35', '£1.24/100g']",2.35,£1.24/100g
20185,Schar Gluten Free Curvies Original 170G,https://www.tesco.com/groceries/en-GB/products/304791663,1687642165.322571,"['£2.70', '£1.59/100g']",2.7,£1.59/100g
20186,Kellogg's Hot Fudge Sundae Pop Tarts 8X48g,https://www.tesco.com/groceries/en-GB/products/311673467,1687642165.392724,"['£2.99', '£0.78/100g']",2.99,£0.78/100g
20187,Wrigley's Extra White Bubblemint 6X10 Pieces 84G,https://www.tesco.com/groceries/en-GB/products/302312676,1687642165.465336,"['£2.75', '£3.27/100g']",2.75,£3.27/100g
20188,Alpen No Added Sugar Swiss Style Muesli 550G,https://www.tesco.com/groceries/en-GB/products/305987407,1687642165.534806,"['£2.70', '£0.49/100g']",2.7,£0.49/100g
20189,Eat Natural Bars Maple Syrup Pecan & Peanut 45G,https://www.tesco.com/groceries/en-GB/products/291399819,1687642165.610909,"['£2.40', '£1.78/100g']",2.4,£1.78/100g
20190,Fibre One Cake Bar Triple Chocolate 4 X 25G,https://www.tesco.com/groceries/en-GB/products/301692219,1687642165.7669928,"['£2.90', '£2.90/100g']",2.9,£2.90/100g
20191,Whitworths Extra Juicy Sultanas 325G,https://www.tesco.com/groceries/en-GB/products/280484355,1687642165.8491678,"['£2.00', '£6.15/kg']",2.0,£6.15/kg
20192,Lindt Classic Recipe Milk Chocolate Bar 125G,https://www.tesco.com/groceries/en-GB/products/309481095,1687642165.944414,"['£2.10', '£1.68/100g']",2.1,£1.68/100g
20193,Franks Red Hot Original Cayenne Pepper Sauce 148Ml,https://www.tesco.com/groceries/en-GB/products/264147746,1687642166.015981,"['£2.20', '£1.49/100ml']",2.2,£1.49/100ml
20194,Ferrero Rocher Original Milk Chocolate Bar 90G,https://www.tesco.com/groceries/en-GB/products/309481164,1687642166.108497,"['£2.20', '£2.44/100g']",2.2,£2.44/100g
20195,Butterkist Sweet & Salted Popcorn 100G,https://www.tesco.com/groceries/en-GB/products/285117870,1687642166.200657,"['£2.00', '£2.00/100g']",2.0,£2.00/100g
20196,Nestle Toffee Crisp Chocolate Bars Multipack 9 X 31g,https://www.tesco.com/groceries/en-GB/products/297315939,1687642166.293768,"['£2.50', '£0.90/100g']",2.5,£0.90/100g
20197,Pringles Sizzl'n Kickin Sour Cream Crisps 180G,https://www.tesco.com/groceries/en-GB/products/308117339,1687642166.366845,"['£1.85', '£1.03/100g']",1.85,£1.03/100g
20198,Pringles Multigrain Less Salt Sour Cream & Chilli 166G,https://www.tesco.com/groceries/en-GB/products/312700236,1687642166.448064,"['£2.00', '£1.20/100g']",2.0,£1.20/100g
20199,Princes Mackerel Fillets In Spicy Tomato Sauce 125G,https://www.tesco.com/groceries/en-GB/products/255737763,1687642166.5451,"['£1.60', '£1.28/100g']",1.6,£1.28/100g
20200,Mentos Mint Chewy Sweets 5 X 38G,https://www.tesco.com/groceries/en-GB/products/307743647,1687642166.6148632,"['£1.80', '£0.95/100g']",1.8,£0.95/100g
20201,Pataks Medium Hot Rogan Josh Sauce 450G,https://www.tesco.com/groceries/en-GB/products/274747958,1687642166.6937668,"['£2.00', '£0.44/100g']",2.0,£0.44/100g
20202,Askeys Round Icecream Cones 21Pk,https://www.tesco.com/groceries/en-GB/products/255569783,1687642166.775984,"['£1.20', '£0.06/each']",1.2,£0.06/each
20203,Grace Pumpkin Soup Mix 50G,https://www.tesco.com/groceries/en-GB/products/271762074,1687642166.854136,"['£0.75', '£15.00/kg']",0.75,£15.00/kg
20204,Mugshot Thai Style Noodles 55G,https://www.tesco.com/groceries/en-GB/products/260636986,1687642166.9348202,"['£1.00', '£18.18/kg']",1.0,£18.18/kg
20205,Maynards Bassetts Wine Gums Tangy 165G,https://www.tesco.com/groceries/en-GB/products/295703374,1687642167.0147898,"['£1.25', '£0.76/100g']",1.25,£0.76/100g
20206,Maynards Reds & Blacks 165G,https://www.tesco.com/groceries/en-GB/products/290330995,1687642167.089359,"['£1.25', '£0.76/100g']",1.25,£0.76/100g
20207,Schwartz Authentic Bombay Potatoes 33G,https://www.tesco.com/groceries/en-GB/products/259420342,1687642167.158654,"['£0.95', '£2.88/100g']",0.95,£2.88/100g
20208,Walkers Prawn Cocktail Crisps 45G,https://www.tesco.com/groceries/en-GB/products/308455848,1687642167.2517068,"['£1.00', '£2.22/100g']",1.0,£2.22/100g
20209,Schwartz Creamy Chicken & Leek Bake 35G,https://www.tesco.com/groceries/en-GB/products/285779431,1687642167.367383,"['£0.95', '£2.71/100g']",0.95,£2.71/100g
20210,Chewits Strawberry Single 30G,https://www.tesco.com/groceries/en-GB/products/253273191,1687642167.474224,"['£0.40', '£1.33/100g']",0.4,£1.33/100g
20211,Tesco Mild Guacamole Topping 285G,https://www.tesco.com/groceries/en-GB/products/272492265,1687642167.548598,"['£1.50', '£0.53/100g']",1.5,£0.53/100g
20212,Skittles Crazy Sours Pouch 152G,https://www.tesco.com/groceries/en-GB/products/310844466,1687642167.618033,"['£0.99', '£0.65/100g']",0.99,£0.65/100g
20213,Island Sun Coconut Milk 400Ml,https://www.tesco.com/groceries/en-GB/products/259214581,1687642167.709733,"['£1.00', '£2.50/litre']",1.0,£2.50/litre
20214,Maltesers Kingsize 58.5G,https://www.tesco.com/groceries/en-GB/products/252944332,1687642167.793959,"['£0.90', '£1.54/100g']",0.9,£1.54/100g
20216,Hermesetas Mini Sweeteners 800 Pack,https://www.tesco.com/groceries/en-GB/products/259247714,1687642167.986222,"['£3.30', '£0.00/kg']",3.3,£0.00/kg
20217,Tesco Hazelnuts 250G,https://www.tesco.com/groceries/en-GB/products/271074088,1687642168.0550249,"['£3.50', '£14.00/kg']",3.5,£14.00/kg
20218,Tesco Carnaroli Risotto Rice 500G,https://www.tesco.com/groceries/en-GB/products/260343576,1687642168.133996,"['£3.20', '£6.40/kg']",3.2,£6.40/kg
20219,Pataks 10 Papadums Plain 100G,https://www.tesco.com/groceries/en-GB/products/253804451,1687642168.202448,"['£2.30', '£2.30/100g']",2.3,£2.30/100g
20220,Hellmann's Vegan Mayonnaise 430Ml,https://www.tesco.com/groceries/en-GB/products/305944637,1687642168.27058,"['£3.40', '£0.79/100ml']",3.4,£0.79/100ml
20221,Yarden Houmous Extra 250G,https://www.tesco.com/groceries/en-GB/products/251117841,1687642168.3403342,"['£2.65', '£1.06/100g']",2.65,£1.06/100g
20222,Tesco Chia Seeds 100G,https://www.tesco.com/groceries/en-GB/products/309470252,1687642175.158773,"['£1.00', '£10.00/kg']",1.0,£10.00/kg
20223,Jacob's Cheddars Red Leicester 150G,https://www.tesco.com/groceries/en-GB/products/312100255,1687642175.23997,"['£1.20', '£0.80/100g']",1.2,£0.80/100g
20224,Batchelors Big Super Noodles Bbq Beef Flavoured 100G,https://www.tesco.com/groceries/en-GB/products/306931490,1687642175.317159,"['£1.20', '£12.00/kg']",1.2,£12.00/kg
20225,Aero Milk Chocolate Peppermint Bubbles 92G,https://www.tesco.com/groceries/en-GB/products/308085560,1687642175.391192,"['£1.35', '£1.47/100g']",1.35,£1.47/100g
20226,Nik Naks Nice 'N' Spicy Grab Bag Crisps 45G,https://www.tesco.com/groceries/en-GB/products/311442168,1687642175.465019,"['£1.00', '£2.22/100g']",1.0,£2.22/100g
20227,Mccoy's Salt & Vinegar Grab Bag Crisps 45G,https://www.tesco.com/groceries/en-GB/products/311263224,1687642175.596517,"['£1.00', '£2.22/100g']",1.0,£2.22/100g
20228,Jammin Sparkling Fruit Punch Drink 2 Litres,https://www.tesco.com/groceries/en-GB/products/267778766,1687642175.714433,"['£0.95', '£0.05/100ml']",0.95,£0.05/100ml
20229,Tesco Viennese Swirl Carton 125G,https://www.tesco.com/groceries/en-GB/products/294779613,1687642175.78739,"['£1.15', '£0.92/100g']",1.15,£0.92/100g
20230,Tesco Salt & Vinegar Flavoured Mini Rice & Corn Cakes 4X25g,https://www.tesco.com/groceries/en-GB/products/311680588,1687642175.860369,"['£1.25', '£1.25/100g']",1.25,£1.25/100g
20231,Tesco Free From Cheese Flavour Balls 150G,https://www.tesco.com/groceries/en-GB/products/304389996,1687642175.931393,"['£1.10', '£0.73/100g']",1.1,£0.73/100g
20232,Schwartz Slow Cookers Chicken In Red Wine 35G,https://www.tesco.com/groceries/en-GB/products/268004390,1687642176.002029,"['£0.95', '£2.71/100g']",0.95,£2.71/100g
20233,M&M's Brownie Chocolate Bag 102G,https://www.tesco.com/groceries/en-GB/products/308475496,1687642176.0957718,"['£1.50', '£1.47/100g']",1.5,£1.47/100g
20234,Birds Whisk & Serve Semolina 98G Packet,https://www.tesco.com/groceries/en-GB/products/259066536,1687642176.167129,"['£1.05', '£1.07/100g']",1.05,£1.07/100g
20235,Tesco Chocolate Fruit & Nut Mix Snack Pack 60G,https://www.tesco.com/groceries/en-GB/products/283112187,1687642176.2411652,"['£1.00', '£16.67/kg']",1.0,£16.67/kg
20236,Laila Basmati Rice 10Kg,https://www.tesco.com/groceries/en-GB/products/256171675,1687642176.331845,"['£19.00', '£1.90/kg']",19.0,£1.90/kg
20237,Blue Dragon Pad Thai Noodles Kit 265G,https://www.tesco.com/groceries/en-GB/products/301803759,1687642176.425868,"['£3.10', '£1.17/100g']",3.1,£1.17/100g
20238,Napolina Light & Mild Olive Oil 500Ml,https://www.tesco.com/groceries/en-GB/products/255592950,1687642176.494514,"['£5.10', '£1.02/100ml']",5.1,£1.02/100ml
20239,Sacla Vegan Basil Pesto 190G,https://www.tesco.com/groceries/en-GB/products/283949873,1687642176.565675,"['£3.10', '£1.63/100g']",3.1,£1.63/100g
20240,Filippo Berio Balsamic Vinegar 250Ml,https://www.tesco.com/groceries/en-GB/products/279684661,1687642176.6378539,"['£3.25', '£1.30/100ml']",3.25,£1.30/100ml
20241,Green And Blacks Classic Minis 180G,https://www.tesco.com/groceries/en-GB/products/285131570,1687642176.7101362,"['£6.00', '£3.33/100g']",6.0,£3.33/100g
20242,Tesco Gingerbread Mix 225G,https://www.tesco.com/groceries/en-GB/products/289573832,1687642176.809995,"['£1.80', '£0.80/100g']",1.8,£0.80/100g
20243,Nestle Go Free Honey Nut Flakes Gluten Free 350G,https://www.tesco.com/groceries/en-GB/products/314310927,1687642176.879008,"['£2.40', '£0.69/100g']",2.4,£0.69/100g
20244,Morliny Frankfurters 350G,https://www.tesco.com/groceries/en-GB/products/302010175,1687642176.9490602,"['£2.45', '£0.70/100g']",2.45,£0.70/100g
20245,Opies Lemon Slices 350G,https://www.tesco.com/groceries/en-GB/products/256017387,1687642177.019117,"['£1.95', '£1.15/100g DR.WT']",1.95,£1.15/100g DR.WT
20246,Bisto Gluten Free Gravy Granules 175G,https://www.tesco.com/groceries/en-GB/products/297609736,1687642177.090977,"['£3.80', '£2.17/100g']",3.8,£2.17/100g
20247,Grace 100% Halal Corned Beef 340G,https://www.tesco.com/groceries/en-GB/products/272109404,1687642177.164931,"['£4.00', '£11.76/kg']",4.0,£11.76/kg
20248,Kubus Apple Banana Carrot & Strawberry Mousse 100G,https://www.tesco.com/groceries/en-GB/products/279842342,1687642177.232645,"['£0.85', '£0.85/100g']",0.85,£0.85/100g
20249,Encona Scotch Bonnet Pepper Extra Hot Sauce 220Ml,https://www.tesco.com/groceries/en-GB/products/305247506,1687642177.3057961,"['£1.70', '£0.77/100ml']",1.7,£0.77/100ml
20250,Nairns Gluten Free Ginger Biscuit Break 160G,https://www.tesco.com/groceries/en-GB/products/296384345,1687642177.386135,"['£2.00', '£1.25/100g']",2.0,£1.25/100g
20251,Kp Flavour Kravers Flamegrilled Steak Flavour Peanut 140G,https://www.tesco.com/groceries/en-GB/products/310165889,1687642177.455359,"['£3.00', '£2.14/100g']",3.0,£2.14/100g
20252,Loyd Grossman No Added Sugar Bolognese 350G,https://www.tesco.com/groceries/en-GB/products/302278543,1687642177.537211,"['£3.00', '£0.86/100g']",3.0,£0.86/100g
20253,Extra White Gum Bottle 46 Pieces64g,https://www.tesco.com/groceries/en-GB/products/276579024,1687642177.648441,"['£1.99', '£3.11/100g']",1.99,£3.11/100g
20254,Tesco Finest Free From Dark Chocolate Ginger Cookies 150G,https://www.tesco.com/groceries/en-GB/products/278437236,1687642177.721594,"['£2.35', '£1.57/100g']",2.35,£1.57/100g
20255,Tulip Pork Luncheon Meat 250G,https://www.tesco.com/groceries/en-GB/products/292341443,1687642177.7981849,"['£1.70', '£0.68/100g']",1.7,£0.68/100g
20256,Propercorn Lightly Sea Salted 70G,https://www.tesco.com/groceries/en-GB/products/278170199,1687642177.874453,"['£1.90', '£2.71/100g']",1.9,£2.71/100g
20257,Streamline Reduced Sugar Strawberry Jam 340G,https://www.tesco.com/groceries/en-GB/products/282487470,1687642177.953614,"['£1.60', '£0.47/100g']",1.6,£0.47/100g
20258,Winiary Mayonnaise 400Ml,https://www.tesco.com/groceries/en-GB/products/262110048,1687642178.035359,"['£2.00', '£0.50/100ml']",2.0,£0.50/100ml
20259,Princes Mackerel Fillets In Mustard Sauce 125G,https://www.tesco.com/groceries/en-GB/products/259395428,1687642178.111428,"['£1.60', '£1.28/100g']",1.6,£1.28/100g
20260,Tesco Vegetable Stockpot 4 Pack 112G,https://www.tesco.com/groceries/en-GB/products/289036918,1687642178.192267,"['£1.20', '£1.07/100g']",1.2,£1.07/100g
20261,Dunns River Creamed Coconut 200G,https://www.tesco.com/groceries/en-GB/products/271761473,1687642178.266787,"['£1.20', '£0.60/100g']",1.2,£0.60/100g
20262,Maynards Bassetts Wine Gums Juicies 130G,https://www.tesco.com/groceries/en-GB/products/312089417,1687642178.35215,"['£1.25', '£0.96/100g']",1.25,£0.96/100g
20263,Mugshot Chinese Noodle 45G,https://www.tesco.com/groceries/en-GB/products/268691070,1687642178.440691,"['£1.00', '£22.22/kg']",1.0,£22.22/kg
20264,Squashies Drumstick Bubblegum 160G,https://www.tesco.com/groceries/en-GB/products/285000846,1687642178.528658,"['£1.15', '£0.72/100g']",1.15,£0.72/100g
20265,Tesco Free From Batter Mix 100G,https://www.tesco.com/groceries/en-GB/products/300962433,1687642178.61763,"['£0.75', '£7.50/kg']",0.75,£7.50/kg
20266,Mccoy's Epic Eats Spicy Salsa Crisps 45G,https://www.tesco.com/groceries/en-GB/products/313519337,1687642178.687736,"['£0.90', '£2.00/100g']",0.9,£2.00/100g
20267,Mccoy's Epic Eats Nacho Cheese Crisps 45G,https://www.tesco.com/groceries/en-GB/products/313744597,1687642178.843894,"['£0.90', '£2.00/100g']",0.9,£2.00/100g
20268,Tesco Sweet & Spicy Noodle Soup In A Mug 5 Pack 115G,https://www.tesco.com/groceries/en-GB/products/297132160,1687642178.957293,"['£0.90', '£0.01/kg']",0.9,£0.01/kg
20269,Walkers Quavers Bbq Sauce Snacks 34G,https://www.tesco.com/groceries/en-GB/products/313848313,1687642179.026289,"['£1.00', '£2.94/100g']",1.0,£2.94/100g
20270,Guylian Seashells 500G Box,https://www.tesco.com/groceries/en-GB/products/258195592,1687642185.004885,"['£10.00', '£2.00/100g']",10.0,£2.00/100g
20271,Truvia Sweetener From Stevia Leaf Extract 270G,https://www.tesco.com/groceries/en-GB/products/272063451,1687642185.078979,"['£5.50', '£20.37/kg']",5.5,£20.37/kg
20272,Betty Crocker Chocolate Fudge Brownie Mix 415G,https://www.tesco.com/groceries/en-GB/products/253175998,1687642185.155062,"['£3.00', '£7.23/kg']",3.0,£7.23/kg
20273,Fragata Capers 240G,https://www.tesco.com/groceries/en-GB/products/255100975,1687642185.242081,"['£2.50', '£1.85/100g DR.WT']",2.5,£1.85/100g DR.WT
20274,Schwartz Parsley 3G,https://www.tesco.com/groceries/en-GB/products/254919066,1687642185.326215,"['£2.00', '£6.67/10g']",2.0,£6.67/10g
20275,Cypressa Tahini 300G,https://www.tesco.com/groceries/en-GB/products/279768919,1687642185.417087,"['£2.90', '£0.97/100g']",2.9,£0.97/100g
20276,Tiptree Mango Chutney 220G,https://www.tesco.com/groceries/en-GB/products/302290889,1687642185.485652,"['£2.65', '£1.20/100g']",2.65,£1.20/100g
20277,Bonne Maman Intense Raspberry Jam 335G,https://www.tesco.com/groceries/en-GB/products/303879746,1687642185.553538,"['£3.80', '£1.13/100g']",3.8,£1.13/100g
20278,Supermalt Ginger Beer 4X330ml,https://www.tesco.com/groceries/en-GB/products/304780313,1687642185.630324,"['£3.50', '£0.26/100ml']",3.5,£0.26/100ml
20279,Schwartz Ground Cumin 37G,https://www.tesco.com/groceries/en-GB/products/301392414,1687642185.699808,"['£2.00', '£54.05/kg']",2.0,£54.05/kg
20280,Tesco Organic Fair Trade Cashew Nuts 150G,https://www.tesco.com/groceries/en-GB/products/260942646,1687642185.79531,"['£3.20', '£21.33/kg']",3.2,£21.33/kg
20281,Tesco Free From 6 Scotch Pancakes,https://www.tesco.com/groceries/en-GB/products/306497571,1687642185.874115,"['£2.20', '£0.37/each']",2.2,£0.37/each
20282,Urban Fruit Dried Mango Slices 100G,https://www.tesco.com/groceries/en-GB/products/262929382,1687642185.947072,"['£2.60', '£26.00/kg']",2.6,£26.00/kg
20283,Pizza Express House Salad Dressing 235Ml,https://www.tesco.com/groceries/en-GB/products/252756439,1687642186.0404532,"['£2.30', '£0.98/100ml']",2.3,£0.98/100ml
20284,Nakd Cocoa Delight Bars 4 Pack 140G,https://www.tesco.com/groceries/en-GB/products/278339174,1687642186.136852,"['£3.00', '£2.14/100g']",3.0,£2.14/100g
20285,Najma Spanish Turkey Salami 80G,https://www.tesco.com/groceries/en-GB/products/297762616,1687642186.2323241,"['£1.70', '£2.12/100g']",1.7,£2.12/100g
20286,Tesco Strawberry & Banana Bars 5X30g,https://www.tesco.com/groceries/en-GB/products/301576635,1687642186.2984278,"['£2.00', '£1.33/100g']",2.0,£1.33/100g
20287,Laciate Milk 2% 1 Litre,https://www.tesco.com/groceries/en-GB/products/263294438,1687642186.367584,"['£1.20', '£1.20/litre']",1.2,£1.20/litre
20288,Natures Finest Tropical Fruit Salad In Juice 700G,https://www.tesco.com/groceries/en-GB/products/283996378,1687642186.4454951,"['£2.75', '£7.33/kg DR.WT']",2.75,£7.33/kg DR.WT
20289,Mr Freeze Jubbly Jubbly Cola 8X62ml,https://www.tesco.com/groceries/en-GB/products/272478231,1687642186.515696,"['£1.65', '£0.33/100ml']",1.65,£0.33/100ml
20290,Eat Real Quinoa Chips Sour Cream & Chive 80G,https://www.tesco.com/groceries/en-GB/products/297904064,1687642186.582447,"['£2.00', '£2.50/100g']",2.0,£2.50/100g
20291,Tesco Poppy Seeds 100G,https://www.tesco.com/groceries/en-GB/products/271090212,1687642186.649591,"['£1.15', '£11.50/kg']",1.15,£11.50/kg
20292,Tesco Finest Free From Oat & Raisin Cookies 150G,https://www.tesco.com/groceries/en-GB/products/282622351,1687642186.71793,"['£2.35', '£1.57/100g']",2.35,£1.57/100g
20293,Mcvities Gluten Free Chocolate Hobnobs 150G,https://www.tesco.com/groceries/en-GB/products/293354392,1687642186.78796,"['£2.30', '£1.53/100g']",2.3,£1.53/100g
20294,Tulip Premium Cured Chicken Breast 200G,https://www.tesco.com/groceries/en-GB/products/280469086,1687642186.8591318,"['£2.00', '£1.00/100g']",2.0,£1.00/100g
20295,Maggi Liquid Seasoning Hot 100Ml,https://www.tesco.com/groceries/en-GB/products/266258944,1687642186.935651,"['£1.40', '£1.40/100ml']",1.4,£1.40/100ml
20296,Kellogg's Fruit Winders Mango 5 X 17G,https://www.tesco.com/groceries/en-GB/products/312211705,1687642187.00669,"['£1.50', '£17.65/kg']",1.5,£17.65/kg
20297,Sarsons Gravy Browning 150Ml,https://www.tesco.com/groceries/en-GB/products/274753098,1687642187.0827389,"['£1.00', '£0.67/100ml']",1.0,£0.67/100ml
20298,Tesco Seedless Raisins 1Kg,https://www.tesco.com/groceries/en-GB/products/254915370,1687642187.166062,"['£2.45', '£2.45/kg']",2.45,£2.45/kg
20299,Rubicon Guava Juice Drink 1 Litre,https://www.tesco.com/groceries/en-GB/products/265415651,1687642187.2425148,"['£1.70', '£0.17/100ml']",1.7,£0.17/100ml
20300,Tesco Original Rye Crisp Bread 250G,https://www.tesco.com/groceries/en-GB/products/294706637,1687642187.340298,"['£1.10', '£0.44/100g']",1.1,£0.44/100g
20301,Tesco Peach In Mango Flavoured Jelly 4X120g,https://www.tesco.com/groceries/en-GB/products/276186011,1687642187.414675,"['£1.75', '£0.36/100g']",1.75,£0.36/100g
20302,Tesco Free From Custard Creams 125G,https://www.tesco.com/groceries/en-GB/products/308083896,1687642187.492507,"['£1.30', '£1.04/100g']",1.3,£1.04/100g
20303,Tesco Free From Gingerbread Men 154G,https://www.tesco.com/groceries/en-GB/products/304392571,1687642187.568774,"['£1.70', '£1.10/100g']",1.7,£1.10/100g
20304,Tesco Free From Cookies & Cream Biscuits 160G,https://www.tesco.com/groceries/en-GB/products/301210003,1687642187.648353,"['£1.60', '£1.00/100g']",1.6,£1.00/100g
20305,Mcvitie's Jaffa Cakes Cherry Flavoured Biscuits 10 Pack,https://www.tesco.com/groceries/en-GB/products/307750857,1687642187.724319,"['£1.25', '£0.12/each']",1.25,£0.12/each
20306,Tesco Free From Curry Noodle Pot 74G,https://www.tesco.com/groceries/en-GB/products/293171901,1687642187.833544,"['£1.35', '£1.82/100g']",1.35,£1.82/100g
20307,Tesco Ras El Hanout Seasoning 50G,https://www.tesco.com/groceries/en-GB/products/292974310,1687642187.9049852,"['£0.90', '£18.00/kg']",0.9,£18.00/kg
20308,Guylian Seashells Boxed Chocolates 65G,https://www.tesco.com/groceries/en-GB/products/260704812,1687642187.973676,"['£1.60', '£2.46/100g']",1.6,£2.46/100g
20309,Cofresh Spicy Balti Mix 325G,https://www.tesco.com/groceries/en-GB/products/287547708,1687642188.0541708,"['£1.00', '£0.31/100g']",1.0,£0.31/100g
20310,Tesco Ginger Preserve 340G,https://www.tesco.com/groceries/en-GB/products/280879009,1687642188.172069,"['£1.00', '£0.29/100g']",1.0,£0.29/100g
20312,Twix White Chocolate Extra Single Twin 75G,https://www.tesco.com/groceries/en-GB/products/303836573,1687642188.345737,"['£0.90', '£1.20/100g']",0.9,£1.20/100g
20313,Tesco Finest Acacia Honey 340G,https://www.tesco.com/groceries/en-GB/products/264660996,1687642188.46081,"['£4.35', '£1.28/100g']",4.35,£1.28/100g
20314,Dr Oetker Fine Dark Cocoa Powder Tub 190G,https://www.tesco.com/groceries/en-GB/products/296457140,1687642188.5281,"['£3.15', '£1.66/100g']",3.15,£1.66/100g
20315,Lizi's Low Sugar Maple & Pecan Granola 500G,https://www.tesco.com/groceries/en-GB/products/312091727,1687642188.6124532,"['£4.00', '£0.80/100g']",4.0,£0.80/100g
20316,Dorset Cereals Honey Granola 500G,https://www.tesco.com/groceries/en-GB/products/297237375,1687642188.689162,"['£4.30', '£0.86/100g']",4.3,£0.86/100g
20317,Bonne Maman Wild Blueberry Conserve 370G,https://www.tesco.com/groceries/en-GB/products/250782975,1687642188.781443,"['£3.60', '£0.97/100g']",3.6,£0.97/100g
20318,Lee Kum Kee Teriyaki Sauce 200G,https://www.tesco.com/groceries/en-GB/products/276761603,1687642194.593407,"['£2.10', '£1.05/100g']",2.1,£1.05/100g
20319,Create A Cake Rainbow Muffin Cases 100,https://www.tesco.com/groceries/en-GB/products/309781673,1687642194.673267,"['£1.90', '£0.02/each']",1.9,£0.02/each
20320,Satono Yuki Tofu 300G,https://www.tesco.com/groceries/en-GB/products/276785903,1687642194.7591228,"['£1.90', '£6.33/kg']",1.9,£6.33/kg
20321,Baxters Pea Broccoli & Basil Pesto Soup 400G,https://www.tesco.com/groceries/en-GB/products/301442074,1687642194.84043,"['£2.20', '£0.55/100g']",2.2,£0.55/100g
20322,Baxters Root Vegetable Turmeric Soup 400G,https://www.tesco.com/groceries/en-GB/products/297597875,1687642194.915607,"['£2.20', '£0.55/100g']",2.2,£0.55/100g
20323,Mamade Prepared Seville Oranges Thin Cut 850G,https://www.tesco.com/groceries/en-GB/products/254850756,1687642194.9851708,"['£2.30', '£0.27/100g']",2.3,£0.27/100g
20324,Hartleys Strawberry 10Cal Multipack 6X175g,https://www.tesco.com/groceries/en-GB/products/297519347,1687642195.056567,"['£2.99', '£0.28/100g']",2.99,£0.28/100g
20325,Biona Organic Chick Peas 400G,https://www.tesco.com/groceries/en-GB/products/306799283,1687642195.128464,"['£1.60', '£6.67/kg DR.WT']",1.6,£6.67/kg DR.WT
20326,Morliny Berlinki Hot Dog With Cheese 250G,https://www.tesco.com/groceries/en-GB/products/290240905,1687642195.202789,"['£1.60', '£0.64/100g']",1.6,£0.64/100g
20327,Tesco Pistachios Roasted Salted Kernels 100G,https://www.tesco.com/groceries/en-GB/products/297348629,1687642195.2766578,"['£3.30', '£3.30/100g']",3.3,£3.30/100g
20328,Grace Mackerel Tomato Sauce Hot & Spicy 425G,https://www.tesco.com/groceries/en-GB/products/301555447,1687642195.35469,"['£2.00', '£0.47/100g']",2.0,£0.47/100g
20329,Tarczynski Kabanos Gryzzale Chicken 90G,https://www.tesco.com/groceries/en-GB/products/309201369,1687642195.4270332,"['£2.10', '£2.33/100g']",2.1,£2.33/100g
20330,Tesco Hot Fajita Seasoning 30G,https://www.tesco.com/groceries/en-GB/products/292761880,1687642195.499211,"['£0.85', '£0.28/10g']",0.85,£0.28/10g
20331,Tymbark Apple Watermelon Drink 250Ml,https://www.tesco.com/groceries/en-GB/products/271636167,1687642195.570037,"['£0.70', '£0.28/100ml']",0.7,£0.28/100ml
20332,Pimlico Vegetarian Fizzy Fruit Flavoured Jelly Sweets 450G,https://www.tesco.com/groceries/en-GB/products/287508992,1687642195.6416671,"['£2.50', '£0.56/100g']",2.5,£0.56/100g
20333,Tesco Ready To Roll Icing Green 250G,https://www.tesco.com/groceries/en-GB/products/284952291,1687642195.714376,"['£1.80', '£0.72/100g']",1.8,£0.72/100g
20334,Tesco Brown Flaxseeds 250G,https://www.tesco.com/groceries/en-GB/products/260259912,1687642195.787715,"['£1.20', '£4.80/kg']",1.2,£4.80/kg
20335,Nissin Big Soba Wok Style Cup Noodles Classic 113G,https://www.tesco.com/groceries/en-GB/products/313729996,1687642195.8602781,"['£1.99', '£17.61/kg']",1.99,£17.61/kg
20336,Colman's Salt & Pepper Chicken Recipe Mix 23G,https://www.tesco.com/groceries/en-GB/products/311672039,1687642195.939679,"['£1.00', '£4.35/100g']",1.0,£4.35/100g
20337,Sharwoods Stir Fry Sauce 30% Less Sugar Sweet & Sour 120G,https://www.tesco.com/groceries/en-GB/products/307748947,1687642196.0073578,"['£1.20', '£1.00/100g']",1.2,£1.00/100g
20338,Quaker Porridge To Go Cinnamon Bar 2X55g,https://www.tesco.com/groceries/en-GB/products/301467718,1687642196.0969741,"['£1.75', '£1.59/100g']",1.75,£1.59/100g
20340,Rubicon Sparklng Passion Juice Drink 2 Litre,https://www.tesco.com/groceries/en-GB/products/275454836,1687642196.284437,"['£1.80', '£0.09/100ml']",1.8,£0.09/100ml
20341,Nestle Kit Kat Chunky Caramel Snack Size Chocolate Bars Multipack 4 X 35g,https://www.tesco.com/groceries/en-GB/products/311444903,1687642196.355894,"['£1.50', '£1.07/100g']",1.5,£1.07/100g
20342,Jutrzenka Familijne Cream Wafers 180G,https://www.tesco.com/groceries/en-GB/products/262287529,1687642196.429062,"['£0.95', '£0.53/100g']",0.95,£0.53/100g
20343,Tesco Makrut Lime Leaves 1G ..,https://www.tesco.com/groceries/en-GB/products/300456105,1687642196.504232,"['£0.90', '£9.00/10g']",0.9,£9.00/10g
20344,Schwartz Wrap It Takeaway Kebab 30G,https://www.tesco.com/groceries/en-GB/products/308091759,1687642196.574529,"['£0.95', '£3.17/100g']",0.95,£3.17/100g
20345,Tesco Free From 4 Chocolate Cupcakes,https://www.tesco.com/groceries/en-GB/products/308109689,1687642196.676631,"['£2.50', '£0.62/each']",2.5,£0.62/each
20346,Tesco Whole Wheat Cous Cous 500G,https://www.tesco.com/groceries/en-GB/products/262365915,1687642196.7601779,"['£1.15', '£2.30/kg']",1.15,£2.30/kg
20347,Meridian 100% Almond Butter Smooth 470G,https://www.tesco.com/groceries/en-GB/products/308455179,1687642196.83621,"['£7.35', '£1.56/100g']",7.35,£1.56/100g
20348,Pure Via Sweet Granules With Stevia Leaf 250G,https://www.tesco.com/groceries/en-GB/products/304116992,1687642196.9155068,"['£4.60', '£18.40/kg']",4.6,£18.40/kg
20349,Tesco Fruit & Nut Mix With Cranberry 300G,https://www.tesco.com/groceries/en-GB/products/271074589,1687642196.990572,"['£3.60', '£12.00/kg']",3.6,£12.00/kg
20350,Fulfil Salted Caramel Vitamin Protein Bar 55G,https://www.tesco.com/groceries/en-GB/products/302088255,1687642197.071074,"['£2.70', '£4.91/100g']",2.7,£4.91/100g
20351,Cadbury Chocolate Icing 400G,https://www.tesco.com/groceries/en-GB/products/304373381,1687642197.1474948,"['£3.00', '£0.01/kg']",3.0,£0.01/kg
20352,Ben's Original Boil In Bag Wholegrain Rice 4 Pack 500G,https://www.tesco.com/groceries/en-GB/products/309189793,1687642197.224902,"['£3.15', '£6.30/kg']",3.15,£6.30/kg
20353,Kikkoman Soy Sauce Less Salt 150Ml,https://www.tesco.com/groceries/en-GB/products/262284763,1687642197.3012109,"['£3.00', '£2.00/100ml']",3.0,£2.00/100ml
20354,Tesco Almonds 250G,https://www.tesco.com/groceries/en-GB/products/271074330,1687642197.387584,"['£2.75', '£11.00/kg']",2.75,£11.00/kg
20355,Filippo Berio Sundried Tomato Pesto 190G,https://www.tesco.com/groceries/en-GB/products/283222342,1687642197.474404,"['£2.80', '£1.47/100g']",2.8,£1.47/100g
20356,Fruit Bowl Unicorn Fruit Flakes 5X18g,https://www.tesco.com/groceries/en-GB/products/304371671,1687642197.560831,"['£2.25', '£2.50/100g']",2.25,£2.50/100g
20357,Schwartz Clasic Bbq Seasoning 44G,https://www.tesco.com/groceries/en-GB/products/254777561,1687642197.6439931,"['£2.00', '£45.46/kg']",2.0,£45.46/kg
20359,Wild West Original Beef Jerky 60G,https://www.tesco.com/groceries/en-GB/products/312339923,1687642197.8962948,"['£3.00', '£50.00/kg']",3.0,£50.00/kg
20360,Whitworths Protein By Nature Indian Lentil Dhal 250G,https://www.tesco.com/groceries/en-GB/products/307745265,1687642197.976497,"['£2.30', '£9.20/kg']",2.3,£9.20/kg
20361,Tesco Finest Fruit Nut & Seed Muesli 500G,https://www.tesco.com/groceries/en-GB/products/300455544,1687642198.051614,"['£2.80', '£0.56/100g']",2.8,£0.56/100g
20362,Whitworths Protein Mexican Spicy Grains 250G,https://www.tesco.com/groceries/en-GB/products/307757527,1687642198.123507,"['£2.30', '£9.20/kg']",2.3,£9.20/kg
20363,Dr. Oetker Decorating Icing White 50G,https://www.tesco.com/groceries/en-GB/products/307143758,1687642198.209909,"['£1.60', '£3.20/100g']",1.6,£3.20/100g
20364,Marigold Organic Vegetable Vegan Bouillon Powder 140G,https://www.tesco.com/groceries/en-GB/products/305051236,1687642198.2849212,"['£2.50', '£1.79/100g']",2.5,£1.79/100g
20365,Bisto Microwave Ready Gravy Pots 2X100g,https://www.tesco.com/groceries/en-GB/products/307359083,1687642198.3529751,"['£2.50', '£1.25/100g']",2.5,£1.25/100g
20366,Black Energy Drink 250Ml,https://www.tesco.com/groceries/en-GB/products/262194368,1687642205.837814,"['£0.75', '£0.30/100ml']",0.75,£0.30/100ml
20367,Wicked Kitchen Late Night Noodles 90G,https://www.tesco.com/groceries/en-GB/products/307349158,1687642205.9274108,"['£1.30', '£14.44/kg']",1.3,£14.44/kg
20368,Cofresh Hot Chilli Potato Crinkles 80G,https://www.tesco.com/groceries/en-GB/products/287593497,1687642206.003624,"['£0.70', '£0.88/100g']",0.7,£0.88/100g
20369,Tesco Silverskin Pearl Onions 340G,https://www.tesco.com/groceries/en-GB/products/300238364,1687642206.082932,"['£0.90', '£0.44/100g DR.WT']",0.9,£0.44/100g DR.WT
20370,Mazola Pure Corn Oil 1L,https://www.tesco.com/groceries/en-GB/products/261111227,1687642206.1713998,"['£4.00', '£0.40/100ml']",4.0,£0.40/100ml
20371,Biona Organic Kimchi 350G,https://www.tesco.com/groceries/en-GB/products/301957087,1687642206.246491,"['£4.75', '£2.16/100g DR.WT']",4.75,£2.16/100g DR.WT
20372,Bonne Maman Cherry Compote 385G,https://www.tesco.com/groceries/en-GB/products/302513352,1687642206.3370361,"['£3.75', '£0.97/100g']",3.75,£0.97/100g
20373,Mary Berrys Salad Dressing 235Ml,https://www.tesco.com/groceries/en-GB/products/263979084,1687642206.40609,"['£3.45', '£1.47/100ml']",3.45,£1.47/100ml
20374,Filippo Berio Tomato & Ricotta Pesto 190G,https://www.tesco.com/groceries/en-GB/products/312090645,1687642206.4816241,"['£2.80', '£1.47/100g']",2.8,£1.47/100g
20375,Betty Crocker Cream Cheese Icing 400G,https://www.tesco.com/groceries/en-GB/products/288730449,1687642206.554057,"['£3.00', '£0.75/100g']",3.0,£0.75/100g
20376,Gilberts Chopped Liver 450G,https://www.tesco.com/groceries/en-GB/products/256934620,1687642206.6475232,"['£6.50', '£1.44/100g']",6.5,£1.44/100g
20377,Old El Paso Mild Smoky Bbq Tortilla Pockets Kit 380G,https://www.tesco.com/groceries/en-GB/products/309166479,1687642206.723146,"['£3.03', '£0.80/100g']",3.03,£0.80/100g
20378,Yutaka Japanese Rice Vinegar 150Ml,https://www.tesco.com/groceries/en-GB/products/309480142,1687642206.7961888,"['£2.10', '£1.40/100ml']",2.1,£1.40/100ml
20379,Encona Original Hot Pepper Sauce 285Ml,https://www.tesco.com/groceries/en-GB/products/254851818,1687642206.866943,"['£2.15', '£0.75/100ml']",2.15,£0.75/100ml
20380,Lindt Classic Recipe Vegan Hazelnut Chocolate 100G,https://www.tesco.com/groceries/en-GB/products/310655816,1687642206.937676,"['£3.20', '£3.20/100g']",3.2,£3.20/100g
20381,Pizza Express Vegan House Light Dressing 235Ml,https://www.tesco.com/groceries/en-GB/products/303719469,1687642207.028301,"['£2.30', '£0.98/100ml']",2.3,£0.98/100ml
20382,Wicked Kitchen Jackfruit Dhal & Rice 300G,https://www.tesco.com/groceries/en-GB/products/308080093,1687642207.124841,"['£2.30', '£7.67/kg']",2.3,£7.67/kg
20383,Rajah Jeera Ground Cumin 400G,https://www.tesco.com/groceries/en-GB/products/297569500,1687642207.1947641,"['£2.00', '£0.05/10g']",2.0,£0.05/10g
20384,Wright's Baking Ginger Cake Mix 500G,https://www.tesco.com/groceries/en-GB/products/304413087,1687642207.2672691,"['£2.40', '£4.80/kg']",2.4,£4.80/kg
20385,Tesco Free From 5 Oaty Bakes 150G,https://www.tesco.com/groceries/en-GB/products/308495472,1687642207.3387399,"['£2.00', '£1.33/100g']",2.0,£1.33/100g
20386,Tymbark Multifruit Drink 2 Litre,https://www.tesco.com/groceries/en-GB/products/260861417,1687642207.409284,"['£2.55', '£0.13/100ml']",2.55,£0.13/100ml
20387,Prewetts Gluten Free Jammy Wheel 160G,https://www.tesco.com/groceries/en-GB/products/293506933,1687642207.476137,"['£2.00', '£1.25/100g']",2.0,£1.25/100g
20388,Heinz Turkish Style Garlic Sauce 420G,https://www.tesco.com/groceries/en-GB/products/311793535,1687642207.54893,"['£2.50', '£0.60/100g']",2.5,£0.60/100g
20389,Create A Cake Classic Cupcake Cases 50S,https://www.tesco.com/groceries/en-GB/products/305048045,1687642207.625601,"['£1.50', '£0.03/each']",1.5,£0.03/each
20390,Passage To Asia Satay Chicken Stir Fry Sauce 200G,https://www.tesco.com/groceries/en-GB/products/301374091,1687642207.700922,"['£2.30', '£1.15/100g']",2.3,£1.15/100g
20391,Mallow & Marsh Vanilla Marshmallow Milk Chocolate 100G,https://www.tesco.com/groceries/en-GB/products/309494108,1687642207.775845,"['£2.50', '£2.50/100g']",2.5,£2.50/100g
20392,Graal Mackerel Fillets In Tomato 170G,https://www.tesco.com/groceries/en-GB/products/297490062,1687642207.843605,"['£1.55', '£0.91/100g']",1.55,£0.91/100g
20393,Tabasco Mild Green Pepper Sauce 57Ml,https://www.tesco.com/groceries/en-GB/products/251310502,1687642207.912519,"['£1.99', '£3.49/100ml']",1.99,£3.49/100ml
20394,Phd Smart Bar Chocolate Peanut Butter 64G,https://www.tesco.com/groceries/en-GB/products/297813851,1687642207.9811358,"['£2.25', '£3.52/100g']",2.25,£3.52/100g
20395,Dr Witt Multivitamins Metabolism Drink 1 Litre,https://www.tesco.com/groceries/en-GB/products/280845706,1687642208.0776021,"['£1.75', '£0.18/100ml']",1.75,£0.18/100ml
20396,Urban Fruit Snack Pack Strawberry 35G,https://www.tesco.com/groceries/en-GB/products/292559860,1687642208.1457422,"['£1.10', '£3.14/100g']",1.1,£3.14/100g
20397,Walkers Monster Munch Mega Roast Beef Snack 40G,https://www.tesco.com/groceries/en-GB/products/264443123,1687642208.259843,"['£1.00', '£2.50/100g']",1.0,£2.50/100g
20398,Boromir Buzau Pretzels 250G,https://www.tesco.com/groceries/en-GB/products/282027186,1687642208.3781152,"['£1.70', '£0.68/100g']",1.7,£0.68/100g
20399,Schwartz Spicy Cajun Chicken Mix 30G,https://www.tesco.com/groceries/en-GB/products/301556509,1687642208.44672,"['£0.95', '£3.17/100g']",0.95,£3.17/100g
20400,Cofresh Corn Flake Mix 325G,https://www.tesco.com/groceries/en-GB/products/287549038,1687642208.538078,"['£1.00', '£0.31/100g']",1.0,£0.31/100g
20401,Milka Bubbly Milk&White 95G,https://www.tesco.com/groceries/en-GB/products/301578079,1687642208.609625,"['£1.20', '£1.26/100g']",1.2,£1.26/100g
20402,Milka Oreo Chocolate Bar 100G,https://www.tesco.com/groceries/en-GB/products/309197472,1687642208.678205,"['£1.20', '£1.20/100g']",1.2,£1.20/100g
20403,Nestle Cerelac Honey & Wheat Baby Food 1Kg,https://www.tesco.com/groceries/en-GB/products/272191886,1687642208.746939,"['£9.50', '£0.95/100g']",9.5,£0.95/100g
20404,"Linwoods Milled Flax, Nuts & Q10 360G",https://www.tesco.com/groceries/en-GB/products/284459086,1687642208.821666,"['£5.80', '£16.11/kg']",5.8,£16.11/kg
20405,Skinny Brands Lager 4X330ml,https://www.tesco.com/groceries/en-GB/products/297686430,1687642208.901292,"['£5.75', '£4.36/litre']",5.75,£4.36/litre
20406,Tesco Smoky Bbq Fajita Kit 475G,https://www.tesco.com/groceries/en-GB/products/301419729,1687642208.97966,"['£2.60', '£5.47/kg']",2.6,£5.47/kg
20407,Tesco Finest Makhani Curry Sauce 340G,https://www.tesco.com/groceries/en-GB/products/311214116,1687642209.049962,"['£2.50', '£0.74/100g']",2.5,£0.74/100g
20408,Yutaka Natural Sushi Ginger 120G,https://www.tesco.com/groceries/en-GB/products/296869141,1687642209.120192,"['£2.15', '£1.79/100g']",2.15,£1.79/100g
20409,Mentos Gum Pure Fresh Freshmint Bottle 50Pc 100G,https://www.tesco.com/groceries/en-GB/products/285420101,1687642209.1973708,"['£2.80', '£2.80/100g']",2.8,£2.80/100g
20410,Sacla Ripened Tomato & Mascarpone Stir In 190G,https://www.tesco.com/groceries/en-GB/products/257153033,1687642209.26757,"['£2.29', '£1.20/100g']",2.29,£1.20/100g
20411,Tahira Hot & Spicy Beef & Chicken Sausages 500G,https://www.tesco.com/groceries/en-GB/products/265496588,1687642209.345705,"['£2.75', '£0.55/100g']",2.75,£0.55/100g
20412,Princes Drained Tuna Steak In Brine 3X60g,https://www.tesco.com/groceries/en-GB/products/310143351,1687642209.414145,"['£2.75', '£1.53/100g']",2.75,£1.53/100g
20413,Encona Carolina Reaper Chilli 142Ml,https://www.tesco.com/groceries/en-GB/products/296231855,1687642209.480994,"['£1.65', '£1.16/100ml']",1.65,£1.16/100ml
20414,John West Honey & Ginger Super Tuna Salad 220G,https://www.tesco.com/groceries/en-GB/products/310695935,1687642215.3293738,"['£2.60', '£11.82/kg']",2.6,£11.82/kg
20415,Betty Crocker Rainbow Cookie 495G,https://www.tesco.com/groceries/en-GB/products/307745870,1687642215.417245,"['£3.00', '£6.06/kg']",3.0,£6.06/kg
20416,Canderel Stevia Blend Granules 200G,https://www.tesco.com/groceries/en-GB/products/305435566,1687642215.517727,"['£3.10', '£15.50/kg']",3.1,£15.50/kg
20417,Tesco Finest Oil Garlic & Chilli For Dipping250ml,https://www.tesco.com/groceries/en-GB/products/279422684,1687642215.625462,"['£4.10', '£1.64/100ml']",4.1,£1.64/100ml
20418,Risotto Gallo Risotto Pronto 4 Cheese 175G,https://www.tesco.com/groceries/en-GB/products/267030100,1687642215.702535,"['£2.65', '£0.02/kg']",2.65,£0.02/kg
20419,Simply Cook Vietnamese Pork Cooking Kit 85G,https://www.tesco.com/groceries/en-GB/products/304390256,1687642216.0074859,"['£2.50', '£2.50/each']",2.5,£2.50/each
20420,Wagamama Vegan Katsu Mayonnaise 240G,https://www.tesco.com/groceries/en-GB/products/311221770,1687642216.076952,"['£2.25', '£0.94/100g']",2.25,£0.94/100g
20421,Island Sun Red Kidney Beans 2Kg,https://www.tesco.com/groceries/en-GB/products/266323625,1687642216.146164,"['£3.75', '£1.88/kg']",3.75,£1.88/kg
20422,Milky Way Dairy Free Bar With Popping Candy 85G,https://www.tesco.com/groceries/en-GB/products/310179697,1687642216.217341,"['£2.75', '£3.24/100g']",2.75,£3.24/100g
20423,Moo Free White Cocoa Baking Drops 100G,https://www.tesco.com/groceries/en-GB/products/307140940,1687642216.285938,"['£1.80', '£1.80/100g']",1.8,£1.80/100g
20424,Create A Cake Round Cake Tin Liners 25,https://www.tesco.com/groceries/en-GB/products/309483415,1687642216.3585238,"['£2.60', '£0.10/each']",2.6,£0.10/each
20425,Dr Oetker Ground Arrowroot Sachets,https://www.tesco.com/groceries/en-GB/products/275954705,1687642216.4327471,"['£1.40', '£29.17/kg']",1.4,£29.17/kg
20426,Tao Kae Noi Tempura Seaweed Spicy Flavoured 40G,https://www.tesco.com/groceries/en-GB/products/281936246,1687642216.504233,"['£1.90', '£4.75/100g']",1.9,£4.75/100g
20427,Tesco Lemongrass Paste 95G,https://www.tesco.com/groceries/en-GB/products/304396716,1687642216.5837371,"['£1.50', '£15.79/kg']",1.5,£15.79/kg
20428,Snack A Jacks Salt & Vinegar Rice Cakes 23G,https://www.tesco.com/groceries/en-GB/products/301456904,1687642216.654899,"['£0.95', '£4.13/100g']",0.95,£4.13/100g
20429,E.Wedel Milk Chocolate With Strawberry 100G,https://www.tesco.com/groceries/en-GB/products/262109356,1687642216.773046,"['£1.00', '£1.00/100g']",1.0,£1.00/100g
20430,Schwartz Loaded Fries Texan Bbq Seasoning Mix 20G,https://www.tesco.com/groceries/en-GB/products/308093354,1687642216.848226,"['£0.95', '£4.75/100g']",0.95,£4.75/100g
20431,Nakd Cocoa Delight 35G,https://www.tesco.com/groceries/en-GB/products/278942260,1687642216.9435468,"['£1.00', '£2.86/100g']",1.0,£2.86/100g
20432,Akash Gold Basmati Rice 10Kg,https://www.tesco.com/groceries/en-GB/products/303484907,1687642217.0585861,"['£18.50', '£1.85/kg']",18.5,£1.85/kg
20433,Tesco Sandwich Tin 20Cm,https://www.tesco.com/groceries/en-GB/products/309629400,1687642217.126784,"['£3.00', '£3.00/each']",3.0,£3.00/each
20434,Filippo Berio Chilli Flavoured Olive Oil 250Ml,https://www.tesco.com/groceries/en-GB/products/287129812,1687642217.196347,"['£6.00', '£2.40/100ml']",6.0,£2.40/100ml
20435,Linwoods Shelled Hemp 200G,https://www.tesco.com/groceries/en-GB/products/307145883,1687642217.2659788,"['£5.50', '£27.50/kg']",5.5,£27.50/kg
20436,Filippo Berio Truffle Pesto 190G,https://www.tesco.com/groceries/en-GB/products/311423773,1687642217.340776,"['£4.50', '£2.37/100g']",4.5,£2.37/100g
20437,Tesco Spring Form Cake Tin 23Cm,https://www.tesco.com/groceries/en-GB/products/309629469,1687642217.412,"['£5.00', '£5.00/each']",5.0,£5.00/each
20438,John West Skinless & Boneless Wild Pink Salmon 3 X 80G,https://www.tesco.com/groceries/en-GB/products/312988874,1687642217.482643,"['£4.25', '£2.53/100g DR.WT']",4.25,£2.53/100g DR.WT
20439,Mazola Rapeseed Oil 1Ltr,https://www.tesco.com/groceries/en-GB/products/297105284,1687642217.553581,"['£4.00', '£0.40/100ml']",4.0,£0.40/100ml
20440,Belazu Sherry Reserva Vinegar 250Ml,https://www.tesco.com/groceries/en-GB/products/311784984,1687642217.629633,"['£4.75', '£1.90/100ml']",4.75,£1.90/100ml
20441,Blue Dragon Sesame Oil 150Ml,https://www.tesco.com/groceries/en-GB/products/257895122,1687642217.7050948,"['£2.70', '£1.80/100ml']",2.7,£1.80/100ml
20442,Kikkoman Teriyaki Sauce Sesame 250Ml,https://www.tesco.com/groceries/en-GB/products/303126935,1687642217.7775948,"['£3.25', '£1.30/100ml']",3.25,£1.30/100ml
20443,Rude Health Organic Ultimate Granola 400G,https://www.tesco.com/groceries/en-GB/products/311443607,1687642217.8438668,"['£3.50', '£0.88/100g']",3.5,£0.88/100g
20444,Nakd Cocoa Twist Bar 4X30g,https://www.tesco.com/groceries/en-GB/products/297754471,1687642217.910652,"['£3.00', '£2.50/100g']",3.0,£2.50/100g
20446,Tesco Ready To Roll Coloured Icing Yellow 250G,https://www.tesco.com/groceries/en-GB/products/278584850,1687642218.057974,"['£1.80', '£0.72/100g']",1.8,£0.72/100g
20447,Ben's Plant Powered Chilli Non Carne 285G,https://www.tesco.com/groceries/en-GB/products/311252220,1687642218.125959,"['£2.50', '£8.77/kg']",2.5,£8.77/kg
20448,Sarsons Pickling Malt Vinegar 950Ml,https://www.tesco.com/groceries/en-GB/products/309474927,1687642218.193585,"['£2.00', '£0.21/100ml']",2.0,£0.21/100ml
20449,Kp Salt & Vinegar Peanuts 5X30g,https://www.tesco.com/groceries/en-GB/products/310678835,1687642218.260223,"['£3.25', '£2.17/100g']",3.25,£2.17/100g
20450,Lorenz Crunchips Green Onion 140G,https://www.tesco.com/groceries/en-GB/products/302378148,1687642218.3559139,"['£2.00', '£1.43/100g']",2.0,£1.43/100g
20451,Passage To Asia Hoi Sin & Garlic Stir Fry 200G,https://www.tesco.com/groceries/en-GB/products/306927236,1687642218.426071,"['£2.30', '£1.15/100g']",2.3,£1.15/100g
20452,Tesco Focaccia Bread Mix 500G 500G,https://www.tesco.com/groceries/en-GB/products/311276762,1687642218.499249,"['£1.20', '£2.40/kg']",1.2,£2.40/kg
20453,Tesco Chocolate Cupcake Kit 315G,https://www.tesco.com/groceries/en-GB/products/271004685,1687642218.585105,"['£1.90', '£6.03/kg']",1.9,£6.03/kg
20454,Red's Buffalo Hot Wings Sauce 290G,https://www.tesco.com/groceries/en-GB/products/296186643,1687642218.6579661,"['£2.25', '£0.78/100g']",2.25,£0.78/100g
20455,Encona Jamaican Style Jerk Marinade 220Ml,https://www.tesco.com/groceries/en-GB/products/311265700,1687642218.758968,"['£1.85', '£0.84/100ml']",1.85,£0.84/100ml
20456,Phd Smart Bar Cookies & Cream 64G,https://www.tesco.com/groceries/en-GB/products/299488172,1687642218.828177,"['£2.25', '£3.52/100g']",2.25,£3.52/100g
20457,Duda Mini Tyrolska 300G,https://www.tesco.com/groceries/en-GB/products/304415684,1687642218.919809,"['£1.75', '£0.58/100g']",1.75,£0.58/100g
20458,Mother Africa Nigerian Palm Oil 2 Litre,https://www.tesco.com/groceries/en-GB/products/272206784,1687642219.002445,"['£5.00', '£0.25/100ml']",5.0,£0.25/100ml
20459,Mieszko Pralines Original Chocolate Truffles With Rum 230G,https://www.tesco.com/groceries/en-GB/products/310674442,1687642219.0705411,"['£1.60', '£0.70/100g']",1.6,£0.70/100g
20460,Good4u Protein Salad Topper Garlic & Chilli 125G,https://www.tesco.com/groceries/en-GB/products/302308837,1687642219.143262,"['£2.00', '£1.60/100g']",2.0,£1.60/100g
20461,Capsicana Latin Tomato & Coconut Fajita Kit 455G,https://www.tesco.com/groceries/en-GB/products/313843543,1687642224.567229,"['£4.20', '£9.23/kg']",4.2,£9.23/kg
20462,Capsicana Mexican Smoky Chipotle Fajita Kit 455G,https://www.tesco.com/groceries/en-GB/products/313517705,1687642224.664918,"['£4.20', '£9.23/kg']",4.2,£9.23/kg
20463,Capsicana Mexican Chilli & Honey Fajita Kit 455G,https://www.tesco.com/groceries/en-GB/products/313743137,1687642224.762948,"['£4.20', '£9.23/kg']",4.2,£9.23/kg
20464,Tesco Finest Three Cheese Concentrated Sauce 260G,https://www.tesco.com/groceries/en-GB/products/312996207,1687642224.8560388,"['£1.75', '£0.67/100g']",1.75,£0.67/100g
20465,Plantastic Creamy Pasta Sauce Tomato & Pepper 350G,https://www.tesco.com/groceries/en-GB/products/313525655,1687642224.9267032,"['£2.80', '£0.80/100g']",2.8,£0.80/100g
20466,Plantastic Creamy Pasta Sauce Spicy Cajun 350G,https://www.tesco.com/groceries/en-GB/products/313388237,1687642225.005055,"['£2.80', '£0.80/100g']",2.8,£0.80/100g
20467,Kit Kat 4 Finger Vegan Chocolate Bar 41.5G,https://www.tesco.com/groceries/en-GB/products/312984193,1687642225.080417,"['£1.00', '£2.41/100g']",1.0,£2.41/100g
20468,Mcvities Digestives Original Twin Pack 2 X 360G,https://www.tesco.com/groceries/en-GB/products/313848238,1687642225.204659,"['£2.30', '£3.19/kg']",2.3,£3.19/kg
20469,Ben's Original Spanish Paella Style One Pan Creations 250G,https://www.tesco.com/groceries/en-GB/products/312849481,1687642225.279131,"['£2.00', '£8.00/kg']",2.0,£8.00/kg
20470,Ben's Original One Pan Nasi Goreng Style Rice 250G,https://www.tesco.com/groceries/en-GB/products/312580336,1687642225.37488,"['£2.00', '£8.00/kg']",2.0,£8.00/kg
20471,Ben's Original One Pan Szechuan Fried Rice 250G,https://www.tesco.com/groceries/en-GB/products/312846576,1687642225.6909719,"['£2.00', '£8.00/kg']",2.0,£8.00/kg
20472,Ben's Original One Pan Indian Style Biryani 250G,https://www.tesco.com/groceries/en-GB/products/312346091,1687642225.783681,"['£2.00', '£8.00/kg']",2.0,£8.00/kg
20473,Mcvitie's Digestive Original 360G,https://www.tesco.com/groceries/en-GB/products/313832055,1687642225.878388,"['£1.60', '£4.44/kg']",1.6,£4.44/kg
20474,Go Ahead Yogurt Breaks Strawberry 4Pack 142G,https://www.tesco.com/groceries/en-GB/products/313382051,1687642225.956974,"['£1.75', '£12.32/kg']",1.75,£12.32/kg
20475,Go Ahead Yogurt Break Forest Fruit 4 Pack 142G,https://www.tesco.com/groceries/en-GB/products/313842423,1687642226.0525491,"['£1.75', '£12.32/kg']",1.75,£12.32/kg
20476,Popworks Sweet Bbq Popped Crisps 85G,https://www.tesco.com/groceries/en-GB/products/312097471,1687642226.1446881,"['£2.25', '£2.65/100g']",2.25,£2.65/100g
20477,Tesco Tomato & Chilli Stir In Sauce 155G,https://www.tesco.com/groceries/en-GB/products/312711718,1687642226.237779,"['£0.95', '£0.61/100g']",0.95,£0.61/100g
20478,Mcvitie's Digestive The Light One 250G,https://www.tesco.com/groceries/en-GB/products/313750952,1687642226.309644,"['£1.50', '£6.00/kg']",1.5,£6.00/kg
20480,Go Ahead Fruit Crispy Slices 4Pack 174G,https://www.tesco.com/groceries/en-GB/products/313848244,1687642226.4833899,"['£1.00', '£5.75/kg']",1.0,£5.75/kg
20481,Go Ahead Apple Crispy Fruit Slices 4 Pack 174G,https://www.tesco.com/groceries/en-GB/products/313845987,1687642226.5572789,"['£1.00', '£5.75/kg']",1.0,£5.75/kg
20482,Cadbury Twirl Xtra Chocolate Duo Bars 54G,https://www.tesco.com/groceries/en-GB/products/313507268,1687642226.630265,"['£0.90', '£1.67/100g']",0.9,£1.67/100g
20483,Kit Kat Chunky Lotus Biscoff White Chocolate 42G,https://www.tesco.com/groceries/en-GB/products/313733339,1687642226.7454212,"['£0.70', '£1.67/100g']",0.7,£1.67/100g
20484,Kit Kat 4 Finger Caramel Milk Chocolate Bar 41.5G,https://www.tesco.com/groceries/en-GB/products/313744332,1687642226.8648572,"['£0.70', '£1.69/100g']",0.7,£1.69/100g
20485,Mcvitie's Gold Bar 14 Pack 2X124g,https://www.tesco.com/groceries/en-GB/products/313842233,1687642226.98652,"['£2.30', '£9.27/kg']",2.3,£9.27/kg
20486,Tesco Finest Salted Caramel Truffles 140G,https://www.tesco.com/groceries/en-GB/products/278557727,1687642227.058354,"['£6.75', '£4.82/100g']",6.75,£4.82/100g
20487,Napolina Spaghetti Pasta 1Kg,https://www.tesco.com/groceries/en-GB/products/313368316,1687642227.1479528,"['£2.50', '£2.50/kg']",2.5,£2.50/kg
20488,Polli Garlic Cloves In Oil With Herbs 190G,https://www.tesco.com/groceries/en-GB/products/313625675,1687642227.2160141,"['£2.35', '£0.12/10g']",2.35,£0.12/10g
20489,Tesco Finest Marc De Champagne Boxed Truffles 140G,https://www.tesco.com/groceries/en-GB/products/278558029,1687642227.2851908,"['£6.75', '£4.82/100g']",6.75,£4.82/100g
20490,Rubies In The Rubble Ketchup 485G,https://www.tesco.com/groceries/en-GB/products/313944887,1687642227.377002,"['£3.20', '£0.66/100g']",3.2,£0.66/100g
20491,Cadbury Dairy Milk Fruitier & Nuttier Orange Trail Mix 100G,https://www.tesco.com/groceries/en-GB/products/313950773,1687642227.4509041,"['£2.50', '£2.50/100g']",2.5,£2.50/100g
20492,Cadbury Dairy Milk Fruitier & Nuttier Trail Mix 100G,https://www.tesco.com/groceries/en-GB/products/314108416,1687642227.528168,"['£2.50', '£2.50/100g']",2.5,£2.50/100g
20493,Cadbury Fruitier & Nuttier Trail Mix 3X35g,https://www.tesco.com/groceries/en-GB/products/313956283,1687642227.598104,"['£2.50', '£2.38/100g']",2.5,£2.38/100g
20494,Tesco Sultanas 1Kg,https://www.tesco.com/groceries/en-GB/products/259169098,1687642227.668294,"['£2.45', '£2.45/kg']",2.45,£2.45/kg
20495,Capsicana Paprika Brazilian Bbq Wrap Seasoning Mix 28G,https://www.tesco.com/groceries/en-GB/products/313949361,1687642227.7520661,"['£1.35', '£0.48/10g']",1.35,£0.48/10g
20496,Capsicana Mexican Tasty Taco Jalapeno & Spices Seasoning Mix 28G,https://www.tesco.com/groceries/en-GB/products/313967984,1687642227.827722,"['£1.35', '£0.48/10g']",1.35,£0.48/10g
20497,Capsicana Sizzling Steak Garlic Seasoning Mix Argentinian 28G,https://www.tesco.com/groceries/en-GB/products/313941749,1687642227.8986392,"['£1.35', '£0.48/10g']",1.35,£0.48/10g
20498,Capsicana Mexican Chipotle Fajita Cumin Seasoning Mix 28G,https://www.tesco.com/groceries/en-GB/products/313004736,1687642227.9696991,"['£1.35', '£0.48/10g']",1.35,£0.48/10g
20499,Napolina Linguine 500G,https://www.tesco.com/groceries/en-GB/products/312847523,1687642228.042541,"['£1.50', '£3.00/kg']",1.5,£3.00/kg
20500,Cadbury Curly Wurly 5 Pack 107.5G,https://www.tesco.com/groceries/en-GB/products/311679994,1687642228.124654,"['£1.25', '£1.16/100g']",1.25,£1.16/100g
20501,Mcvities Penguin Original Milk Chocolate Biscuit 7Pk 172.2G,https://www.tesco.com/groceries/en-GB/products/313858261,1687642228.194303,"['£1.50', '£8.71/kg']",1.5,£8.71/kg
20502,Heinz Plant-Based Baked Beanz & Vegan Sausages 415G,https://www.tesco.com/groceries/en-GB/products/313386916,1687642228.264082,"['£2.00', '£0.00/kg']",2.0,£0.00/kg
20503,Cadbury Delights Nougat Salted Caramel Chocolate 5X22g,https://www.tesco.com/groceries/en-GB/products/313616761,1687642228.332366,"['£1.70', '£1.54/100g']",1.7,£1.54/100g
20504,Cadbury Delights Nougat Hazelnut Chocolate 5X22g,https://www.tesco.com/groceries/en-GB/products/313383418,1687642228.4251049,"['£1.70', '£1.54/100g']",1.7,£1.54/100g
20505,Cadbury Delights Soft Nougat Orange & Caramel 5X22g,https://www.tesco.com/groceries/en-GB/products/313621368,1687642228.519428,"['£1.70', '£1.54/100g']",1.7,£1.54/100g
20506,Mcvitie's Gold Biscuit Bars 7 Pack 124G,https://www.tesco.com/groceries/en-GB/products/307155076,1687642228.62337,"['£1.25', '£10.08/kg']",1.25,£10.08/kg
20507,Kit Kat 2 Finger Caramel Chocolate Biscuit Bar 9 X 20.7G,https://www.tesco.com/groceries/en-GB/products/313612120,1687642228.738074,"['£2.00', '£1.07/100g']",2.0,£1.07/100g
20508,Aero Melts Honeycomb 86G,https://www.tesco.com/groceries/en-GB/products/313614538,1687642228.824757,"['£1.35', '£1.57/100g']",1.35,£1.57/100g
20509,Tesco Organic Semi- Skimmed Milk 1.136L/2 Pints,https://www.tesco.com/groceries/en-GB/products/251499710,1687642237.962032,"['£1.65', '£1.45/litre']",1.65,£1.45/litre
20510,Robinsons Double Concentrate No Added Sugar Orange Squash 1.75L,https://www.tesco.com/groceries/en-GB/products/268344846,1687642238.038939,"['£3.50', '£0.20/100ml']",3.5,£0.20/100ml
20511,Tesco Filtered Skimmed Milk 2 Litre,https://www.tesco.com/groceries/en-GB/products/253743128,1687642238.135545,"['£1.90', '£0.95/litre']",1.9,£0.95/litre
20512,Dr Pepper 2 Litre Bottle,https://www.tesco.com/groceries/en-GB/products/259059292,1687642238.22178,"['£2.00', '£0.10/100ml']",2.0,£0.10/100ml
20513,Tesco Low Calorie Ginger Ale 1 Litre,https://www.tesco.com/groceries/en-GB/products/254857363,1687642238.319288,"['£0.75', '£0.08/100ml']",0.75,£0.08/100ml
20514,Maison Castel Cotes Du Rhone Red 75Cl,https://www.tesco.com/groceries/en-GB/products/314308456,1687642238.391855,"['£8.00', '£8.00/75cl']",8.0,£8.00/75cl
20515,Shloer Rose 750Ml,https://www.tesco.com/groceries/en-GB/products/265642636,1687642238.4948878,"['£2.65', '£0.35/100ml']",2.65,£0.35/100ml
20516,Tesco Organic Whole Milk 2.272L/4 Pints,https://www.tesco.com/groceries/en-GB/products/251500030,1687642238.5945148,"['£2.15', '£0.95/litre']",2.15,£0.95/litre
20517,Ocean Spray Cranbery Classic Juice Drink 1Ltr,https://www.tesco.com/groceries/en-GB/products/254859384,1687642238.668155,"['£1.75', '£0.18/100ml']",1.75,£0.18/100ml
20518,7Up Zero Lemon & Lime 2L,https://www.tesco.com/groceries/en-GB/products/313840016,1687642238.735816,"['£1.85', '£0.09/100ml']",1.85,£0.09/100ml
20519,Birra Moretti 660Ml,https://www.tesco.com/groceries/en-GB/products/258288808,1687642238.815974,"['£2.90', '£4.39/litre']",2.9,£4.39/litre
20520,Tesco Cranberry Juice Drink 1L,https://www.tesco.com/groceries/en-GB/products/256095926,1687642238.908395,"['£1.15', '£0.12/100ml']",1.15,£0.12/100ml
20521,Maison Castel Muscadet Sevre Et. Maine 750Ml,https://www.tesco.com/groceries/en-GB/products/313944844,1687642239.0015948,"['£8.00', '£8.00/75cl']",8.0,£8.00/75cl
20522,Tesco Lemon & Lime Zero 2L,https://www.tesco.com/groceries/en-GB/products/272043262,1687642239.0942771,"['£0.80', '£0.04/100ml']",0.8,£0.04/100ml
20523,Tesco No Added Sugar Cloudy Lemonade 2L Bottle,https://www.tesco.com/groceries/en-GB/products/254857518,1687642239.1682801,"['£0.80', '£0.04/100ml']",0.8,£0.04/100ml
20524,Stella Artois Lager 18X440ml,https://www.tesco.com/groceries/en-GB/products/307345928,1687642239.236413,"['£14.99', '£1.89/litre']",14.99,£1.89/litre
20525,Tesco Apple & Elderflower Sparkling Water 1 Litre,https://www.tesco.com/groceries/en-GB/products/284738142,1687642239.312086,"['£0.70', '£0.07/100ml']",0.7,£0.07/100ml
20526,Bella Cucina Prosecco 75Cl,https://www.tesco.com/groceries/en-GB/products/273782335,1687642239.38014,"['£6.25', '£6.25/75cl']",6.25,£6.25/75cl
20527,Dino Trebbiano Pinot Grigio 75Cl,https://www.tesco.com/groceries/en-GB/products/263641986,1687642239.450163,"['£5.75', '£5.75/75cl']",5.75,£5.75/75cl
20528,Yellow Tail Jammy Red Roo 75Cl,https://www.tesco.com/groceries/en-GB/products/283507008,1687642239.519049,"['£7.25', '£7.25/75cl']",7.25,£7.25/75cl
20529,Tesco Semi Skimmed Longlife Milk 6X1l,https://www.tesco.com/groceries/en-GB/products/255026297,1687642239.590393,"['£5.80', '£0.97/litre']",5.8,£0.97/litre
20530,Barefoot Merlot 75Cl,https://www.tesco.com/groceries/en-GB/products/255417854,1687642239.65786,"['£7.50', '£7.50/75cl']",7.5,£7.50/75cl
20531,Barefoot Pinot Grigio 75Cl,https://www.tesco.com/groceries/en-GB/products/266183202,1687642239.7253509,"['£7.50', '£7.50/75cl']",7.5,£7.50/75cl
20532,Highland Spring Still Water 6 X 1.5L,https://www.tesco.com/groceries/en-GB/products/259910442,1687642239.796422,"['£4.00', '£0.04/100ml']",4.0,£0.04/100ml
20533,Cadbury Instant Hot Chocolate Cocoa Powder 400G,https://www.tesco.com/groceries/en-GB/products/254890627,1687642239.8717399,"['£3.00', '£0.75/100g']",3.0,£0.75/100g
20534,The Famous Grouse Scotch Whisky 1 Litre,https://www.tesco.com/groceries/en-GB/products/255247939,1687642239.9409401,"['£21.00', '£21.00/litre']",21.0,£21.00/litre
20535,Caparelli Italian Pinot Grigio 75Cl,https://www.tesco.com/groceries/en-GB/products/310188997,1687642240.031496,"['£4.75', '£4.75/75cl']",4.75,£4.75/75cl
20536,Vimto No Added Sugar Squash 2L,https://www.tesco.com/groceries/en-GB/products/278362600,1687642240.1011698,"['£3.00', '£0.15/100ml']",3.0,£0.15/100ml
20537,Yorkshire 80 Teabags 250G,https://www.tesco.com/groceries/en-GB/products/254888441,1687642240.195314,"['£3.30', '£1.32/100g']",3.3,£1.32/100g
20538,Crofters Apple Cider 5% 2L,https://www.tesco.com/groceries/en-GB/products/268607379,1687642240.2867908,"['£2.40', '£1.20/litre']",2.4,£1.20/litre
20539,Schweppes Canada Dry Ginger Ale 1Ltre,https://www.tesco.com/groceries/en-GB/products/257638733,1687642240.359894,"['£1.75', '£0.18/100ml']",1.75,£0.18/100ml
20540,Alpro Almond No Sugars Chilled Drink 1 Litre,https://www.tesco.com/groceries/en-GB/products/275067782,1687642240.431975,"['£2.10', '£2.10/litre']",2.1,£2.10/litre
20541,Tesco Elmhurst English Natural Mineral Sparkling Water 2L,https://www.tesco.com/groceries/en-GB/products/310138847,1687642240.544859,"['£0.80', '£0.04/100ml']",0.8,£0.04/100ml
20542,Tesco Strawberry Still Flavoured Water 1Ltr,https://www.tesco.com/groceries/en-GB/products/277144152,1687642240.628316,"['£0.70', '£0.07/100ml']",0.7,£0.07/100ml
20544,T.Low Calorie Indian Tonic Water With Elderflower 1L,https://www.tesco.com/groceries/en-GB/products/285019721,1687642240.807335,"['£0.75', '£0.08/100ml']",0.75,£0.08/100ml
20545,Cadbury Fair Trade Hot Chocolate Instant Stickpack 28G,https://www.tesco.com/groceries/en-GB/products/273566344,1687642240.881424,"['£0.30', '£1.07/100g']",0.3,£1.07/100g
20546,Tesco Still Pear & Plum Flavoured Water 1L,https://www.tesco.com/groceries/en-GB/products/301233097,1687642240.957827,"['£0.70', '£0.07/100ml']",0.7,£0.07/100ml
20547,Vimto No Added Sugar Squash 1 Litre,https://www.tesco.com/groceries/en-GB/products/278362335,1687642241.027085,"['£2.00', '£0.20/100ml']",2.0,£0.20/100ml
20548,Tesco Quadruple Strength Cherries & Berries Squash No Added Sugar 1.5L,https://www.tesco.com/groceries/en-GB/products/310132030,1687642241.100737,"['£1.80', '£0.12/100ml']",1.8,£0.12/100ml
20549,Swizzels Squashies No Added Sugar Bubblegum Flavour Squash 1L,https://www.tesco.com/groceries/en-GB/products/313850937,1687642241.170926,"['£1.00', '£0.10/100ml']",1.0,£0.10/100ml
20550,Swizzels Refreshers Lemon No Added Sugar Squash 1L,https://www.tesco.com/groceries/en-GB/products/313378742,1687642241.239158,"['£1.00', '£0.10/100ml']",1.0,£0.10/100ml
20551,Tesco 100% Squeezed & Pressed Orange & Mango Juice Not From Concentrate 1L,https://www.tesco.com/groceries/en-GB/products/264959141,1687642241.315823,"['£1.70', '£0.17/100ml']",1.7,£0.17/100ml
20552,Tesco No Added Sugar Smooth Cream Soda 2L,https://www.tesco.com/groceries/en-GB/products/268029441,1687642241.391108,"['£0.80', '£0.04/100ml']",0.8,£0.04/100ml
20553,Tesco No Added Sugar Fiery Ginger Beer 2L Bottle,https://www.tesco.com/groceries/en-GB/products/250891080,1687642241.465479,"['£0.80', '£0.04/100ml']",0.8,£0.04/100ml
20554,Tesco No Added Sugar Pink Lemonade 2L,https://www.tesco.com/groceries/en-GB/products/280364555,1687642241.53836,"['£0.80', '£0.04/100ml']",0.8,£0.04/100ml
20556,Growers Harvest Orange Juice With Bits 1L,https://www.tesco.com/groceries/en-GB/products/300474112,1687642241.678622,"['£0.95', '£0.10/100ml']",0.95,£0.10/100ml
20557,Tesco 100% Forest Fruits Juice 1 Litre,https://www.tesco.com/groceries/en-GB/products/293945257,1687642247.8161879,"['£1.70', '£0.17/100ml']",1.7,£0.17/100ml
20558,Tesco Green Ginger Wine 70Cl Bottle,https://www.tesco.com/groceries/en-GB/products/255247605,1687642247.8934348,"['£4.00', '£4.29/75cl']",4.0,£4.29/75cl
20559,Bella Cucina Asti Spumante 75Cl,https://www.tesco.com/groceries/en-GB/products/312211826,1687642247.975188,"['£5.75', '£5.75/75cl']",5.75,£5.75/75cl
20560,Tesco Quad Strength Lime Squash No Added Sugar 1.5L,https://www.tesco.com/groceries/en-GB/products/309747719,1687642248.0512152,"['£1.80', '£0.12/100ml']",1.8,£0.12/100ml
20561,Badger Fursty Ferret 500Ml,https://www.tesco.com/groceries/en-GB/products/250053638,1687642248.122624,"['£2.00', '£4.00/litre']",2.0,£4.00/litre
20562,Tesco Cream Sherry 1L,https://www.tesco.com/groceries/en-GB/products/255246451,1687642248.2183812,"['£7.55', '£5.66/75cl']",7.55,£5.66/75cl
20563,Robinsons Lemon Squash No Added Sugar 1Ltr,https://www.tesco.com/groceries/en-GB/products/258935230,1687642248.292832,"['£2.00', '£0.20/100ml']",2.0,£0.20/100ml
20564,Tesco Finest Chablis 75Cl,https://www.tesco.com/groceries/en-GB/products/303183780,1687642248.3867772,"['£13.50', '£13.50/75cl']",13.5,£13.50/75cl
20565,Stoneleigh Sauvignon Blanc 750Ml,https://www.tesco.com/groceries/en-GB/products/309460667,1687642248.4583092,"['£10.00', '£10.00/75cl']",10.0,£10.00/75cl
20566,Yellow Tail Malbec 75Cl,https://www.tesco.com/groceries/en-GB/products/293736545,1687642248.544297,"['£7.25', '£7.25/75cl']",7.25,£7.25/75cl
20567,Taylors L.B.V. Port 75Cl,https://www.tesco.com/groceries/en-GB/products/257356692,1687642248.621346,"['£16.00', '£16.00/75cl']",16.0,£16.00/75cl
20568,Prestige De Calvet Cotes Du Rhone Villages 75Cl,https://www.tesco.com/groceries/en-GB/products/278418150,1687642248.694247,"['£7.75', '£7.75/75cl']",7.75,£7.75/75cl
20569,Costa Signature Blend Coffee Beans 200G,https://www.tesco.com/groceries/en-GB/products/301218409,1687642248.767115,"['£4.00', '£2.00/100g']",4.0,£2.00/100g
20570,Beavertown Neck Oil Session Ipa 4X330ml,https://www.tesco.com/groceries/en-GB/products/308838966,1687642248.8384,"['£8.00', '£6.06/litre']",8.0,£6.06/litre
20571,Kenco Decaff Instant Coffee Refill 150G,https://www.tesco.com/groceries/en-GB/products/282671188,1687642248.911446,"['£4.75', '£3.17/100g']",4.75,£3.17/100g
20572,Fever-Tree Tonic Mediterranean 500Ml,https://www.tesco.com/groceries/en-GB/products/289287413,1687642248.999089,"['£2.10', '£0.42/100ml']",2.1,£0.42/100ml
20573,Asahi Super Dry Lager Beer 500Ml,https://www.tesco.com/groceries/en-GB/products/314947321,1687642249.100308,"['£2.20', '£4.40/litre']",2.2,£4.40/litre
20574,San Pellegrino Sparkling Water 1L,https://www.tesco.com/groceries/en-GB/products/260170549,1687642249.208417,"['£1.60', '£0.16/100ml']",1.6,£0.16/100ml
20575,Nescafe Dolce Gusto Cafe Au Lait Coffee Pods 16 Servings 160G,https://www.tesco.com/groceries/en-GB/products/282108148,1687642249.277937,"['£4.50', '£2.81/100g']",4.5,£2.81/100g
20576,Tropicana Pure Orange & Mango Fruit Juice 1.5L,https://www.tesco.com/groceries/en-GB/products/314299344,1687642249.370941,"['£4.50', '£0.30/100ml']",4.5,£0.30/100ml
20577,Tropicana Orange Juice With Extra Juicy Bits 1.5L,https://www.tesco.com/groceries/en-GB/products/314430391,1687642249.465937,"['£4.50', '£0.30/100ml']",4.5,£0.30/100ml
20578,Tropicana Smooth Orange Juice 1.5L,https://www.tesco.com/groceries/en-GB/products/313858318,1687642249.563186,"['£4.50', '£0.30/100ml']",4.5,£0.30/100ml
20579,Innocent Kids Smoothie Peach Passion Fruit 4X150ml,https://www.tesco.com/groceries/en-GB/products/305528693,1687642249.6544309,"['£3.60', '£0.60/100ml']",3.6,£0.60/100ml
20580,Heineken 0.0 Alcohol Free Lager 6X330ml,https://www.tesco.com/groceries/en-GB/products/295710175,1687642249.746603,"['£4.45', '£2.25/litre']",4.45,£2.25/litre
20581,Robinsons Fruit & Barley Orange 1Ltr,https://www.tesco.com/groceries/en-GB/products/251563202,1687642249.818636,"['£2.00', '£0.20/100ml']",2.0,£0.20/100ml
20582,Coca Cola Regular 500Ml,https://www.tesco.com/groceries/en-GB/products/258458190,1687642249.890156,"['£1.85', '£0.37/100ml']",1.85,£0.37/100ml
20583,Ribena No Added Sugar Blackcurrant 850Ml,https://www.tesco.com/groceries/en-GB/products/287632688,1687642250.027227,"['£2.00', '£0.24/100ml']",2.0,£0.24/100ml
20584,Stockwell & Co. Sweeteners 850S,https://www.tesco.com/groceries/en-GB/products/301051611,1687642250.112488,"['£0.98', '£0.00/each']",0.98,£0.00/each
20585,Happy Monkey Chocolate Milkshake 3X200ml,https://www.tesco.com/groceries/en-GB/products/282572363,1687642250.193846,"['£1.20', '£0.20/100ml']",1.2,£0.20/100ml
20586,Tesco Quad Strength Apple Squash No Added Sugar 1.5L,https://www.tesco.com/groceries/en-GB/products/310105725,1687642250.270654,"['£1.80', '£0.12/100ml']",1.8,£0.12/100ml
20587,Tesco No Added Sugar Cranberry Raspberry Juice Drink 1 Litre,https://www.tesco.com/groceries/en-GB/products/278082620,1687642250.3559942,"['£1.15', '£0.12/100ml']",1.15,£0.12/100ml
20588,Theakston Old Peculier Ale Bottle 500Ml,https://www.tesco.com/groceries/en-GB/products/251113004,1687642250.466381,"['£2.00', '£4.00/litre']",2.0,£4.00/litre
20589,Taparoo Valley Australian Shiraz 75Cl,https://www.tesco.com/groceries/en-GB/products/309776927,1687642250.572798,"['£4.25', '£4.25/75cl']",4.25,£4.25/75cl
20590,Tesco Water Splash Orange & Pineapple No Added Sugar Water 300Ml,https://www.tesco.com/groceries/en-GB/products/312573086,1687642250.650676,"['£0.45', '£0.15/100ml']",0.45,£0.15/100ml
20591,Kingfisher Premium Lager 650Ml,https://www.tesco.com/groceries/en-GB/products/314428135,1687642250.747551,"['£2.20', '£3.38/litre']",2.2,£3.38/litre
20592,Moet & Chandon Brut Imperial Non Vintage Champagne 75Cl,https://www.tesco.com/groceries/en-GB/products/255245509,1687642250.843904,"['£43.00', '£43.00/75cl']",43.0,£43.00/75cl
20593,Taylors Decaffeinated Ground Coffee 227G,https://www.tesco.com/groceries/en-GB/products/251786422,1687642250.915044,"['£4.50', '£1.98/100g']",4.5,£1.98/100g
20594,Apothic Merlot 750Ml,https://www.tesco.com/groceries/en-GB/products/312848194,1687642251.0221179,"['£9.50', '£9.50/75cl']",9.5,£9.50/75cl
20595,Fever Tree Light Mediterranean Tonic Water 15X150ml,https://www.tesco.com/groceries/en-GB/products/306930306,1687642251.106268,"['£8.25', '£0.37/100ml']",8.25,£0.37/100ml
20596,Apothic Red 75Cl,https://www.tesco.com/groceries/en-GB/products/278453199,1687642251.1782851,"['£9.50', '£9.50/75cl']",9.5,£9.50/75cl
20597,Fever Tree Light Tonic Water 15X150ml,https://www.tesco.com/groceries/en-GB/products/306934498,1687642251.2462358,"['£8.25', '£0.37/100ml']",8.25,£0.37/100ml
20598,Stones Original Green Ginger Wine 70Cl,https://www.tesco.com/groceries/en-GB/products/255247726,1687642251.316661,"['£6.50', '£6.96/75cl']",6.5,£6.96/75cl
20599,Mcguigan Black Label Chardonnay 75Cl,https://www.tesco.com/groceries/en-GB/products/253238308,1687642251.393449,"['£6.75', '£6.75/75cl']",6.75,£6.75/75cl
20600,Bundaberg Ginger Beer 4 X 375Ml,https://www.tesco.com/groceries/en-GB/products/300063823,1687642251.4615748,"['£5.40', '£0.36/100ml']",5.4,£0.36/100ml
20601,Finca Las Moras Malbec 75Cl,https://www.tesco.com/groceries/en-GB/products/293702919,1687642251.564047,"['£6.50', '£6.50/75cl']",6.5,£6.50/75cl
20602,Ovaltine Original Light Add Water 300G,https://www.tesco.com/groceries/en-GB/products/258491362,1687642251.659588,"['£3.85', '£1.28/100g']",3.85,£1.28/100g
20603,Twinings Earl Grey Decaffeinated 40 Tea Bags 100g,https://www.tesco.com/groceries/en-GB/products/313607616,1687642251.751997,"['£3.59', '£3.59/100g']",3.59,£3.59/100g
20604,Mcguigan Reserve Cabernet Sauvignon 75Cl,https://www.tesco.com/groceries/en-GB/products/274683934,1687642251.8300989,"['£7.25', '£7.25/75cl']",7.25,£7.25/75cl
20605,Paulaner Munich Hell Lager 500Ml,https://www.tesco.com/groceries/en-GB/products/260347883,1687642257.823395,"['£2.20', '£4.40/litre']",2.2,£4.40/litre
20606,Volvic Touch Of Fruit Strawberry 1.5Ltr,https://www.tesco.com/groceries/en-GB/products/262074735,1687642257.9282272,"['£1.25', '£0.08/100ml']",1.25,£0.08/100ml
20607,Barefoot Pinot Grigio 187Ml,https://www.tesco.com/groceries/en-GB/products/289999757,1687642258.05938,"['£2.25', '£9.02/75cl']",2.25,£9.02/75cl
20608,Tesco Pear Cider 4X440ml,https://www.tesco.com/groceries/en-GB/products/285592017,1687642258.164033,"['£2.40', '£1.36/litre']",2.4,£1.36/litre
20609,Lateral Chilean Cabernet Sauvignon 75Cl,https://www.tesco.com/groceries/en-GB/products/309776697,1687642258.240774,"['£4.39', '£4.39/75cl']",4.39,£4.39/75cl
20610,Lateral Chilean Sauvignon Blanc 75Cl,https://www.tesco.com/groceries/en-GB/products/309762448,1687642258.314931,"['£4.39', '£4.39/75cl']",4.39,£4.39/75cl
20611,Tesco Finest Chateauneuf Du Pape 75Cl,https://www.tesco.com/groceries/en-GB/products/254092414,1687642258.391786,"['£20.00', '£20.00/75cl']",20.0,£20.00/75cl
20612,Yorkshire Teabags 480'S 1.5Kg,https://www.tesco.com/groceries/en-GB/products/274133256,1687642258.4663439,"['£12.50', '£0.83/100g']",12.5,£0.83/100g
20613,Innocent Energise Super Smoothie 750Ml,https://www.tesco.com/groceries/en-GB/products/305528318,1687642258.53826,"['£4.50', '£0.60/100ml']",4.5,£0.60/100ml
20614,Nescafe Dolce Gusto Cappuccino Light Coffee Pods 160G,https://www.tesco.com/groceries/en-GB/products/265313408,1687642258.615375,"['£4.50', '£2.81/100g']",4.5,£2.81/100g
20615,Tesco House Roast & Ground Coffee 227G,https://www.tesco.com/groceries/en-GB/products/299584812,1687642258.713293,"['£2.80', '£1.23/100g']",2.8,£1.23/100g
20616,Tesco Blue Spark 6X250ml,https://www.tesco.com/groceries/en-GB/products/276547834,1687642258.788408,"['£3.30', '£0.22/100ml']",3.3,£0.22/100ml
20618,Au Vodka Pineapple Crush 330Ml,https://www.tesco.com/groceries/en-GB/products/314436874,1687642258.949033,"['£3.00', '£9.09/litre']",3.0,£9.09/litre
20619,Starbucks Sumatra Coffee Pods 10 Pack 55G,https://www.tesco.com/groceries/en-GB/products/304493139,1687642259.045366,"['£4.25', '£7.73/100g']",4.25,£7.73/100g
20620,Maison Castel Rose D'anjou 75Cl,https://www.tesco.com/groceries/en-GB/products/314429140,1687642259.11585,"['£9.00', '£9.00/75cl']",9.0,£9.00/75cl
20621,Monster Ultra White Multipack 4 X 500Ml,https://www.tesco.com/groceries/en-GB/products/294085564,1687642259.211414,"['£5.20', '£0.26/100ml']",5.2,£0.26/100ml
20622,Taylors Yorkshire Leaf Tea 250G,https://www.tesco.com/groceries/en-GB/products/250467652,1687642259.2840052,"['£3.00', '£1.20/100g']",3.0,£1.20/100g
20623,Tesco Finest Costa Rican Instant Coffee 100G,https://www.tesco.com/groceries/en-GB/products/279429982,1687642259.360446,"['£3.35', '£3.35/100g']",3.35,£3.35/100g
20624,Birra Moretti Lager 4X330ml,https://www.tesco.com/groceries/en-GB/products/301839383,1687642259.431455,"['£6.50', '£4.92/litre']",6.5,£4.92/litre
20625,Yorkshire Tea Malty Biscuit Brew 40 Tea Bags 112G,https://www.tesco.com/groceries/en-GB/products/302275235,1687642259.524843,"['£2.40', '£2.14/100g']",2.4,£2.14/100g
20626,San Miguel 4X330ml,https://www.tesco.com/groceries/en-GB/products/258173382,1687642259.60131,"['£5.00', '£3.79/litre']",5.0,£3.79/litre
20627,Cawston Press Brilliant Beetroot Juice 1L,https://www.tesco.com/groceries/en-GB/products/278083043,1687642259.679444,"['£2.90', '£0.29/100ml']",2.9,£0.29/100ml
20628,Kronenbourg 1664 Lager 4 X 568Ml,https://www.tesco.com/groceries/en-GB/products/292606534,1687642259.776982,"['£6.00', '£2.64/litre']",6.0,£2.64/litre
20629,Tropicana Orange & Mango Juice 850Ml,https://www.tesco.com/groceries/en-GB/products/287294655,1687642259.856896,"['£3.25', '£0.38/100ml']",3.25,£0.38/100ml
20630,Alpro This Is Not M*Lk Whole Oat Drink 1 Litre,https://www.tesco.com/groceries/en-GB/products/310656320,1687642259.936629,"['£2.00', '£2.00/litre']",2.0,£2.00/litre
20631,Innocent Kids Apple Juice 4X150ml,https://www.tesco.com/groceries/en-GB/products/305530240,1687642260.0114172,"['£3.60', '£0.60/100ml']",3.6,£0.60/100ml
20632,Eisberg Merlot Alcohol Free Wine 75Cl,https://www.tesco.com/groceries/en-GB/products/305972269,1687642260.113493,"['£3.25', '£3.25/75cl']",3.25,£3.25/75cl
20633,Dr Pepper 500Ml,https://www.tesco.com/groceries/en-GB/products/256867175,1687642260.1862268,"['£1.70', '£0.34/100ml']",1.7,£0.34/100ml
20634,Coke Zero 500 Ml,https://www.tesco.com/groceries/en-GB/products/260506661,1687642260.305633,"['£1.59', '£0.32/100ml']",1.59,£0.32/100ml
20635,Kopparberg Pear Cider 500Ml Bottle,https://www.tesco.com/groceries/en-GB/products/260554787,1687642260.426102,"['£2.30', '£4.60/litre']",2.3,£4.60/litre
20636,The Real Milkshake Company Salted Caramel Flavoured Milk Drink 1L,https://www.tesco.com/groceries/en-GB/products/313860960,1687642260.519347,"['£1.85', '£0.18/100ml']",1.85,£0.18/100ml
20637,The Real Milkshake Company Chocolate Flavoured Milk Drink 1L,https://www.tesco.com/groceries/en-GB/products/314112670,1687642260.618198,"['£1.85', '£0.18/100ml']",1.85,£0.18/100ml
20638,Blossom Hill White Zinfandel 18.7Cl,https://www.tesco.com/groceries/en-GB/products/264624255,1687642260.711191,"['£2.10', '£8.42/75cl']",2.1,£8.42/75cl
20639,Coca Cola Classic 250Ml,https://www.tesco.com/groceries/en-GB/products/297132752,1687642260.8090072,"['£1.00', '£0.40/100ml']",1.0,£0.40/100ml
20640,Blossom Hill Crisp & Fruity White 187Ml,https://www.tesco.com/groceries/en-GB/products/251820820,1687642260.936007,"['£2.10', '£8.42/75cl']",2.1,£8.42/75cl
20641,Tesco Scrumptious Strawberry Smoothie 3X200ml,https://www.tesco.com/groceries/en-GB/products/307155871,1687642261.035807,"['£1.70', '£0.28/100ml']",1.7,£0.28/100ml
20642,Lucozade Alert Tropical Burst 500Ml,https://www.tesco.com/groceries/en-GB/products/310135847,1687642261.1208792,"['£1.55', '£0.31/100ml']",1.55,£0.31/100ml
20643,Fanta Zero Sugar Strawberry & Kiwi Drink 2L,https://www.tesco.com/groceries/en-GB/products/310105593,1687642261.236716,"['£2.00', '£0.10/100ml']",2.0,£0.10/100ml
20644,Smirnoff Ice 70Cl,https://www.tesco.com/groceries/en-GB/products/255404798,1687642261.329799,"['£3.00', '£4.29/litre']",3.0,£4.29/litre
20645,Hardys Crest Cabernet Shiraz Merlot 187Ml,https://www.tesco.com/groceries/en-GB/products/305951323,1687642261.406776,"['£2.10', '£8.42/75cl']",2.1,£8.42/75cl
20646,Disaronno Velvet Liqueur 500Ml,https://www.tesco.com/groceries/en-GB/products/305832643,1687642261.503118,"['£16.50', '£33.00/litre']",16.5,£33.00/litre
20647,Taylors Lazy Sunday Coffee Beans 227G,https://www.tesco.com/groceries/en-GB/products/264815317,1687642261.58021,"['£4.50', '£1.98/100g']",4.5,£1.98/100g
20648,Villa Maria Organic Earth Garden Sauvignon Blanc 75Cl,https://www.tesco.com/groceries/en-GB/products/309494609,1687642261.6768608,"['£11.50', '£11.50/75cl']",11.5,£11.50/75cl
20650,Pukka Organic 3 Ginger 20 Tea Bags 36G,https://www.tesco.com/groceries/en-GB/products/264766979,1687642261.824424,"['£4.00', '£11.11/100g']",4.0,£11.11/100g
20651,Barefoot Cabernet Sauvignon 75Cl,https://www.tesco.com/groceries/en-GB/products/277053144,1687642261.933941,"['£7.50', '£7.50/75cl']",7.5,£7.50/75cl
20652,Malibu Strawberry Flavour Rum Liqueur 700Ml,https://www.tesco.com/groceries/en-GB/products/314705562,1687642262.0186398,"['£16.00', '£22.86/litre']",16.0,£22.86/litre
20653,Tesco Finest Roast & Ground Coffee Sumatra Java Sumatra227g,https://www.tesco.com/groceries/en-GB/products/278856828,1687642268.283419,"['£3.90', '£1.72/100g']",3.9,£1.72/100g
20654,Cave Des Roches Cotes De Gascogne 75Cl,https://www.tesco.com/groceries/en-GB/products/311433012,1687642268.3636081,"['£5.25', '£5.25/75cl']",5.25,£5.25/75cl
20655,Budweiser Budvar Original 6X330ml Cans,https://www.tesco.com/groceries/en-GB/products/300063282,1687642268.441002,"['£6.75', '£3.41/litre']",6.75,£3.41/litre
20656,Jack Daniels Tennessee Honey 70Cl,https://www.tesco.com/groceries/en-GB/products/274578121,1687642268.519231,"['£26.00', '£37.14/litre']",26.0,£37.14/litre
20657,Tyskie Lager Beer 4 X 500Ml,https://www.tesco.com/groceries/en-GB/products/310167236,1687642268.587945,"['£5.85', '£2.92/litre']",5.85,£2.92/litre
20658,Twinings Strong English Breakfast 80 Tea Bags 250G,https://www.tesco.com/groceries/en-GB/products/257375035,1687642268.655633,"['£5.30', '£2.12/100g']",5.3,£2.12/100g
20659,Old Mout Cider Pineapple Raspberry 10 X 330Ml,https://www.tesco.com/groceries/en-GB/products/302275949,1687642268.751758,"['£12.00', '£3.64/litre']",12.0,£3.64/litre
20660,Newcastle Brown Ale 4 X 500Ml Cans,https://www.tesco.com/groceries/en-GB/products/257513057,1687642268.843602,"['£6.00', '£3.00/litre']",6.0,£3.00/litre
20661,Vocation Brewery Life&Death Ipa 4X330ml Can,https://www.tesco.com/groceries/en-GB/products/301840870,1687642268.91104,"['£6.50', '£4.92/litre']",6.5,£4.92/litre
20662,"Taylors of Harrogate Rose Lemonade Fruit Flavoured infusion, 20 Tea Bags 50g",https://www.tesco.com/groceries/en-GB/products/314426074,1687642268.9865,"['£3.00', '£6.00/100g']",3.0,£6.00/100g
20663,Taylors of Harrogate Sweet Rhubarb Fruit Flavoured infusion 20 Tea bags 50g,https://www.tesco.com/groceries/en-GB/products/314435627,1687642269.0591202,"['£3.00', '£6.00/100g']",3.0,£6.00/100g
20664,TAYLORS ORGANIC P/MINT 20'S 50G,https://www.tesco.com/groceries/en-GB/products/276616638,1687642269.128949,"['£3.00', '£6.00/100g']",3.0,£6.00/100g
20665,Innocent Strawberry Pineapple & Apples Smoothie 750Ml,https://www.tesco.com/groceries/en-GB/products/308110449,1687642269.2032971,"['£3.50', '£0.47/100ml']",3.5,£0.47/100ml
20666,Prospero Brut Non Vintage 20Cl,https://www.tesco.com/groceries/en-GB/products/297427317,1687642269.2795331,"['£3.00', '£11.25/75cl']",3.0,£11.25/75cl
20667,Fanta Zero Sugar Strawberry & Kiwi 8X330ml,https://www.tesco.com/groceries/en-GB/products/310688132,1687642269.379725,"['£3.49', '£0.13/100ml']",3.49,£0.13/100ml
20668,Daura Damm Gluten Free 4 Pack X 330Ml,https://www.tesco.com/groceries/en-GB/products/265970960,1687642269.451654,"['£6.00', '£4.54/litre']",6.0,£4.54/litre
20670,Innocent Strawberries & Bananas 250Ml,https://www.tesco.com/groceries/en-GB/products/253845148,1687642269.656609,"['£2.00', '£0.80/100ml']",2.0,£0.80/100ml
20671,Cawston Press Apple & Summer Berries 3X200ml,https://www.tesco.com/groceries/en-GB/products/280485129,1687642269.782123,"['£1.90', '£0.32/100ml']",1.9,£0.32/100ml
20672,Fanta Fruit Twist 500 Ml,https://www.tesco.com/groceries/en-GB/products/253144396,1687642269.855895,"['£1.70', '£0.34/100ml']",1.7,£0.34/100ml
20673,Henry Westons Signature Vintage 6.8% 500Ml,https://www.tesco.com/groceries/en-GB/products/302274017,1687642269.9741251,"['£2.30', '£4.60/litre']",2.3,£4.60/litre
20674,Vista Castelli Trebbiano D'abruzzo 75Cl,https://www.tesco.com/groceries/en-GB/products/310101015,1687642270.069678,"['£4.25', '£4.25/75cl']",4.25,£4.25/75cl
20675,Red Bull Sugar Free Energy Drink 355Ml,https://www.tesco.com/groceries/en-GB/products/263674951,1687642270.1402152,"['£1.85', '£0.52/100ml']",1.85,£0.52/100ml
20676,Juice Burst Orange 500Ml,https://www.tesco.com/groceries/en-GB/products/277975101,1687642270.26058,"['£1.50', '£0.30/100ml']",1.5,£0.30/100ml
20677,Alta Veduta Chianti 75Cl,https://www.tesco.com/groceries/en-GB/products/311794131,1687642270.38461,"['£5.25', '£5.25/75cl']",5.25,£5.25/75cl
20678,Starbucks Mocha Frappuccino 250Ml,https://www.tesco.com/groceries/en-GB/products/312082799,1687642270.469631,"['£2.20', '£0.88/100ml']",2.2,£0.88/100ml
20679,Gordon's Premium Pink Gin & Lemonade 250Ml,https://www.tesco.com/groceries/en-GB/products/312836231,1687642270.568358,"['£2.25', '£9.00/litre']",2.25,£9.00/litre
20680,Kopparberg Mixed Fruit Tropical Cider 500Ml,https://www.tesco.com/groceries/en-GB/products/308085109,1687642270.685772,"['£2.30', '£4.60/litre']",2.3,£4.60/litre
20681,Captain Morgan Strawberry Dalquiri Cocktail 250Ml,https://www.tesco.com/groceries/en-GB/products/314103963,1687642270.785134,"['£2.40', '£9.60/litre']",2.4,£9.60/litre
20682,Whitley Neill Raspberry Gin 70Cl,https://www.tesco.com/groceries/en-GB/products/301689536,1687642270.8988302,"['£28.00', '£40.00/litre']",28.0,£40.00/litre
20683,Guigal Cotes Du Rhone Red Wine 750Ml,https://www.tesco.com/groceries/en-GB/products/304376844,1687642270.999192,"['£12.00', '£12.00/75cl']",12.0,£12.00/75cl
20685,Pukka Organic 3 Chamomile 20 Tea Bags 30G,https://www.tesco.com/groceries/en-GB/products/296850583,1687642271.185712,"['£4.00', '£13.33/100g']",4.0,£13.33/100g
20686,Pukka Herbs Herbal Collection 20'S 34.4G,https://www.tesco.com/groceries/en-GB/products/289574085,1687642271.2587578,"['£4.00', '£11.63/100g']",4.0,£11.63/100g
20687,Torres Sangre De Toro 75Cl,https://www.tesco.com/groceries/en-GB/products/257204446,1687642271.345238,"['£7.50', '£7.50/75cl']",7.5,£7.50/75cl
20688,Tesco Finest Cream Sherry 37.5Cl,https://www.tesco.com/groceries/en-GB/products/299803802,1687642271.421723,"['£6.50', '£13.00/75cl']",6.5,£13.00/75cl
20689,Lucky Saint 0.5% Alcohol By Volume Unfiltered Lager 4X330ml,https://www.tesco.com/groceries/en-GB/products/311448058,1687642271.493355,"['£6.00', '£4.54/litre']",6.0,£4.54/litre
20690,Kumala Sauvignon Blanc 750Ml,https://www.tesco.com/groceries/en-GB/products/307365835,1687642271.5700421,"['£5.50', '£5.50/75cl']",5.5,£5.50/75cl
20691,Carnivor Zinfandel 75Cl,https://www.tesco.com/groceries/en-GB/products/301705812,1687642271.652302,"['£9.00', '£9.00/75cl']",9.0,£9.00/75cl
20692,Cockburns Special Reserve Port 1L,https://www.tesco.com/groceries/en-GB/products/258644067,1687642271.799427,"['£15.50', '£11.62/75cl']",15.5,£11.62/75cl
20693,Innocent Pineapple Banana & Coconut Smoothie 750Ml,https://www.tesco.com/groceries/en-GB/products/270928457,1687642271.8922298,"['£3.50', '£0.47/100ml']",3.5,£0.47/100ml
20694,Truvia Sweetener From Stevia Leaf 100 Tablets 5G,https://www.tesco.com/groceries/en-GB/products/278974659,1687642271.959177,"['£2.60', '£520.00/kg']",2.6,£520.00/kg
20695,Belvoir Pink Lady Sparkling Apple Juice 750Ml,https://www.tesco.com/groceries/en-GB/products/307357223,1687642272.051283,"['£3.25', '£0.43/100ml']",3.25,£0.43/100ml
20696,Aqua Carpatica Mineral Water 1L,https://www.tesco.com/groceries/en-GB/products/298163258,1687642272.1328158,"['£1.20', '£0.10/100ml']",1.2,£0.10/100ml
20697,Heineken Silver Lager 12 X 330Ml,https://www.tesco.com/groceries/en-GB/products/311251895,1687642272.201806,"['£12.50', '£3.16/litre']",12.5,£3.16/litre
20698,Campaneo Old Vines Tempranillo 75Cl,https://www.tesco.com/groceries/en-GB/products/301691976,1687642272.292938,"['£5.50', '£5.50/75cl']",5.5,£5.50/75cl
20699,Staropramen Lager 6 X 330Ml,https://www.tesco.com/groceries/en-GB/products/308456594,1687642272.361314,"['£6.75', '£3.41/litre']",6.75,£3.41/litre
20700,Diet Coke Sublime Lime 2 Litres,https://www.tesco.com/groceries/en-GB/products/306950046,1687642272.448263,"['£1.99', '£0.10/100ml']",1.99,£0.10/100ml
20701,Tetley Green Tea Mango & Passion Fruit 50 Tea Bags 100G,https://www.tesco.com/groceries/en-GB/products/306659841,1687642278.580286,"['£2.60', '£2.60/100g']",2.6,£2.60/100g
20702,Actiph Alkaline Ionised Water 1 Litre,https://www.tesco.com/groceries/en-GB/products/304783919,1687642278.679671,"['£2.25', '£0.22/100ml']",2.25,£0.22/100ml
20703,Twinings Pear & Apple Green Tea Tea Bags 20S 40G,https://www.tesco.com/groceries/en-GB/products/250293958,1687642278.7612119,"['£2.50', '£6.25/100g']",2.5,£6.25/100g
20704,Tesco Finest Ceylon Teabags 50'S 125G,https://www.tesco.com/groceries/en-GB/products/279322422,1687642278.858052,"['£1.70', '£1.36/100g']",1.7,£1.36/100g
20705,Monster Energy Ultra Fiesta 500Ml,https://www.tesco.com/groceries/en-GB/products/307342223,1687642278.928896,"['£1.70', '£0.34/100ml']",1.7,£0.34/100ml
20706,Innocent Citrus Shield Juice 750Ml,https://www.tesco.com/groceries/en-GB/products/303415144,1687642279.044838,"['£3.80', '£0.51/100ml']",3.8,£0.51/100ml
20707,Ocean Spray Sparkling Water Cranberry 1 Litre,https://www.tesco.com/groceries/en-GB/products/291106897,1687642279.1426911,"['£1.00', '£0.10/100ml']",1.0,£0.10/100ml
20708,Inedit Damm 750Ml,https://www.tesco.com/groceries/en-GB/products/274965204,1687642279.237806,"['£4.00', '£5.33/litre']",4.0,£5.33/litre
20709,Brewdog Mr President Double Ipa 440Ml,https://www.tesco.com/groceries/en-GB/products/309475333,1687642279.327838,"['£4.00', '£9.09/litre']",4.0,£9.09/litre
20710,Tesco Coconut Liqueur 70Cl,https://www.tesco.com/groceries/en-GB/products/293073430,1687642279.4185112,"['£8.00', '£11.43/litre']",8.0,£11.43/litre
20711,Costa Coffee Caramel Swirl 250Ml,https://www.tesco.com/groceries/en-GB/products/311423600,1687642279.488189,"['£1.80', '£0.72/100ml']",1.8,£0.72/100ml
20712,Rubicon Sparklng Passion Juice Drink 2 Litre,https://www.tesco.com/groceries/en-GB/products/275454836,1687642279.570224,"['£1.80', '£0.09/100ml']",1.8,£0.09/100ml
20713,All Shook Up Mango Margarita Ready To Drink Cocktail 250Ml,https://www.tesco.com/groceries/en-GB/products/311692764,1687642279.640414,"['£1.85', '£7.40/litre']",1.85,£7.40/litre
20714,Sxollie Granny Smith Cider 500Ml,https://www.tesco.com/groceries/en-GB/products/309190531,1687642279.732459,"['£2.30', '£4.60/litre']",2.3,£4.60/litre
20715,Zlato Valley Merlot 75Cl,https://www.tesco.com/groceries/en-GB/products/310675101,1687642279.8265421,"['£4.75', '£4.75/75cl']",4.75,£4.75/75cl
20716,Bella Cucina Asti Vino Spumante 20Cl,https://www.tesco.com/groceries/en-GB/products/312351677,1687642279.8969312,"['£2.60', '£9.75/75cl']",2.6,£9.75/75cl
20717,Whitley Neill Blood Orange Gin 70Cl,https://www.tesco.com/groceries/en-GB/products/303215299,1687642279.990483,"['£28.00', '£40.00/litre']",28.0,£40.00/litre
20718,Tesco Finest Salted Caramel Cream Liqueur 70Cl,https://www.tesco.com/groceries/en-GB/products/280543695,1687642280.064152,"['£13.00', '£18.57/litre']",13.0,£18.57/litre
20719,E&J Brandy 70Cl,https://www.tesco.com/groceries/en-GB/products/284066907,1687642280.1318378,"['£17.75', '£25.36/litre']",17.75,£25.36/litre
20720,Glenfiddich 12Yo Malt 70Cl - Fruity,https://www.tesco.com/groceries/en-GB/products/256505345,1687642280.199595,"['£38.00', '£54.29/litre']",38.0,£54.29/litre
20721,Beavertown Neck Oil Session Ipa 10X330ml,https://www.tesco.com/groceries/en-GB/products/311680104,1687642280.2757068,"['£18.00', '£5.46/litre']",18.0,£5.46/litre
20722,Cali. By Snoop Cali. Red Wine 750Ml,https://www.tesco.com/groceries/en-GB/products/310128024,1687642280.366566,"['£11.00', '£11.00/75cl']",11.0,£11.00/75cl
20723,Gordon's Gin & Tonic 10 X 250Ml,https://www.tesco.com/groceries/en-GB/products/292645880,1687642280.435797,"['£16.00', '£6.40/litre']",16.0,£6.40/litre
20724,Tw Kempton Rhubarb & Ginger Gin Liqueur 50Cl,https://www.tesco.com/groceries/en-GB/products/301969885,1687642280.514643,"['£9.50', '£19.00/litre']",9.5,£19.00/litre
20725,Opihr Oriental Spiced Gin 70Cl,https://www.tesco.com/groceries/en-GB/products/285353514,1687642280.598402,"['£24.00', '£34.29/litre']",24.0,£34.29/litre
20726,Ara Select Block Sauvignon Blanc 750Ml,https://www.tesco.com/groceries/en-GB/products/306798232,1687642280.7036202,"['£10.00', '£10.00/75cl']",10.0,£10.00/75cl
20727,Cafedirect Decaf Machu Picchu Ground Coffee 227G,https://www.tesco.com/groceries/en-GB/products/256836707,1687642280.786023,"['£5.00', '£2.20/100g']",5.0,£2.20/100g
20728,Campo Viejo Winemakers Blend 750Ml,https://www.tesco.com/groceries/en-GB/products/308084739,1687642280.862904,"['£8.00', '£8.00/75cl']",8.0,£8.00/75cl
20729,Tesco Finest Valle De Colchagua Merlot 75Cl,https://www.tesco.com/groceries/en-GB/products/306808942,1687642280.9389188,"['£8.00', '£8.00/75cl']",8.0,£8.00/75cl
20730,Moth Espresso Martini 125Ml,https://www.tesco.com/groceries/en-GB/products/311685836,1687642281.008471,"['£3.90', '£31.20/litre']",3.9,£31.20/litre
20731,Clipper Organic White Tea 40 Bags 70G,https://www.tesco.com/groceries/en-GB/products/306501999,1687642281.1077068,"['£2.95', '£4.21/100g']",2.95,£4.21/100g
20732,Fever-Tree Light Sicilian Lemonade 4X250ml,https://www.tesco.com/groceries/en-GB/products/311936546,1687642281.189378,"['£4.00', '£0.40/100ml']",4.0,£0.40/100ml
20733,Strongbow Rose Cider 4 X 440Ml,https://www.tesco.com/groceries/en-GB/products/305729461,1687642281.286091,"['£5.60', '£3.18/litre']",5.6,£3.18/litre
20734,Barrys Tea Gold Blend Teabags 80S 250G,https://www.tesco.com/groceries/en-GB/products/273949387,1687642281.382695,"['£3.50', '£1.40/100g']",3.5,£1.40/100g
20735,Crusha Chocolate No Added Sugar 500Ml,https://www.tesco.com/groceries/en-GB/products/289725679,1687642281.478925,"['£1.95', '£0.39/100ml']",1.95,£0.39/100ml
20736,White Claw Hard Seltzer Raspberry 330Ml,https://www.tesco.com/groceries/en-GB/products/306815121,1687642281.553178,"['£2.20', '£6.67/litre']",2.2,£6.67/litre
20737,Vineyards Peach Bellini 75Cl,https://www.tesco.com/groceries/en-GB/products/301744955,1687642281.6709912,"['£3.15', '£3.15/75cl']",3.15,£3.15/75cl
20738,Innocent Wonder Green Juice 750Ml,https://www.tesco.com/groceries/en-GB/products/303415167,1687642281.7747068,"['£3.80', '£0.51/100ml']",3.8,£0.51/100ml
20739,Innocent Bolt From Blue Juice 330Ml,https://www.tesco.com/groceries/en-GB/products/303415109,1687642281.9082859,"['£2.15', '£0.65/100ml']",2.15,£0.65/100ml
20740,Tesco Finest Santo Domingo Drinking Chocolate 250G,https://www.tesco.com/groceries/en-GB/products/300400500,1687642282.0512278,"['£2.35', '£0.94/100g']",2.35,£0.94/100g
20741,Naked Green Machine Apple Banana Smoothie 300Ml,https://www.tesco.com/groceries/en-GB/products/309749321,1687642282.123549,"['£2.60', '£0.87/100ml']",2.6,£0.87/100ml
20742,Rubicon Sparkling Mango Juice Drink 2Ltr,https://www.tesco.com/groceries/en-GB/products/275290355,1687642282.26145,"['£1.80', '£0.09/100ml']",1.8,£0.09/100ml
20743,Rubicon Deluxe Mango 1L,https://www.tesco.com/groceries/en-GB/products/300457087,1687642282.337568,"['£1.90', '£0.19/100ml']",1.9,£0.19/100ml
20744,San Pellegrino Sparkling Orange Drink 330Ml,https://www.tesco.com/groceries/en-GB/products/310113018,1687642282.417133,"['£1.25', '£0.38/100ml']",1.25,£0.38/100ml
20745,Funkin Nitro Cocktails Peach On Beach 200Ml,https://www.tesco.com/groceries/en-GB/products/311260642,1687642282.570993,"['£2.25', '£11.25/litre']",2.25,£11.25/litre
20746,Sma Little Steps Plantygrow Drink 1-3 Years 200Ml,https://www.tesco.com/groceries/en-GB/products/312098412,1687642282.672043,"['£0.85', '£4.25/litre']",0.85,£4.25/litre
20747,Brew Dog Elvis Juice Grapefruit Ipa 4X330ml,https://www.tesco.com/groceries/en-GB/products/294127619,1687642282.815957,"['£6.00', '£4.54/litre']",6.0,£4.54/litre
20748,Hendrick's Gin 70Cl,https://www.tesco.com/groceries/en-GB/products/260479006,1687642282.930272,"['£30.00', '£42.86/litre']",30.0,£42.86/litre
20749,Kanonkop Kadette Cape Blend 750Ml,https://www.tesco.com/groceries/en-GB/products/306653605,1687642289.1230211,"['£12.00', '£12.00/75cl']",12.0,£12.00/75cl
20750,Tesco Italian Inspired Espresso Coffee Beans 1Kg,https://www.tesco.com/groceries/en-GB/products/311941793,1687642289.2237911,"['£9.45', '£0.94/100g']",9.45,£0.94/100g
20751,Twinings Green Tea Blend Teabag 80'S 250G,https://www.tesco.com/groceries/en-GB/products/252231012,1687642289.3094158,"['£4.50', '£1.80/100g']",4.5,£1.80/100g
20752,Beefeater Dry London Gin 70Cl Bottle,https://www.tesco.com/groceries/en-GB/products/256537013,1687642289.392694,"['£16.50', '£23.57/litre']",16.5,£23.57/litre
20753,Tesco Finest Western Australian Sauvignon Semillon 75Cl,https://www.tesco.com/groceries/en-GB/products/306825921,1687642289.484116,"['£8.00', '£8.00/75cl']",8.0,£8.00/75cl
20755,Piper Heidsieck Champagne Rose Sauvage 750Ml,https://www.tesco.com/groceries/en-GB/products/311937476,1687642289.65732,"['£48.00', '£48.00/75cl']",48.0,£48.00/75cl
20758,Tesco Finest Assams 100 Teabags 250G,https://www.tesco.com/groceries/en-GB/products/279322232,1687642289.968378,"['£2.60', '£1.04/100g']",2.6,£1.04/100g
20759,White Claw Hard Seltzer Mango 330Ml,https://www.tesco.com/groceries/en-GB/products/307758313,1687642290.045193,"['£2.20', '£6.67/litre']",2.2,£6.67/litre
20760,Purdey's Refocus Natural Energy Dark Fruit Drink 330Ml,https://www.tesco.com/groceries/en-GB/products/308473544,1687642290.14242,"['£1.50', '£0.46/100ml']",1.5,£0.46/100ml
20761,Glenfiddich Mix Pack 3X5cl,https://www.tesco.com/groceries/en-GB/products/295746410,1687642290.2717829,"['£14.00', '£93.33/litre']",14.0,£93.33/litre
20762,Tesco Finest Vanilla Chai 50 Tea Bags 125G,https://www.tesco.com/groceries/en-GB/products/279343685,1687642290.3730528,"['£1.70', '£1.36/100g']",1.7,£1.36/100g
20763,Don Simon Orange Juicy Bits 1L,https://www.tesco.com/groceries/en-GB/products/312851546,1687642290.4554439,"['£2.00', '£0.20/100ml']",2.0,£0.20/100ml
20764,Vault City Triple Fruited Mango Sour Beer 440Ml,https://www.tesco.com/groceries/en-GB/products/310662905,1687642290.549093,"['£3.50', '£7.96/litre']",3.5,£7.96/litre
20765,Freestar 0.5% Craft Beer 330Ml,https://www.tesco.com/groceries/en-GB/products/312708395,1687642290.639468,"['£1.80', '£5.46/litre']",1.8,£5.46/litre
20766,Caparelli Italian Blush 187Ml,https://www.tesco.com/groceries/en-GB/products/311789267,1687642290.710696,"['£2.00', '£8.02/75cl']",2.0,£8.02/75cl
20767,Starbucks Coconut Cappuccino 250Ml,https://www.tesco.com/groceries/en-GB/products/311790817,1687642290.811732,"['£2.10', '£0.96/100ml']",2.1,£0.96/100ml
20768,Whitley Neill Pineapple Gin 70Cl,https://www.tesco.com/groceries/en-GB/products/311795389,1687642290.918321,"['£28.00', '£40.00/litre']",28.0,£40.00/litre
20769,Bumbu Rum 70Cl,https://www.tesco.com/groceries/en-GB/products/306945047,1687642290.9872,"['£35.00', '£50.00/litre']",35.0,£50.00/litre
20770,Lofbergs Brazil Medium Roast Coffee Beans 1Kg,https://www.tesco.com/groceries/en-GB/products/311435586,1687642291.0539021,"['£10.50', '£1.05/100g']",10.5,£1.05/100g
20771,Jameson Black Barrel 70Cl,https://www.tesco.com/groceries/en-GB/products/272228286,1687642291.123443,"['£37.00', '£52.86/litre']",37.0,£52.86/litre
20772,Jura 10 Year Old Malt Whisky 70Cl - Spicy,https://www.tesco.com/groceries/en-GB/products/299335273,1687642291.214976,"['£39.00', '£55.71/litre']",39.0,£55.71/litre
20773,Tesco Vsop Cognac 70Cl,https://www.tesco.com/groceries/en-GB/products/260864116,1687642291.3084118,"['£23.00', '£32.86/litre']",23.0,£32.86/litre
20774,Red Leg Spiced Rum 70Cl,https://www.tesco.com/groceries/en-GB/products/290239361,1687642291.382263,"['£21.00', '£30.00/litre']",21.0,£30.00/litre
20775,Grahams Quinta Dos Malvedos Port 75Cl,https://www.tesco.com/groceries/en-GB/products/297419680,1687642291.4514592,"['£29.00', '£29.00/75cl']",29.0,£29.00/75cl
20776,Courvoisier V.S. Cognac 1 Litre,https://www.tesco.com/groceries/en-GB/products/250613779,1687642291.517899,"['£39.00', '£39.00/litre']",39.0,£39.00/litre
20777,Birra Moretti Premium Lager 18X330ml,https://www.tesco.com/groceries/en-GB/products/308083366,1687642291.6094441,"['£23.00', '£3.87/litre']",23.0,£3.87/litre
20778,Gordon Ramsay Intenso Rosso 750Ml,https://www.tesco.com/groceries/en-GB/products/309749119,1687642291.6775901,"['£10.00', '£10.00/75cl']",10.0,£10.00/75cl
20779,Don Carlo Nero D'avola 750Ml,https://www.tesco.com/groceries/en-GB/products/310672605,1687642291.749839,"['£10.00', '£10.00/75cl']",10.0,£10.00/75cl
20780,Dv Catena Chardonnay Historico 750Ml,https://www.tesco.com/groceries/en-GB/products/306933931,1687642291.8245,"['£12.00', '£12.00/75cl']",12.0,£12.00/75cl
20781,1000 Stories Chardonnay 75Cl,https://www.tesco.com/groceries/en-GB/products/308457339,1687642291.894009,"['£15.00', '£15.00/75cl']",15.0,£15.00/75cl
20782,Zuccardi Serie A Malbec 75Cl,https://www.tesco.com/groceries/en-GB/products/310160635,1687642291.96002,"['£14.00', '£14.00/75cl']",14.0,£14.00/75cl
20783,Laphroaig Single Malt Whisky 10Yr 70Cl - Smoky,https://www.tesco.com/groceries/en-GB/products/256706597,1687642292.027095,"['£38.00', '£54.29/litre']",38.0,£54.29/litre
20784,Vasse Felix Classic Shiraz 750Ml,https://www.tesco.com/groceries/en-GB/products/306804641,1687642292.116051,"['£12.00', '£12.00/75cl']",12.0,£12.00/75cl
20785,Planeta L Amistanza Fiano 75Cl,https://www.tesco.com/groceries/en-GB/products/309485966,1687642292.221007,"['£10.00', '£10.00/75cl']",10.0,£10.00/75cl
20786,Pure Via 100% Erythritol Nature Sweet 250G,https://www.tesco.com/groceries/en-GB/products/305438459,1687642292.296996,"['£3.35', '£13.40/kg']",3.35,£13.40/kg
20787,Gerard Bertrand Cote Des Roses 75Cl,https://www.tesco.com/groceries/en-GB/products/312363784,1687642292.367033,"['£11.00', '£11.00/75cl']",11.0,£11.00/75cl
20789,Dash Mango Infused Sparkling Water 4X330ml,https://www.tesco.com/groceries/en-GB/products/312235631,1687642292.55235,"['£4.00', '£0.30/100ml']",4.0,£0.30/100ml
20790,Belvoir Farm Botanical Soda Floral Fizz 500Ml,https://www.tesco.com/groceries/en-GB/products/312097972,1687642292.652359,"['£2.25', '£0.45/100ml']",2.25,£0.45/100ml
20791,Pink Gin 5Cl & Scented Candle Gift Set,https://www.tesco.com/groceries/en-GB/products/312369213,1687642292.7226748,"['£5.00', '£5.00/each']",5.0,£5.00/each
20792,Red Bull Sugar Free The Red Edition Watermelon 355Ml,https://www.tesco.com/groceries/en-GB/products/310161717,1687642292.7960691,"['£1.85', '£0.52/100ml']",1.85,£0.52/100ml
20793,Monster Energy Juiced Monarch 500Ml,https://www.tesco.com/groceries/en-GB/products/310675343,1687642292.912299,"['£1.80', '£0.36/100ml']",1.8,£0.36/100ml
20794,Lucozade Sport Orange 750Ml,https://www.tesco.com/groceries/en-GB/products/302012236,1687642293.0239282,"['£1.25', '£0.17/100ml']",1.25,£0.17/100ml
20795,Monster Pipeline Punch 500Ml,https://www.tesco.com/groceries/en-GB/products/303068047,1687642293.093892,"['£1.80', '£0.36/100ml']",1.8,£0.36/100ml
20796,Vocation Aoraki Dipa 440Ml,https://www.tesco.com/groceries/en-GB/products/311788029,1687642293.2088058,"['£3.75', '£8.52/litre']",3.75,£8.52/litre
20797,Britvic J20 Apple & Mango 4 X 275 Ml,https://www.tesco.com/groceries/en-GB/products/253513985,1687642298.566357,"['£4.50', '£0.41/100ml']",4.5,£0.41/100ml
20798,J20 Summer Shine Pear & Guava 4 X 275Ml,https://www.tesco.com/groceries/en-GB/products/313388396,1687642298.6699672,"['£4.50', '£0.41/100ml']",4.5,£0.41/100ml
20799,Tropicana Tropical Fruit Juice 1.5L,https://www.tesco.com/groceries/en-GB/products/313733345,1687642298.776829,"['£4.50', '£0.30/100ml']",4.5,£0.30/100ml
20800,Britvic J2o Apple & Raspberry Fruit 4 X 275Ml,https://www.tesco.com/groceries/en-GB/products/258511568,1687642298.872156,"['£4.50', '£0.41/100ml']",4.5,£0.41/100ml
20801,Britvic J2o Orange & Passion Fruit 4 X 275 Ml,https://www.tesco.com/groceries/en-GB/products/253512404,1687642298.970858,"['£4.50', '£0.41/100ml']",4.5,£0.41/100ml
20803,Strongbow Cider Tropical 4 X 440Ml,https://www.tesco.com/groceries/en-GB/products/313849180,1687642299.160599,"['£5.60', '£3.18/litre']",5.6,£3.18/litre
20804,J2o Apple & Raspberry 4X250ml,https://www.tesco.com/groceries/en-GB/products/298040127,1687642299.2315059,"['£2.65', '£0.26/100ml']",2.65,£0.26/100ml
20805,J2o Orange & Passion Fruit 250Mlx4,https://www.tesco.com/groceries/en-GB/products/298040140,1687642299.307544,"['£2.65', '£0.26/100ml']",2.65,£0.26/100ml
20806,Brewdog Arcade Made Ddh Ipa 440 Ml,https://www.tesco.com/groceries/en-GB/products/313617316,1687642299.386537,"['£4.00', '£9.09/litre']",4.0,£9.09/litre
20807,Brewdog Palm Beach Pina Colada Ipa 440Ml,https://www.tesco.com/groceries/en-GB/products/313368702,1687642299.479136,"['£3.50', '£7.96/litre']",3.5,£7.96/litre
20808,Brewdog Planet Pale Ale 440Ml,https://www.tesco.com/groceries/en-GB/products/309483692,1687642299.571808,"['£2.75', '£6.25/litre']",2.75,£6.25/litre
20809,Brothers Raspberry Ripple English Cider 500Ml,https://www.tesco.com/groceries/en-GB/products/313849341,1687642299.6685948,"['£2.45', '£4.90/litre']",2.45,£4.90/litre
20810,Brewdog Elvis Juice Ipa 440Ml,https://www.tesco.com/groceries/en-GB/products/310674027,1687642299.763577,"['£2.75', '£6.25/litre']",2.75,£6.25/litre
20811,Brewdog Punk Ipa Beer 440Ml,https://www.tesco.com/groceries/en-GB/products/308107419,1687642299.854236,"['£2.25', '£5.11/litre']",2.25,£5.11/litre
20812,Strongbow Tropical Cider 500Ml,https://www.tesco.com/groceries/en-GB/products/313622252,1687642299.94862,"['£2.30', '£4.60/litre']",2.3,£4.60/litre
20813,Northern Monk Faith In Futures Ddh Ipa 440Ml,https://www.tesco.com/groceries/en-GB/products/313756911,1687642300.037489,"['£3.50', '£7.96/litre']",3.5,£7.96/litre
20814,Northern Monk Heretic Hazy Ipa 440Ml,https://www.tesco.com/groceries/en-GB/products/313168985,1687642300.126268,"['£3.50', '£7.96/litre']",3.5,£7.96/litre
20815,Kopparberg Ginger Beer Orange 500Ml,https://www.tesco.com/groceries/en-GB/products/313833152,1687642300.2173738,"['£2.30', '£4.60/litre']",2.3,£4.60/litre
20816,Kopparberg Summer Punch 500Ml,https://www.tesco.com/groceries/en-GB/products/313503658,1687642300.310221,"['£2.30', '£4.60/litre']",2.3,£4.60/litre
20817,Old Mout Cider Berries & Cherries 500Ml,https://www.tesco.com/groceries/en-GB/products/283274639,1687642300.40363,"['£2.45', '£4.90/litre']",2.45,£4.90/litre
20818,Ciroc Red Berry Vodka 70Cl,https://www.tesco.com/groceries/en-GB/products/282243223,1687642300.5046778,"['£40.00', '£57.14/litre']",40.0,£57.14/litre
20819,Monster Energy Ultra 9 X 500Ml,https://www.tesco.com/groceries/en-GB/products/313610787,1687642300.576088,"['£10.00', '£0.22/100ml']",10.0,£0.22/100ml
20820,Monster Energy Ultra Fiesta Zero Sugar Mango 9X500ml,https://www.tesco.com/groceries/en-GB/products/313624647,1687642300.645681,"['£10.00', '£0.22/100ml']",10.0,£0.22/100ml
20822,Moth Margarita Cocktails 6 X 125Ml,https://www.tesco.com/groceries/en-GB/products/314686583,1687642300.7945511,"['£20.00', '£26.67/litre']",20.0,£26.67/litre
20823,Tails Cocktails Raspberry Cosmo Pre-Mixed 500Ml,https://www.tesco.com/groceries/en-GB/products/313958747,1687642300.863269,"['£15.00', '£30.00/litre']",15.0,£30.00/litre
20824,Pepsi Max No Sugar Mango 24 X 330Ml,https://www.tesco.com/groceries/en-GB/products/313509934,1687642300.939353,"['£10.00', '£0.13/100ml']",10.0,£0.13/100ml
20825,Twinings Earl Grey 80 Teabags 200G,https://www.tesco.com/groceries/en-GB/products/313600042,1687642301.0084548,"['£5.75', '£2.88/100g']",5.75,£2.88/100g
20826,Tassimo Costa Vanilla Latte Coffee Pods X6 203.4G,https://www.tesco.com/groceries/en-GB/products/309188431,1687642301.104324,"['£4.80', '£2.36/100g']",4.8,£2.36/100g
20827,Cafepod Craft Coffee Brunch Blend 10 Pack 55G,https://www.tesco.com/groceries/en-GB/products/306655632,1687642301.172599,"['£3.80', '£6.91/100g']",3.8,£6.91/100g
20828,Cafepod Supercharger 10 Pack 55G,https://www.tesco.com/groceries/en-GB/products/296582001,1687642301.264231,"['£3.80', '£6.91/100g']",3.8,£6.91/100g
20829,Perfect Ted Green Tea Apple & Raspberry 4X250ml,https://www.tesco.com/groceries/en-GB/products/314318297,1687642301.354589,"['£6.00', '£0.60/100ml']",6.0,£0.60/100ml
20830,Perfect Ted Green Tea Pineapple Yuzu 4X250ml,https://www.tesco.com/groceries/en-GB/products/313953234,1687642301.42266,"['£6.00', '£0.60/100ml']",6.0,£0.60/100ml
20831,Twinings Lady Grey Tea Bags X80 200G,https://www.tesco.com/groceries/en-GB/products/313512906,1687642301.500351,"['£5.75', '£2.88/100g']",5.75,£2.88/100g
20832,Tesco Finest 10 Vanilla Flavour Coffee Capsules 54G,https://www.tesco.com/groceries/en-GB/products/313734396,1687642301.603745,"['£2.90', '£5.37/100g']",2.9,£5.37/100g
20833,Tesco Finest 10 Hazelnut Flavour Coffee Capsules 54G,https://www.tesco.com/groceries/en-GB/products/313746595,1687642301.672374,"['£2.90', '£5.37/100g']",2.9,£5.37/100g
20834,Marston's Classic Beer Mixed Ale 6X500ml,https://www.tesco.com/groceries/en-GB/products/313850807,1687642301.7504692,"['£9.75', '£3.25/litre']",9.75,£3.25/litre
20835,Starbucks Colombia Coffee Pods 10 Pack 57G,https://www.tesco.com/groceries/en-GB/products/304493739,1687642301.840796,"['£4.25', '£7.46/100g']",4.25,£7.46/100g
20836,Stowford Press Apple Cider Low Alcohol 4X330ml,https://www.tesco.com/groceries/en-GB/products/313750232,1687642301.91523,"['£3.50', '£2.65/litre']",3.5,£2.65/litre
20837,Rokit Immunity Boost Coffee 10 Pods 56G,https://www.tesco.com/groceries/en-GB/products/313847412,1687642301.9812312,"['£4.00', '£7.14/100g']",4.0,£7.14/100g
20839,taylors earl grey 50 t/bags 125g,https://www.tesco.com/groceries/en-GB/products/276615956,1687642302.148763,"['£2.79', '£2.23/100g']",2.79,£2.23/100g
20840,Tea India Masala Chai 40S 100G,https://www.tesco.com/groceries/en-GB/products/275289029,1687642302.22092,"['£2.80', '£2.80/100g']",2.8,£2.80/100g
20842,Rokit 10 Pods Mind Boost Coffee 56G,https://www.tesco.com/groceries/en-GB/products/313184927,1687642302.3643,"['£4.00', '£7.14/100g']",4.0,£7.14/100g
20843,Tea India - Ginger Chai 40's 100g,https://www.tesco.com/groceries/en-GB/products/314586047,1687642302.4571362,"['£2.80', '£2.80/100g']",2.8,£2.80/100g
20844,Lucozade Sport Zero Sugar Raspberry & Passion Fruit 4X500ml,https://www.tesco.com/groceries/en-GB/products/313943471,1687642302.5313458,"['£3.50', '£0.18/100ml']",3.5,£0.18/100ml
20845,Dettol Multi Purpose Citrus Wipes 105S,https://www.tesco.com/groceries/en-GB/products/304386135,1687642308.86183,"['£3.50', '£3.33/100sht']",3.5,£3.33/100sht
20846,Febreze 3Volution Refill Orange & Cinnamon 20Ml,https://www.tesco.com/groceries/en-GB/products/312223772,1687642308.942664,"['£4.00', '£200.00/litre']",4.0,£200.00/litre
20847,Tesco Golden Topaz Fragrance Booster 275G,https://www.tesco.com/groceries/en-GB/products/295098524,1687642309.049911,"['£3.00', '£10.91/kg']",3.0,£10.91/kg
20848,Tesco Dishwashing Rubber Gloves Large,https://www.tesco.com/groceries/en-GB/products/250366823,1687642309.1216052,"['£1.35', '£1.35/Pair']",1.35,£1.35/Pair
20849,Tesco Pan Scourers 5 Pack,https://www.tesco.com/groceries/en-GB/products/267362830,1687642309.201429,"['£1.40', '£0.28/each']",1.4,£0.28/each
20850,Tesco Microfibre Cloth 4 Pack,https://www.tesco.com/groceries/en-GB/products/294643280,1687642309.2720761,"['£2.00', '£0.50/each']",2.0,£0.50/each
20851,Duck Fresh Disc Holder Lime,https://www.tesco.com/groceries/en-GB/products/299160231,1687642309.346326,"['£3.00', '£83.33/litre']",3.0,£83.33/litre
20852,Cif Citrus Bathroom Mousse 500Ml,https://www.tesco.com/groceries/en-GB/products/254870346,1687642309.424247,"['£3.00', '£6.00/litre']",3.0,£6.00/litre
20853,Tesco Fabric Conditioner Pink Diamond 1.26L 42Washes,https://www.tesco.com/groceries/en-GB/products/297472913,1687642309.49573,"['£2.15', '£1.71/litre']",2.15,£1.71/litre
20854,Dettol Big & Strong Kitchen Wipes 25S,https://www.tesco.com/groceries/en-GB/products/299258940,1687642309.564996,"['£3.00', '£12.00/100sht']",3.0,£12.00/100sht
20855,Lenor Outdoorable Pink Blossom Fabric Conditioner 55W 770Ml,https://www.tesco.com/groceries/en-GB/products/312587542,1687642309.663871,"['£3.50', '£4.54/litre']",3.5,£4.54/litre
20856,Tesco Twin Pack Sponge Bathroom Cleaner,https://www.tesco.com/groceries/en-GB/products/258237209,1687642309.759834,"['£1.15', '£0.58/each']",1.15,£0.58/each
20857,Mr Muscle Platinum Window & Glass 500Ml,https://www.tesco.com/groceries/en-GB/products/313755077,1687642309.8321228,"['£1.89', '£3.78/litre']",1.89,£3.78/litre
20858,Fabreze Antibacterial Fabric Refresher Spray Fresh Linen 375Ml,https://www.tesco.com/groceries/en-GB/products/311432785,1687642309.904784,"['£2.50', '£6.67/litre']",2.5,£6.67/litre
20859,Lenor In-Wash Scent Booster Spring Awakening 176G,https://www.tesco.com/groceries/en-GB/products/312558637,1687642309.972647,"['£3.00', '£17.04/kg']",3.0,£17.04/kg
20860,Lenor In-Wash Scent Booster Pink Tulips 176G,https://www.tesco.com/groceries/en-GB/products/314301982,1687642310.041204,"['£3.00', '£17.04/kg']",3.0,£17.04/kg
20861,Flash Kitchen Cleaning Spray Citrus 800Ml,https://www.tesco.com/groceries/en-GB/products/312581370,1687642310.119565,"['£2.49', '£3.11/litre']",2.49,£3.11/litre
20862,Zoflora Linen Fresh Concentrated Disinfectant 120Ml,https://www.tesco.com/groceries/en-GB/products/311436746,1687642310.1871748,"['£1.75', '£14.58/litre']",1.75,£14.58/litre
20863,Lenor In Wash Scent Booster Lavender & Camomile 176G,https://www.tesco.com/groceries/en-GB/products/313615249,1687642310.258682,"['£3.00', '£17.04/kg']",3.0,£17.04/kg
20864,Harpic Active Gel Fresh Power Pine 750Ml,https://www.tesco.com/groceries/en-GB/products/250108502,1687642310.33131,"['£1.30', '£1.73/litre']",1.3,£1.73/litre
20865,Cif Eco Refill Power & Shine Bathroom 70Ml,https://www.tesco.com/groceries/en-GB/products/305048120,1687642310.4006999,"['£1.45', '£20.71/litre']",1.45,£20.71/litre
20866,Tesco Solid Gel Air Freshener Cotton Fresh,https://www.tesco.com/groceries/en-GB/products/254179255,1687642310.471777,"['£0.80', '£6.67/kg']",0.8,£6.67/kg
20867,Lenor Unstoppables In-Wash Scent Booster Fresh 176G,https://www.tesco.com/groceries/en-GB/products/312104752,1687642310.5427682,"['£3.00', '£1.70/100g']",3.0,£1.70/100g
20868,Tesco Biological Liquid Detergent Super Concentrated 900Ml,https://www.tesco.com/groceries/en-GB/products/308117489,1687642310.620744,"['£2.10', '£2.33/litre']",2.1,£2.33/litre
20869,Finish Quantum All In One Dishwasher Tabs 72Pk 748.8G,https://www.tesco.com/groceries/en-GB/products/311431705,1687642310.6983318,"['£12.00', '£16.03/kg']",12.0,£16.03/kg
20870,Tesco Tall & Chunky Click Lid 30Pack 50L Bin Liners,https://www.tesco.com/groceries/en-GB/products/305979665,1687642310.771712,"['£5.90', '£0.20/each']",5.9,£0.20/each
20871,Vanish Gold Oxi Advance Stain Remover Powder 850G,https://www.tesco.com/groceries/en-GB/products/299537149,1687642310.840301,"['£7.80', '£9.18/kg']",7.8,£9.18/kg
20872,Ariel Original Washing Powder 50 Washes 3.25Kg,https://www.tesco.com/groceries/en-GB/products/312350197,1687642310.9086661,"['£11.00', '£3.38/kg']",11.0,£3.38/kg
20873,Ecover Softener Apple Blossom & Almond 50W 1.5L,https://www.tesco.com/groceries/en-GB/products/297781639,1687642310.977419,"['£5.00', '£3.33/litre']",5.0,£3.33/litre
20874,Woolite Hand & Machine Wash 750Ml,https://www.tesco.com/groceries/en-GB/products/264396662,1687642311.045504,"['£5.00', '£6.67/litre']",5.0,£6.67/litre
20875,Spontex Microfibre Cloth 4 Pack,https://www.tesco.com/groceries/en-GB/products/278631564,1687642311.1156769,"['£3.30', '£0.82/each']",3.3,£0.82/each
20876,Fairy Non Biological Washing Gel 35 Washes 1225Ml,https://www.tesco.com/groceries/en-GB/products/312705677,1687642311.1920938,"['£7.50', '£6.12/litre']",7.5,£6.12/litre
20877,Dishmatic General Purpose Refills 6 Pack,https://www.tesco.com/groceries/en-GB/products/285355512,1687642311.2873862,"['£3.00', '£0.50/each']",3.0,£0.50/each
20878,Persil Biological Liquid Laundry Detergent 38 Washes 1026Ml,https://www.tesco.com/groceries/en-GB/products/306504309,1687642311.369112,"['£7.00', '£6.82/litre']",7.0,£6.82/litre
20879,Lenor In-Wash Scent Booster Spring Awakening 320G,https://www.tesco.com/groceries/en-GB/products/312715714,1687642311.4464462,"['£6.75', '£21.09/kg']",6.75,£21.09/kg
20880,Bold Washing Gel Lavender & Camomile 24 Washes 840Ml,https://www.tesco.com/groceries/en-GB/products/312708844,1687642311.523574,"['£5.00', '£5.95/litre']",5.0,£5.95/litre
20881,Polylina Medium Plastic Tubs & Lids 8 Pack,https://www.tesco.com/groceries/en-GB/products/295747460,1687642311.624189,"['£3.70', '£0.46/each']",3.7,£0.46/each
20882,Spontex 40 All Purpose Cloths On A Roll,https://www.tesco.com/groceries/en-GB/products/252440070,1687642311.699448,"['£3.50', '£0.09/each']",3.5,£0.09/each
20883,Tesco Food Bags Click & Seal Xl 15 Pack,https://www.tesco.com/groceries/en-GB/products/297040388,1687642311.770161,"['£2.40', '£0.16/each']",2.4,£0.16/each
20884,Spontex Long Lasting Kitchen Cloth 2 Pack,https://www.tesco.com/groceries/en-GB/products/259624251,1687642311.840197,"['£3.15', '£1.58/each']",3.15,£1.58/each
20885,Method Wild Rhubarb All Floor Cleaner 739Ml,https://www.tesco.com/groceries/en-GB/products/302801316,1687642311.915178,"['£4.50', '£6.09/litre']",4.5,£6.09/litre
20886,Method Spray Shower Cleaner Ylang 828Ml,https://www.tesco.com/groceries/en-GB/products/264889822,1687642311.995851,"['£4.00', '£4.83/litre']",4.0,£4.83/litre
20887,Method Bathroom Cleaner Eucalyptus & Mint 828Ml,https://www.tesco.com/groceries/en-GB/products/259964781,1687642312.073948,"['£4.00', '£4.83/litre']",4.0,£4.83/litre
20888,Comfort Ult/C Fuchsia Passion Fabric Conditioner 58W 870Ml,https://www.tesco.com/groceries/en-GB/products/307745616,1687642312.149801,"['£5.00', '£5.75/litre']",5.0,£5.75/litre
20889,Tesco Flat Top Wheelie Bin Liners 10 Pack 240L,https://www.tesco.com/groceries/en-GB/products/254124044,1687642312.226157,"['£2.50', '£0.25/each']",2.5,£0.25/each
20890,Tesco Extra Wear Gloves Large,https://www.tesco.com/groceries/en-GB/products/276341714,1687642312.326993,"['£2.00', '£2.00/Pair']",2.0,£2.00/Pair
20891,Fairy Non Biological Washing Gel 24 Washes 840Ml,https://www.tesco.com/groceries/en-GB/products/311781745,1687642312.448403,"['£6.00', '£7.14/litre']",6.0,£7.14/litre
20892,Tesco Easy Seal Ice Cube Bags Pack 10'S,https://www.tesco.com/groceries/en-GB/products/257134119,1687642312.554952,"['£1.85', '£0.18/each']",1.85,£0.18/each
20893,Tesco Led Mini Globe Warm White 25W Bayonet Cap 2 Pack,https://www.tesco.com/groceries/en-GB/products/311765483,1687642317.099102,"['£3.50', '£1.75/each']",3.5,£1.75/each
20894,Tesco Led Mini Globe Warm White 25W Edison Screw 2 Pack,https://www.tesco.com/groceries/en-GB/products/311765477,1687642317.198344,"['£3.50', '£1.75/each']",3.5,£1.75/each
20895,Mighty Mat Scraper Mat 40 X 60Cm,https://www.tesco.com/groceries/en-GB/products/304847817,1687642317.27897,"['£4.00', '£4.00/each']",4.0,£4.00/each
20896,Odor-Eaters Ultra Comfort 1 Pair,https://www.tesco.com/groceries/en-GB/products/251995969,1687642317.3518121,"['£3.75', '£3.75/Pair']",3.75,£3.75/Pair
20897,Pet Lint Roller 4.9M (Fragranced),https://www.tesco.com/groceries/en-GB/products/264237788,1687642317.5728269,"['£3.20', '£0.10/each']",3.2,£0.10/each
20898,Tesco Rainbow Hearts Bottle 550Ml,https://www.tesco.com/groceries/en-GB/products/311520427,1687642317.651453,"['£4.00', '£4.00/each']",4.0,£4.00/each
20899,Hg Grout Cleaner Ready-To-Use 500Ml,https://www.tesco.com/groceries/en-GB/products/302348340,1687642317.737244,"['£5.00', '£10.00/litre']",5.0,£10.00/litre
20900,Yankee Candle Small Jar - Cherry Vanilla,https://www.tesco.com/groceries/en-GB/products/302738374,1687642317.8243709,"['£5.50', '£5.50/each']",5.5,£5.50/each
20901,Tesco Grey Tracker Bottle 550Ml,https://www.tesco.com/groceries/en-GB/products/309795403,1687642317.892861,"['£4.00', '£4.00/each']",4.0,£4.00/each
20902,Method Multisurface Concentrate Mango & Citrus 240Ml,https://www.tesco.com/groceries/en-GB/products/311228707,1687642317.963155,"['£4.75', '£19.79/litre']",4.75,£19.79/litre
20903,Tesco Rainbow Food Storage Set 7Pce,https://www.tesco.com/groceries/en-GB/products/311520531,1687642318.0394912,"['£6.00', '£6.00/each']",6.0,£6.00/each
20904,"Korbond Scissors Soft Touch 8""",https://www.tesco.com/groceries/en-GB/products/258194005,1687642318.1136599,"['£4.00', '£4.00/each']",4.0,£4.00/each
20905,Tesco Push Top Food Storage White 0.5L,https://www.tesco.com/groceries/en-GB/products/307788605,1687642318.189984,"['£3.50', '£3.50/each']",3.5,£3.50/each
20906,Curver Your Style Recycled Medium Blush,https://www.tesco.com/groceries/en-GB/products/310600692,1687642318.260119,"['£3.00', '£3.00/each']",3.0,£3.00/each
20907,Glade Aromatherapy Mist Diffuser Refill Calm Mind 17.4Ml,https://www.tesco.com/groceries/en-GB/products/310673512,1687642318.332181,"['£6.00', '£344.83/litre']",6.0,£344.83/litre
20908,Tesco Klipfresh Juice Jug 2L,https://www.tesco.com/groceries/en-GB/products/296663120,1687642318.400579,"['£5.00', '£5.00/each']",5.0,£5.00/each
20909,Tesco Aqua Straw Cup 450Ml,https://www.tesco.com/groceries/en-GB/products/308880085,1687642318.495544,"['£3.00', '£3.00/each']",3.0,£3.00/each
20910,Wham Studio 4.01 White,https://www.tesco.com/groceries/en-GB/products/307632583,1687642318.565433,"['£2.00', '£2.00/each']",2.0,£2.00/each
20911,Korbond Needles Machine,https://www.tesco.com/groceries/en-GB/products/255289970,1687642318.634374,"['£1.80', '£0.30/each']",1.8,£0.30/each
20912,Cherry Blossom Flat Shoe Laces Black 180Cm,https://www.tesco.com/groceries/en-GB/products/311435816,1687642318.702199,"['£2.15', '£2.15/Pair']",2.15,£2.15/Pair
20913,Scrub Daddy Dish Daddy Soap Dishwand Blue,https://www.tesco.com/groceries/en-GB/products/313174919,1687642318.7676952,"['£6.00', '£6.00/each']",6.0,£6.00/each
20914,Tesco Cloth Mop Refill Blue Grey,https://www.tesco.com/groceries/en-GB/products/310019240,1687642318.8438349,"['£2.50', '£2.50/each']",2.5,£2.50/each
20915,Cherry Blossom Round Shoe Laces Twin Pack Black 75Cm,https://www.tesco.com/groceries/en-GB/products/310845321,1687642318.9133189,"['£1.80', '£1.80/Pair']",1.8,£1.80/Pair
20916,Hook & Loop Self Adhesive White 50Cm,https://www.tesco.com/groceries/en-GB/products/267531515,1687642318.980442,"['£1.70', '£1.70/each']",1.7,£1.70/each
20917,Instant Repair Tape,https://www.tesco.com/groceries/en-GB/products/288421591,1687642319.0519192,"['£1.60', '£1.60/each']",1.6,£1.60/each
20918,Korbond Thread Poly 160M White,https://www.tesco.com/groceries/en-GB/products/258195603,1687642319.127326,"['£1.10', '£0.01/metre']",1.1,£0.01/metre
20919,Glade Aromatherapy Mist Diffuser Zen Kit 17.4Ml,https://www.tesco.com/groceries/en-GB/products/310096890,1687642319.195467,"['£15.00', '£862.07/litre']",15.0,£862.07/litre
20920,Natures Wick Large Candle Cashmere Wool,https://www.tesco.com/groceries/en-GB/products/306753032,1687642319.286837,"['£16.50', '£16.50/each']",16.5,£16.50/each
20921,Natures Wick Large Candle Sage & White Pepper,https://www.tesco.com/groceries/en-GB/products/306753061,1687642319.358606,"['£16.50', '£16.50/each']",16.5,£16.50/each
20922,Yankee Candle Medium Jar Exotic Fruits,https://www.tesco.com/groceries/en-GB/products/296953409,1687642319.428991,"['£12.00', '£12.00/each']",12.0,£12.00/each
20923,Airwick Air Freshener Essential Mist Peony And Jasmine Kit,https://www.tesco.com/groceries/en-GB/products/299153620,1687642319.497105,"['£12.00', '£12.00/each']",12.0,£12.00/each
20924,Minky Smart Fit Ironing Board Cover Pearl,https://www.tesco.com/groceries/en-GB/products/302253653,1687642319.576375,"['£10.00', '£10.00/each']",10.0,£10.00/each
20925,Tesco Grey 1L Chugger Bottle,https://www.tesco.com/groceries/en-GB/products/309795478,1687642319.645799,"['£7.50', '£7.50/each']",7.5,£7.50/each
20926,Nature Wick Scented Candle Sage & White Pepper,https://www.tesco.com/groceries/en-GB/products/306752989,1687642319.712239,"['£12.50', '£12.50/each']",12.5,£12.50/each
20927,Natures Wick Scented Candle Wild Honey,https://www.tesco.com/groceries/en-GB/products/309524092,1687642319.777469,"['£12.50', '£12.50/each']",12.5,£12.50/each
20928,Tesco Grey Sipper Bottle 750Ml,https://www.tesco.com/groceries/en-GB/products/309795432,1687642319.843337,"['£6.00', '£6.00/each']",6.0,£6.00/each
20929,Scissors Dressmaker,https://www.tesco.com/groceries/en-GB/products/278633954,1687642319.910702,"['£7.40', '£7.40/each']",7.4,£7.40/each
20930,Tesco Stainless Steel Extendable Radiator Airer,https://www.tesco.com/groceries/en-GB/products/310019580,1687642319.9763808,"['£9.00', '£9.00/each']",9.0,£9.00/each
20931,Tesco Recycled Cutlery Tray Dark Grey,https://www.tesco.com/groceries/en-GB/products/305024920,1687642320.046675,"['£4.00', '£4.00/each']",4.0,£4.00/each
20932,Cherry Blossom Sneaker Fresh 100Ml,https://www.tesco.com/groceries/en-GB/products/311685410,1687642320.116721,"['£4.80', '£4.80/100ml']",4.8,£4.80/100ml
20933,Minky Microfibre & Cotton Extra Large Dual Action Mop,https://www.tesco.com/groceries/en-GB/products/311788496,1687642320.19046,"['£7.00', '£7.00/each']",7.0,£7.00/each
20934,Tesco Wire Plate Rack,https://www.tesco.com/groceries/en-GB/products/308070681,1687642320.257069,"['£6.00', '£6.00/each']",6.0,£6.00/each
20935,Airwick Active Fresh Refill Fresh Cotton 228Ml,https://www.tesco.com/groceries/en-GB/products/313739575,1687642320.3239691,"['£6.00', '£26.32/litre']",6.0,£26.32/litre
20936,Yankee Pink Sands Aromatherapy Oil 10Ml,https://www.tesco.com/groceries/en-GB/products/310172811,1687642320.414282,"['£6.00', '£600.00/litre']",6.0,£600.00/litre
20937,Tesco Push Top Food Storage White 1.5L,https://www.tesco.com/groceries/en-GB/products/307788628,1687642320.482007,"['£4.75', '£4.75/each']",4.75,£4.75/each
20938,Tesco Rotating Organiser,https://www.tesco.com/groceries/en-GB/products/310019430,1687642320.549572,"['£8.00', '£8.00/each']",8.0,£8.00/each
20939,Airwick Active Fresh Refill Eucalyptus & Freesia 228Ml,https://www.tesco.com/groceries/en-GB/products/313361364,1687642320.6177542,"['£6.00', '£26.32/litre']",6.0,£26.32/litre
20940,Airwick Stacey Solomon Active Fresh Refill Morning Meadow 228Ml,https://www.tesco.com/groceries/en-GB/products/313500241,1687642320.7086961,"['£6.00', '£26.32/litre']",6.0,£26.32/litre
